3930 6066
874 197 976 254 PETRI
995 193 1173 252 toussani
1786 197 1836 252 ott

194 207 244 261 607

78 379 85 386 .
190 329 253 401 quia
274 336 338 385 tunc
367 336 467 383 terrem
491 323 609 382 videndo
637 323 779 380 mirabilia
819 330 892 378 tanta
921 320 987 377 moti
1002 317 1174 384 Adioidcra
1191 317 1270 373 idest
1286 317 1320 372 ad
1349 316 1495 373 dividenda
1509 319 1609 391 spolia,
1627 316 1654 372 id
1670 324 1711 373 εει
1727 325 1834 389 ereptos

190 425 261 472 sunt.
283 416 394 473 Etenim
407 416 472 472 cati
500 415 716 470 distillaverunt
744 428 863 476 manao,
881 409 945 481 quia
960 408 987 463 in
1038 405 1188 472 alimoto,
1205 421 1274 478 qnos
1289 405 1388 472 divisit,
1405 404 1836 476 aliosepostolos,aliosprophe·

191 506 301 561 modum
317 503 446 561 stillicidii
459 519 557 558 manna
572 502 606 557 de
622 501 692 557 coelo
720 498 871 556 descendit.
889 499 922 554 Et
937 497 988 553 hoc
1039 501 1079 549 tas
1093 493 1227 550 iaciendo.
1246 493 1340 565 Spolia
1354 493 1414 549 dico
1429 493 1533 565 speciei
1547 493 1656 560 ιιοιιιιιε,
1671 493 1700 548 id
1715 501 1757 548 est
1773 507 1833 564 quae

191 594 296 664 cfocie
308 592 457 661 liei,cujus
477 590 622 662 presentia
637 605 687 661 per
702 587 857 644 columnam
885 600 987 642 nosco·
1038 581 1185 637 dividendo
1207 581 1270 637 lecit
1291 580 1442 636 Ecclesiam
1458 581 1620 653 speciosam.
1635 581 1685 635 Vel
1700 581 1736 636 ita
1753 597 1759 635 :
1776 582 1834 636 Do-

192 682 282 736 batur.
299 683 333 736 lit
357 697 437 737 mons
460 680 529 737 Sino
548 696 565 734 a
587 678 663 750 facie
675 679 726 732 liei
748 677 836 732 lsrael
851 675 985 747 fumauit,
1038 669 1127 724 minus
1143 669 1218 725 dabit
1233 669 1345 725 verbum
1373 667 1632 740 evangelizantibus,
1649 677 1674 724 et
1688 669 1768 724 etiam
1782 668 1835 724 da-

191 769 246 824 ulin
258 769 358 834 littera,
375 768 484 840 quando
499 767 601 822 scilicet
622 766 713 820 Moses
728 763 862 838 ibilegem
873 762 985 834 accepit.
1038 757 1077 813 hit
1091 757 1131 813 eis
1146 757 1269 812 dividere
1283 756 1369 827 spolia
1383 755 1485 827 speciei
1500 757 1607 813 domus.
1622 756 1670 812 Vel
1686 757 1834 812 secundum

191 857 330 921 Plocium,
343 856 396 912 hoo
411 854 539 926 estquod
554 853 616 909 coeli
640 849 840 906 distillaverunt
855 849 986 921 pluviam,
1038 846 1090 900 hoc
1106 845 1280 917 distinguitur
1294 845 1455 915 praecedens
1483 843 1582 913 littera,
1599 844 1636 899 ita
1651 861 1657 898 :
1672 843 1731 899 Rex
1745 843 1834 898 virtu·

192 943 295 1000 scilicet
309 959 417 1010 manna,
433 943 638 1007 voluntariam,
655 939 757 996 scilicet
772 955 833 1010 quae
847 936 987 994 satislnce-
1039 941 1095 988 tum
1110 932 1200 990 dilecti
1215 931 1307 989 dilecti
1320 931 1440 989 141.
1452 932 1503 988 llic
1516 931 1653 1005 distingue
1671 950 1677 986 :
1693 932 1727 987 Et
1737 930 1838 1004 speciei

191 1039 232 1087 ret
244 1031 373 1087 voluntati
387 1031 461 1085 illius
476 1030 564 1104 gentis
575 1029 655 1084 avide
669 1026 841 1092 comedendi,
858 1042 989 1098 seprepa·
1038 1019 1137 1076 domus
1155 1020 1279 1076 dividere
1300 1019 1397 1092 spolia.

191 1120 240 1186 tis,
259 1122 373 1188 alteas,
385 1119 548 1174 haereditati
563 1121 629 1183 tua,
646 1115 708 1188 quia
723 1131 778 1171 non
793 1114 851 1169 aliis
861 1113 988 1185 gentibus
1073 1137 1161 1190 vm·
1178 1137 1220 1189 Η,
1232 1156 1290 1184 „
1309 1134 1337 1190 sp
1361 1131 1504 1189 dormiatis
1526 1133 1597 1188 ime,
1625 1132 1730 1190 medios
1745 1132 1834 1189 cleros

192 1206 267 1263 dedit
280 1207 352 1280 quod
367 1215 429 1262 tunc
443 1205 554 1272 Judaeis,
572 1209 599 1261 ct
615 1205 765 1273 infirmato
781 1207 823 1259 est
843 1201 988 1258 haereditas
1040 1254 1051 1278 α
1069 1247 1176 1303 poennae
1190 1231 1324 1287 columbae
1334 1229 1522 1304 deargentata,
1532 1249 1539 1297 3
1551 1238 1577 1286 0,
1591 1230 1743 1303 posterior,
1758 1229 1835 1285 domi

191 1295 226 1349 ad
242 1302 359 1365 tempus,
374 1295 437 1350 dum
455 1293 561 1350 Christo
571 1309 627 1348 non
637 1291 733 1348 credit.
755 1293 793 1348 Ta
804 1307 876 1359 vero,
889 1308 904 1344 o
915 1293 988 1347 Deus

190 1385 338 1454 perfecisti
352 1399 423 1449 eam,
440 1382 638 1449 haereditatem,
665 1380 729 1436 dum
743 1387 840 1452 gentes
870 1378 988 1450 adsap-

191 1471 359 1542 plumentum
386 1470 504 1525 admisit.
530 1471 627 1526 Postea
656 1469 770 1524 subdit:
797 1468 874 1524 Unde
896 1465 989 1538 perle-

191 1559 261 1616 cisti.
278 1560 422 1615 Animalia
445 1563 505 1626 trra,
531 1558 559 1612 id
583 1567 624 1614 est
639 1566 736 1632 gentes
759 1573 819 1630 quse
846 1563 899 1610 tuae
915 1563 987 1623 sunt,

190 1646 254 1701 dnm
265 1647 388 1716 credunt,
412 1647 579 1703 latitabant
602 1649 634 1702 ia
661 1661 704 1714 ea,
721 1644 887 1709 haereditate,
905 1643 989 1698 inest

190 1734 219 1788 in
233 1735 366 1791 Ecclesia.
399 1733 466 1803 Ωιι-ιε
480 1750 545 1790 vero
573 1733 626 1789 sint
644 1733 692 1788 illa
720 1731 857 1797 animalia,
875 1739 901 1786 et
921 1745 988 1802 quo·

192 1822 274 1877 modo
290 1822 424 1889 habitent,
439 1822 559 1893 exponit.
576 1821 660 1891 Quasi
674 1821 746 1876 dicat
761 1839 768 1875 ε
785 1819 929 1889 Quomodo
936 1819 988 1874 hoc

192 1907 262 1965 liet?
275 1909 368 1983 ling,
385 1910 521 1977 Cassiod,
536 1909 628 1982 Aug]
655 1911 737 1977 Ecce,
754 1925 770 1963 o
785 1911 866 1973 licus,
878 1907 989 1980 parasti

192 1997 244 2054 hoc
257 1999 387 2072 praepari,
405 1998 492 2071 quiin
508 1985 678 2053 se‘infirmus
706 2005 758 2063 est,
775 1995 857 2052 idest
886 1996 921 2051 ed
937 1996 989 2052 hoc

192 2085 392 2156 predestinasti
414 2101 575 2158 pauperem,
598 2092 627 2140 ut
642 2085 676 2140 sit
704 2085 731 2140 in
746 2092 793 2140 tua
819 2083 986 2140 haereditate.

191 2175 244 2230 Per
257 2175 310 2230 hoc
325 2181 400 2230 notat
415 2173 635 2245 predestinatos,
654 2173 699 2247 qui
713 2174 747 2228 ab
763 2173 871 2246 origine
894 2173 987 2228 mundi

190 2263 337 2334 prseparati
352 2271 423 2318 sunt.
440 2263 475 2319 Et
490 2265 541 2319 lroc
556 2279 611 2319 non
629 2263 656 2318 in
686 2262 758 2317 illius
787 2260 921 2328 facultate,
938 2261 988 2316 sed

190 2351 222 2406 ia
241 2351 392 2408 dulcedine
409 2355 469 2420 tao,
485 2367 540 2406 non
554 2351 646 2407 saeculi
662 2367 721 2422 quae
735 2365 829 2405 amara
839 2358 890 2409 εει.
902 2349 988 2405 sedin

190 2453 223 2494 ea
238 2437 343 2496 scilicet
357 2455 438 2512 quam
449 2440 508 2495 des.
524 2439 646 2495 Dulcedo
670 2439 720 2494 Dei
735 2446 785 2508 est,
811 2454 863 2510 qua
878 2435 907 2492 lit
937 2437 987 2492 bo-

190 2543 256 2582 num
266 2543 321 2583 non
335 2527 430 2583 timore
445 2543 544 2599 poenae,
561 2528 610 2582 sed
624 2543 716 2582 amore
730 2534 758 2582 ει
770 2525 915 2581 dilectione
925 2525 987 2594 jus-

192 2614 266 2670 titiae.
284 2616 336 2671 Per
351 2615 479 2687 quoshoc
493 2613 539 2670 liet
552 2613 566 2670 i
580 2631 630 2686 per
644 2613 871 2687 evangelizantes,
889 2613 988 2686 quibus

1040 1343 1050 1367 ι
1068 1319 1126 1388 ejus
1140 1319 1169 1374 in
1186 1319 1291 1391 pallore
1312 1317 1380 1374 auri.
1395 1339 1405 1369 ι

1076 1444 1110 1500 st
1139 1443 1288 1499 dormiatis
1315 1443 1393 1499 inter
1418 1443 1523 1498 medios
1538 1445 1627 1499 claros
1649 1442 1741 1515 [Aug]
1755 1442 1835 1498 Prius

1039 1530 1208 1604 singulorum
1222 1532 1369 1586 verborum
1384 1530 1516 1586 sententia
1531 1538 1572 1586 εει
1583 1529 1833 1598 animadvertenda,

1039 1619 1139 1674 deinde
1153 1618 1222 1674 ordo
1236 1617 1447 1674 constructionis
1474 1619 1632 1674 verborum.
1648 1618 1780 1674 Columba
1794 1627 1837 1674 est

1040 1706 1173 1773 Ecclesia,
1190 1707 1225 1761 de
1237 1721 1289 1778 qua
1304 1706 1403 1762 dieitur
1412 1705 1439 1760 in
1453 1705 1572 1762 Canticis
1588 1708 1667 1764 :Una
1676 1711 1719 1763 cst
1728 1709 1835 1764 cotom-

1039 1797 1072 1852 ιιι
1086 1811 1149 1850 mco
1159 1795 1255 1865 (Cant.
1271 1793 1317 1864 ιι.)
1330 1795 1395 1850 Hac
1410 1802 1452 1849 εει
1464 1795 1652 1868 deargentata,
1669 1794 1696 1849 id
1712 1803 1754 1850 εει
1767 1795 1837 1851 divi·

1038 1883 1080 1937 nis
1095 1882 1211 1955 eloquiis
1234 1882 1349 1938 erudita.
1366 1882 1418 1937 Per
1444 1891 1588 1954 argentum
1612 1882 1684 1937 enim
1699 1881 1834 1956 liguratur

1039 1971 1161 2027 divinum
1172 1970 1321 2043 eloquiam.
1338 1970 1415 2027 Unde
1426 1970 1491 2025 alibi
1507 1987 1514 2026 :
1530 1972 1648 2044 Eloquia
1658 1972 1771 2028 Domini
1784 1988 1834 2027 ar·

1038 2063 1164 2131 pentum,
1182 2065 1235 2114 etc.
1252 2057 1340 2128 (Prot,
1355 2058 1397 2128 u).
1419 2059 1667 2115 Pecuarotumiae
1689 2067 1751 2116 sunt
1764 2059 1833 2116 doc-

1039 2155 1114 2202 tores
1130 2146 1269 2212 Ecclesiae,
1284 2162 1334 2217 per
1348 2161 1417 2218 quos
1431 2145 1561 2202 exaltatur
1570 2146 1705 2214 Ecclesia,
1722 2155 1748 2204 ει
1758 2163 1834 2203 εειιι-

1038 2246 1089 2302 per
1102 2230 1174 2286 volat
1185 2228 1220 2286 ad
1235 2229 1310 2296 clte;
1327 2244 1443 2300 quornm
1457 2230 1652 2300 praedicatione
1677 2231 1706 2285 iu
1734 2232 1833 2287 coelum

1038 2317 1127 2374 lertur
1139 2318 1227 2388 gloria
1242 2317 1384 2373 Ecclesiae.
1401 2317 1450 2373 Vel
1463 2333 1561 2389 pennae
1571 2318 1833 2376 suntduomendcta

1039 2405 1188 2470 charitatis,
1205 2405 1233 2460 in
1261 2403 1359 2477 quibus
1383 2413 1440 2460 tola
1463 2405 1509 2460 lex
1537 2406 1638 2477 pendet
1652 2414 1679 2462 et
1692 2408 1833 2479 prophete

1038 2493 1150 2565 (llaitlr.
1175 2495 1260 2560 surr.)
1275 2495 1435 2550 Posteriora
1448 2493 1526 2550 dorsi
1535 2497 1606 2566 ejas,
1625 2494 1653 2548 id
1671 2502 1712 2550 εει
1724 2495 1836 2551 dorsum

1038 2582 1180 2648 columba,
1199 2581 1271 2654 quod
1285 2588 1400 2653 estpars
1425 2581 1567 2653 posterior,
1592 2582 1710 2666 charitas
1723 2590 1774 2639 est.
1800 2585 1836 2640 Et

1038 2669 1137 2728 dicitur
1150 2671 1203 2726 hoc
1217 2685 1233 2724 a
1248 2669 1338 2724 simili.
1360 2669 1516 2726 Posteriora
1539 2685 1658 2744 namque
1672 2671 1744 2728 dorsi
1758 2680 1833 2739 sunt,

226 2740 312 2795 Vane.
330 2743 372 2796 li.
388 2769 423 2781 -
440 2759 452 2790 ι
468 2739 601 2795 Dominus
614 2737 688 2794 dabit
709 2738 821 2796 verbum
845 2737 987 2811 evangeli·
1038 2759 1084 2814 ubi
1099 2758 1207 2815 ,adiges
1221 2757 1325 2813 ,pamm
1347 2755 1477 2831 figungur,
1495 2759 1539 2814 ,01
1551 2759 1598 2814 ubi
1612 2766 1734 2830 pompm
1747 2761 1833 2818 wop,

193 2827 337 2882 'mistim
351 2827 379 2882 ¹¹¹
389 2827 486 2884 limile
503 2827 597 2894 mulii·
614 2851 624 2875 '¹
1038 2846 1132 2916 na3ito
1145 2847 1173 2900 in
1183 2845 1315 2902 ειιιιιιειε
1326 2853 1522 2904 connectuntur
1531 2847 1582 2904 ala
1598 2847 1738 2918 Ecclesia,
1751 2847 1833 2906 idest

224 2933 362 2991 Dominus
375 2933 452 2990 dabit
463 2932 680 3006 acrtumltng.]
692 2933 726 2988 Et
741 2933 794 2990 hoc
809 2941 869 2990 est:
891 2932 986 2989 Domi·
1037 2935 1091 2992 dno
1117 2942 1255 3007 praecepta
1283 2933 1434 3001 charitatis,
1456 2951 1517 3007 quae
1532 2943 1594 2990 sunt
1607 2935 1658 2992 alae
1685 2937 1829 3004 Ecclesia,

190 3037 241 3078 nus
256 3021 347 3089 Pater,
363 3021 407 3080 vel
420 3022 552 3089 Christus,
567 3020 643 3078 dabit
658 3022 782 3089 verbum,
796 3020 899 3078 scilicet
914 3029 941 3077 et
951 3021 987 3077 ci·
1000 3019 1024 3084 C
1036 3031 1062 3080 et
1076 3023 1136 3094 ipsa
1151 3023 1270 3078 charitas
1285 3021 1564 3094 quaeinhisimpletur
1573 3032 1615 3079 εει
1623 3039 1674 3096 per
1684 3039 1766 3096 quam
1773 3040 1833 3081 om·

189 3110 264 3166 baria
280 3111 378 3183 quihus
392 3118 538 3183 pascantur
553 3111 682 3168 animalia
698 3111 988 3181 suae-troapeticaali
1036 3113 1079 3167 nis
1102 3111 1208 3169 sarcina
1231 3111 1420 3168 mandatorum
1442 3119 1483 3168 est
1507 3111 1586 3178 levis,
1608 3112 1671 3185 quia
1701 3113 1833 3187 quidquid

104 3251 108 3257 .
190 3200 253 3256 ios.
281 3200 353 3256 Ecce
376 3199 441 3273 quid
464 3207 611 3272 operantur
633 3198 768 3266 animalia,
788 3197 985 3272 evangelizant,
1037 3200 1146 3257 difficile
1174 3207 1215 3256 est
1243 3200 1270 3254 in
1294 3199 1518 3271 praeceptalem
1546 3208 1588 3256 est
1602 3201 1712 3256 amanti.
1729 3203 1831 3259 Unde:

190 3285 294 3342 scilicet
309 3293 335 3341 et
361 3288 415 3344 hoc
426 3290 460 3344 in
485 3289 592 3345 virtute
614 3287 717 3350 multo,
735 3286 839 3342 scilicet
860 3286 888 3340 in
903 3286 986 3340 multa
1038 3289 1114 3345 Onus
1128 3305 1224 3346 mcum
1239 3291 1296 3346 leae
1310 3292 1353 3346 cst
1367 3288 1478 3360 (tlcttlr.
1499 3289 1549 3360 nr),
1562 3289 1723 3360 scilicetper
1744 3291 1832 3362 Spiri-

189 3374 340 3431 conslantia
361 3373 434 3430 fidei.
459 3375 518 3443 Vel,
548 3375 647 3430 virtute
662 3374 757 3442 multe,
782 3374 886 3431 scilicet
901 3373 985 3428 mira·
1035 3385 1093 3432 tum
1107 3383 1239 3445 sanctum,
1255 3393 1289 3432 ex
1304 3392 1356 3449 qno
1371 3375 1508 3444 charitos3
1525 3391 1576 3448 per
1589 3393 1684 3432 aumm
1699 3377 1832 3452 intelllgi-

190 3461 313 3519 culorum
336 3463 421 3533 (tot).
450 3463 538 3519 Aliter
559 3463 709 3520 secundum
745 3461 827 3518 elium
856 3462 984 3530 litteram,
1036 3474 1079 3521 tur
1093 3465 1235 3537 sapientia.
1250 3464 1291 3520 lbi
1306 3480 1382 3536 ergo,
1397 3463 1426 3520 id
1439 3471 1481 3520 est
1491 3464 1524 3546 ln
1543 3465 1740 3536 posterioribus
1754 3466 1830 3523 dorsi

189 3551 324 3608 caninas
340 3551 417 3608 dabit
432 3553 553 3609 oirtotm
568 3553 675 3608 mattos
696 3552 913 3622 evangelizandi
922 3567 986 3608 ver-
1036 3561 1077 3610 εει
1089 3554 1163 3610 viror
1176 3553 1245 3622 euri,
1265 3553 1293 3608 id
1313 3559 1354 3609 εει
1368 3553 1448 3627 rigor
1472 3553 1623 3624 sapientia.
1642 3553 1726 3628 Vigor
1740 3563 1833 3611 autem

191 3639 266 3697 tom.
285 3639 353 3708 Quis
377 3639 530 3696 Dominus?
1038 3641 1176 3714 sapientiae
1203 3649 1245 3697 est
1268 3641 1405 3708 chamas,
1435 3641 1462 3697 id
1489 3650 1531 3698 est
1567 3643 1720 3713 posteriora
1756 3643 1833 3701 dorsi

1035 3746 1158 3804 congrue
1176 3730 1294 3787 charites
1318 3729 1487 3802 intelligitur,
1503 3729 1607 3786 ratione
1636 3730 1831 3800 similitudinis,

1035 3835 1091 3876 uon
1105 3819 1256 3874 substantia
1281 3818 1464 3890 pmprietatis.
1495 3817 1642 3891 [Cossiod.,
1673 3819 1755 3894 Aug]
1770 3821 1831 3890 Vel,

1036 3908 1188 3980 posteriora
1201 3907 1281 3979 hujus
1295 3907 1428 3963 columba
1450 3915 1513 3963 sunt
1531 3907 1624 3962 ultima
1638 3915 1761 3982 tempora
1775 3910 1832 3966 Ec-

226 3997 285 4052 fleit
300 3995 442 4050 vitilium
457 3995 563 4062 dilecti,
581 3993 676 4067 lang,
691 3992 986 4066 Hier.,sug.]sai1icet
1035 4007 1127 4063 olesiae
1142 4006 1244 4064 scilicet
1260 4023 1321 4079 quae
1339 4014 1418 4062 erunt
1431 4006 1459 4060 in
1472 4006 1672 4063 resurrectione
1693 4008 1832 4064 communi

188 4082 261 4139 unici
276 4082 345 4148 Filii,
362 4081 445 4137 idest
460 4083 539 4138 Pater
557 4083 603 4154 qui
615 4091 656 4138 est
684 4098 732 4138 rex
744 4157 748 4166 .
761 4083 890 4139 virtutum
914 4082 984 4149 Filii,
1014 4089 1018 4096 ’
1036 4094 1079 4151 vel
1090 4095 1117 4150 jn
1140 4094 1193 4150 fine
1212 4095 1352 4166 cujusque,
1379 4111 1438 4168 φρ
1452 4094 1479 4148 in
1495 4093 1586 4166 specie
1614 4095 1673 4150 auri
1700 4095 1831 4167 splende.

189 4171 251 4243 (ιῐ1ἰ8
265 4171 299 4225 ⁸¹³
314 4183 347 4225 0⁰
361 4170 466 4242 sittim?
479 4170 559 4242 eique
573 4171 670 4226 militm
683 4171 778 4235 Virilis
796 4187 813 4226 ἃ
828 4187 883 4251 <11¹9
894 4172 983 4243 dimi,
1036 4185 1111 4252 bunt,
1128 4184 1192 4257 quia
1206 4190 1351 4255 postquam
1365 4183 1399 4239 de
1424 4184 1526 4239 mundo
1541 4183 1605 4252 exit,
1626 4199 1828 4255 supernarum,
1844 4202 1853 4210 ··

189 4265 216 4314 θῑ
234 4257 331 4329 accipit
345 4257 468 4324 Viriuiess,
485 4258 614 4315 miracula
637 4266 663 4328 ei
684 4259 796 4315 virtutes
810 4260 919 4315 meniis.
937 4255 986 4316 Vel
1035 4273 1062 4327 id
1077 4281 1117 4329 est
1139 4271 1470 4344 incompgmbililgrluogt
1485 4271 1512 4326 in
1524 4271 1668 4340 charitate,
1681 4289 1741 4345 quae
1756 4289 1829 4328 nun.

189 4346 227 4402 ito
242 4354 271 4401 ut
285 4346 319 4401 ειι
343 4345 416 4402 idem
434 4363 482 4402 rex
511 4345 640 4403 virtutum
670 4356 697 4402 et
724 4347 851 4414 dilectus,
880 4348 1409 4437 scilicethuamexcilirtcor.1111).
1431 4360 1562 4432 llicergo
1591 4369 1705 4434 argento
1719 4369 1831 4434 propter

189 4435 323 4491 Christus.
338 4435 373 4490 Εῑ
388 4442 429 4490 esi
446 4433 536 4504 :Quis
556 4435 709 4492 Dominus?
724 4437 781 4492 Rex
795 4436 924 4492 virtutum
939 4437 983 4492 dt·
1035 4449 1214 4522 eloquentiam
1229 4457 1418 4520 comparatum
1433 4448 1470 4503 ibi
1490 4465 1566 4518 auro,
1583 4457 1696 4521 propter
1709 4449 1829 4521 plenitu.

188 4523 262 4592 lecti,
277 4524 304 4579 id
332 4532 374 4579 est
393 4522 515 4580 Christus
532 4541 579 4581 rex
600 4524 728 4580 virtutum
766 4533 882 4592 tuarum,
901 4525 985 4582 idest
1035 4539 1126 4594 (finem
1142 4537 1290 4594 chariratis,
1307 4537 1386 4606 Quod
1402 4545 1493 4593 autem
1508 4537 1545 4593 ait
1560 4540 1638 4595 snper
1655 4539 1760 4595 medio,
1770 4541 1830 4596 010.

189 4611 374 4684 ιιιιθὸῑΟῙῡιιιῐιι
391 4628 509 4679 ⁵11⁰tt¹ms
529 4620 555 4669 θῐ
570 4613 669 4669 dicitur
697 4614 748 4671 i¹⁰0
776 4630 852 4670 more
884 4615 984 4671 teletis
1035 4643 1090 4695 ros,
1103 4625 1243 4682 sciendum
1256 4633 1298 4681 est
1315 4625 1387 4697 quod
1409 4625 1511 4682 Latina
1526 4625 1626 4699 linguae
1653 4633 1724 4682 esset
1738 4626 1830 4684 dicere

189 4702 346 4773 Scriptura,
363 4700 431 4758 sicut
447 4701 545 4772 legitur
559 4701 586 4758 in
602 4702 692 4758 Veteri
706 4703 879 4759 Testamento
892 4720 897 4759 :
909 4705 985 4760 Fecit
1034 4716 1112 4771 luter
1130 4715 1237 4783 claras,
1253 4714 1302 4770 sed
1315 4729 1365 4785 pro
1379 4729 1413 4770 eo
1429 4714 1502 4786 quod
1518 4715 1671 4782 ,Dominus
1682 4716 1829 4782 internos,

190 4791 283 4856 Μθιιι,
299 4791 375 4847 sicat
396 4792 532 4864 Pioewllii
547 4793 683 4847 martana
696 4793 771 4848 llosi.
792 4792 842 4847 Vel
857 4793 894 4846 iii
911 4811 918 4847 ἔ
937 4809 984 4848 ¹¹0¹
1033 4806 1112 4860 inter
1124 4821 1169 4860 mc
1183 4812 1210 4859 et
1224 4819 1280 4869 vos,
1297 4802 1410 4860 Graecus
1425 4803 1507 4858 habet
1530 4805 1608 4860 inter
1624 4803 1749 4860 mediam
1762 4821 1830 4862 aos-

188 4879 315 4935 virtulum
331 4878 432 4946 dilecti,
450 4896 495 4950 qm
510 4888 551 4934 es!
574 4880 655 4936 Patet·
685 4880 869 4954 angelicarum
900 4880 985 4936 virtu·
1037 4893 1265 4959 trumffelinlep·
1274 4892 1399 4948 medium
1408 4909 1503 4948 meum
1514 4896 1689 4949 angurum,
1703 4892 1753 4948 Hie
1763 4908 1829 4966 ergo

188 4976 254 5034 tum,
271 4983 332 5038 <1¹1ae
346 4975 408 5023 ⁸⁰⁰²
422 4975 447 5022 ⁰¹
463 4967 547 5038 ipsius
562 4967 663 5032 diliifis
687 4969 749 5041 (titii
774 4969 813 5024 01³
827 4969 944 5040 imperti
959 4978 985 5026 el
1035 4980 1325 5037 diciturintermedios
1335 4980 1435 5050 cleros,
1447 4981 1474 5035 id
1485 4987 1526 5036 εει
1538 4980 1733 5036 intermedium
1748 4980 1831 5036 clero

188 5056 246 5128 ipse
260 5055 385 5113 diliciis·
402 5055 506 5112 Deinde
522 5056 627 5127 repetit,
654 5057 752 5113 duelli
767 5059 852 5126 (¹⁰2),
869 5058 942 5129 (lUOd
955 5056 984 5114 fit
1035 5085 1102 5135 rum,
1119 5070 1192 5141 quod
1207 5069 1259 5126 dici
1270 5069 1339 5124 solet
1354 5069 1380 5122 in
1395 5069 1436 5123 eis
1451 5069 1533 5124 rebus
1548 5083 1608 5141 quse
1622 5069 1694 5124 inter
1704 5085 1733 5123 se
1741 5067 1831 5124 solent

188 5144 223 5199 ud
238 5144 512 5210 commendationem,
531 5145 649 5200 sednon
667 5153 709 5201 est
730 5146 787 5202 lraec
818 5145 942 5217 repetitio
957 5146 983 5201 in
1034 5157 1137 5214 habere
1151 5173 1325 5214 consensum,
1344 5158 1422 5214 Unde
1436 5157 1542 5213 cumae
1553 5157 1633 5228 signo
1643 5155 1827 5214 circumcisio.

187 5231 314 5288 omnihus
329 5231 416 5303 libris,
433 5232 480 5289 sed
496 5233 553 5290 sire
575 5233 609 5288 sit
637 5233 694 5290 sire
709 5250 773 5300 noa,
789 5235 833 5291 hic
862 5243 903 5290 εει
919 5251 984 5292 sen·
1034 5246 1077 5302 nis
1090 5247 1221 5302 Dominus
1235 5246 1353 5318 loquitur
1367 5246 1557 5320 gammam,
1572 5245 1669 5302 dicens
1686 5247 1758 5304 :1100
1773 5247 1829 5302 mg

189 5335 236 5375 ⁸¹¹⁸
254 5337 260 5373 ³
277 5319 378 5386 (filiii,
394 5337 448 5377 ⁰⁰¹¹
464 5323 551 5377 ⁵011¹ffl
566 5321 601 5377 id
616 5322 680 5388 ilii,
691 5323 786 5390 sedet,
798 5323 825 5379 id
840 5332 879 5379 eil
890 5324 982 5390 eiiam·
1036 5337 1406 5392 testamentumiatermcet
1414 5339 1440 5391 ιε
1448 5334 1526 5404 (Gen.
1537 5333 1831 5404 xva),Graecushobet

226 3791 311 3847 ιιιιιιε.
329 3795 372 3847 13.
388 3821 422 3832 -
439 3813 449 3838 ι
475 3792 534 3848 ilex
562 3791 691 3847 virtutum
720 3790 811 3847 dilecti
833 3790 944 3858 dilecti;
960 3799 985 3847 et

191 3900 202 3929 ι
220 3878 321 3951 speciei
336 3879 433 3936 domus
447 3879 571 3936 dividere
586 3879 682 3952 spolia.
697 3901 708 3930 ι

221 5533 288 5589 (ιθιι
300 5535 410 5587 Cassiod.
423 5539 447 5588 ct
462 5535 594 5600 psalmodia
606 5539 677 5590 Pom.
1067 5535 1134 5594 (ιιι)
1153 5540 1273 5608 Repetitio
1286 5541 1370 5594 dilecti
1382 5552 1430 5592 nou
1442 5542 1480 5590 est
1493 5539 1517 5590 ia
1529 5541 1624 5591 Graeco.
