3870 6064
160 237 208 292 att
841 233 944 291 PETRI
957 231 1136 292 nonnam
1751 241 1803 296 att

154 359 206 414 boo
220 373 282 414 cum
296 358 364 424 Deo,
381 356 439 414 dies
453 360 514 429 cina
531 373 585 430 quo
600 357 766 414 retribuetur
789 357 823 413 ei.
840 357 954 429 Semper
968 357 1161 430 nuncnunc
1174 359 1320 426 Dotntnue,
1329 360 1411 415 bomo
1424 361 1669 432 nonpotestscire,
1683 361 1743 418 diet
1753 363 1804 418 tm·

157 444 228 501 enirn
250 443 403 501 vindicatur
429 444 457 498 in
486 444 609 516 impium,
633 451 679 498 aut
693 443 796 500 hicaut
809 444 838 498 in
853 443 951 510 tuturo,
1005 446 1717 521 maculatomm,etsimiserivideuturignaris,scit
1726 449 1803 504 Deus

155 533 178 588 si
193 549 223 588 se
237 532 380 598 convertit,
405 532 559 588 vindicatur
568 532 596 586 in
610 547 673 589 eum
687 531 741 600 bic,
762 539 792 588 ut
815 532 843 587 in
858 532 951 599 Paulo,
1004 532 1069 605 quid
1089 533 1129 589 eis
1144 533 1254 590 serviet.
1278 533 1328 590 Vel
1346 536 1430 600 navit,
1460 535 1555 608 [illan]
1571 536 1598 590 id
1613 545 1654 592 εει
1668 538 1803 609 approbat

155 621 201 693 qui
216 619 309 676 divim
322 635 390 676 voce
403 627 558 691 prostratus
572 619 704 691 resipuit;
733 619 822 676 sinon
836 635 953 676 conver·
1004 619 1135 676 Dominus
1150 621 1209 678 diea
1224 622 1469 690 immaculatorum,
1489 623 1518 679 id
1539 632 1581 679 est
1604 624 1688 680 vitam
1702 625 1802 680 imma-

153 710 184 764 tit
200 725 239 776 se,
256 707 477 763 mndicabituriu
491 723 553 763 eum
578 708 606 763 iu
632 706 736 763 tuturo.
765 706 894 780 [dicuin]
925 707 954 764 Si
1003 709 1166 776 culatorum,
1183 715 1211 766 et
1227 710 1376 768 baereditas
1391 728 1496 780 aarum,
1521 711 1575 784 [Gt.
1591 711 1652 784 int]
1666 728 1729 784 quae
1748 728 1801 784 pro

154 811 244 868 neque
258 794 396 850 blanditiis
410 811 499 868 neque
509 795 590 851 minis
599 803 673 869 aget,
689 811 769 867 poena
783 795 951 870 aggreditur.
1004 796 1101 854 mebus
1115 797 1294 855 immaculatis
1309 799 1427 866 dabitur,
1444 802 1476 856 in
1486 804 1626 857 aeternum
1636 801 1702 856 crit.

155 883 234 942 Unde
248 883 339 940 subdit
354 903 361 950 3
1039 883 1125 937 Vens.
1138 885 1182 938 20.
1205 903 1216 933 ι
1240 883 1302 938 Non
1328 882 1511 939 confundetur
1525 883 1553 938 in
1567 891 1689 955 tempore
1716 883 1801 948 malo,

189 973 277 1028 Vsus.
292 973 335 1028 it.
347 992 405 1023 -ι
419 971 547 1028 Gladium
557 969 772 1046 evaginaverunt
780 978 952 1044 peccatores3
1007 991 1018 1020 ι
1040 977 1067 1026 et
1080 969 1107 1024 in
1122 969 1219 1026 diebus
1233 969 1315 1026 lamis
1327 971 1532 1040 saturabuntur,
1562 971 1626 1045 quia
1640 979 1801 1043 peccatores

156 1083 168 1107 a
190 1049 364 1117 intenderunt
378 1075 473 1117 arcum
487 1076 607 1116 suum.»
1007 1079 1019 1110 ι
1039 1057 1177 1130 peribunt.
1197 1081 1208 1106 u

192 1148 323 1205 Gladium
336 1147 418 1204 etiam
435 1149 657 1221 evaginaverunt
670 1153 841 1221 peccatores.
858 1146 954 1221 [Aug]
1039 1147 1101 1202 Non
1115 1146 1336 1218 confundentur.
1362 1147 1456 1221 [Aug]
1485 1147 1664 1204 contunditur
1684 1148 1731 1204 ille
1754 1149 1801 1220 qui

156 1235 229 1292 Ecce
243 1243 335 1308 aperta
350 1236 530 1307 impugnatio.
560 1234 689 1309 [blena]
712 1235 740 1292 Si
754 1251 818 1292 vero
836 1249 889 1292 nec
916 1235 957 1292 sio
1004 1242 1098 1306 sperat
1112 1233 1140 1289 in
1153 1233 1274 1301 bomine,
1290 1250 1330 1302 se,
1359 1233 1403 1291 rel
1426 1235 1489 1291 alia.
1515 1235 1593 1292 Unda
1610 1253 1617 1290 ε
1633 1237 1802 1294 Maledictus

154 1321 271 1396 proficit,
293 1321 436 1379 insidietur
458 1323 538 1390 dolis,
569 1323 678 1396 quando
707 1323 778 1379 bena
805 1322 952 1396 loquendo,
1005 1323 1053 1395 qui
1061 1324 1143 1396 ponit
1152 1321 1497 1393 carncmbracbinm(lcr.
1507 1322 1585 1395 χιιι),
1596 1323 1624 1380 Si
1632 1325 1665 1379 in
1676 1328 1802 1397 tempore

155 1410 228 1468 mala
237 1411 361 1467 intendit.
376 1411 411 1466 lit
424 1411 476 1467 hoc
485 1420 535 1478 est,
552 1412 849 1468 intenderantarcum
859 1427 952 1478 tuum,
1004 1411 1088 1476 nnio,
1105 1409 1133 1465 id
1147 1417 1188 1465 εει
1208 1409 1391 1467 tribulationis
1415 1411 1569 1482 presentis,
1591 1411 1691 1484 inqua
1711 1412 1803 1484 potius

158 1499 252 1572 [Aug]
268 1499 360 1566 idest,
375 1498 463 1554 dolos.
492 1501 565 1556 Ecce
578 1499 685 1556 occulta
698 1499 877 1572 impugnatio,
894 1515 955 1570 quae
1004 1498 1167 1571 gloriantur,
1184 1501 1212 1555 et
1227 1501 1260 1555 in
1273 1498 1369 1556 diebus
1381 1499 1522 1571 famisqui
1528 1499 1612 1556 modo
1622 1500 1803 1573 suntqucndo

156 1587 190 1643 sit
203 1602 255 1659 per
268 1585 499 1658 insidiaszpostea
508 1587 598 1644 reddit
614 1587 722 1659 singuiis
736 1587 860 1660 singulis.
872 1585 955 1656 Quasi
1005 1601 1060 1642 uon
1076 1593 1117 1642 εει
1131 1586 1213 1658 plena
1226 1586 1349 1656 reiectio,
1364 1594 1392 1642 et
1406 1595 1447 1642 est
1461 1587 1546 1643 multa
1555 1587 1675 1654 miseria,
1692 1592 1806 1646 caturn-

156 1675 229 1732 dicat
243 1693 251 1730 :
267 1678 369 1732 Arcum
383 1691 463 1731 suum
473 1675 655 1732 intenderunt.
969 1674 1114 1770 Elinoi-ur
1128 1674 1156 1730 in
1171 1689 1230 1747 spe,
1253 1682 1281 1730 et
1298 1691 1374 1743 vere,
1390 1678 1457 1748 quta
1481 1681 1644 1749 peccatores
1667 1677 1806 1748 peribant

192 1764 278 1819 Vnae.
294 1766 338 1818 1ι.
354 1792 390 1804 -
406 1783 418 1814 ι
436 1764 473 1819 Ut
481 1763 616 1836 decipiant
624 1778 775 1836 pauperem
787 1771 814 1820 ει
826 1763 953 1836 inopem:
1007 1769 1110 1818 tantum
1129 1762 1176 1835 qui
1199 1761 1296 1818 ablatis
1317 1763 1498 1819 exterioribus
1518 1763 1585 1820 nibil
1605 1763 1705 1820 babent
1718 1764 1802 1833 intus,

160 1876 171 1900 a
192 1859 222 1907 ut
235 1850 363 1908 tricident
376 1857 467 1906 rectos
481 1851 573 1908 corde.
593 1875 604 1900 ι
1007 1858 1082 1907 extra
1096 1850 1258 1906 tribulantur
1272 1857 1300 1907 et
1313 1851 1396 1906 intra.
1411 1852 1490 1908 Nam.

194 1941 229 1998 iit
242 1939 387 2011 decipiant
399 1955 564 2011 pauperem,
574 1938 629 2012 [Gi.
643 1939 705 2013 int]
719 1938 766 2012 qui
775 1939 956 1996 sibinonsul-
1042 1939 1129 1994 Vnus.
1144 1942 1189 1996 ii.
1205 1968 1241 1980 -
1256 1961 1267 1986 a
1286 1939 1392 1996 lnimici
1407 1955 1472 1996 uero
1486 1938 1595 2000 Domini
1610 1954 1673 1996 mox
1699 1948 1728 1995 ut
1751 1941 1805 1996 bo-

157 2027 223 2096 iicit,
241 2031 269 2084 ct
285 2027 515 2099 inopctnquineo
526 2027 808 2098 habetspemabalio.
829 2027 957 2083 Gladium
1009 2047 1021 2077 ι
1042 2024 1173 2083 nonnoni
1192 2025 1291 2082 luerim
1306 2034 1333 2083 ει
1348 2027 1467 2098 exaltati,
1488 2027 1645 2086 deficientes
1672 2027 1806 2101 quemad·

155 2115 367 2189 evaginaverunt
381 2119 414 2170 nt
429 2115 576 2172 trucident
590 2119 682 2172 rectos
700 2116 794 2184 corde,
810 2115 957 2188 [Cassiod]
1009 2135 1021 2165 ι
1042 2115 1153 2170 modum
1167 2113 1256 2170 lamias
1271 2114 1408 2172 deficient.
1429 2139 1439 2164 a

159 2211 188 2259 ut
201 2211 346 2275 martyres,
362 2205 412 2259 sed
1042 2203 1157 2259 Inimici
1172 2203 1286 2260 Domini
1293 2221 1366 2270 uero,
1378 2202 1476 2278 [Hier.,
1485 2202 1530 2260 Gl.
1541 2203 1602 2278 int]
1610 2203 1637 2260 id
1651 2211 1692 2260 est
1702 2203 1809 2260 iuveri-

193 2291 279 2347 Vaas.
296 2294 339 2346 16.
356 2320 391 2333 -
408 2289 546 2348 «Gladius
562 2305 657 2348 eorum
668 2290 957 2364 intretincordaipso-
1008 2298 1072 2358 tata,
1088 2307 1156 2348 mcx
1167 2295 1200 2346 ut
1214 2291 1394 2362 honorificati
1403 2292 1808 2366 [cerinthonoribusetpoten

164 2399 176 2432 ι
197 2395 276 2446 rum;
293 2387 320 2436 et
333 2394 415 2436 arcus
429 2395 523 2436 eorum
536 2379 734 2454 confringatur.
750 2401 761 2431 r
1008 2379 1055 2450 tia,
1070 2383 1098 2435 et
1112 2379 1334 2452 exaltatigloria
1345 2380 1506 2450 deficientes
1527 2381 1554 2436 in
1569 2380 1701 2451 interiori,
1716 2389 1744 2438 et
1757 2398 1808 2454 pe-

196 2469 313 2526 Gladius
327 2483 425 2526 eorum
438 2471 530 2526 intret
545 2471 578 2525 in
592 2470 677 2526 corda
690 2468 902 2542 iptorum,unde
912 2484 959 2525 ve·
1009 2467 1123 2523 nitusab
1133 2466 1807 2541 omnivirtutequemadmodnmsnmucdeficicnt.

157 2564 245 2624 naret,
261 2556 407 2630 [Cassiod.,
422 2557 467 2613 Gl.
483 2557 544 2628 int]
562 2557 640 2628 quasi
654 2557 737 2626 dicat,
762 2556 913 2612 occidendo
933 2556 960 2612 in
1009 2553 1218 2629 [tupilianus
1239 2564 1341 2627 quanto
1367 2555 1428 2628 plus
1457 2557 1619 2624 extenditur,
1647 2565 1721 2613 tanto
1747 2557 1810 2629 plus

158 2659 285 2716 corpore,
311 2660 341 2700 se
364 2643 502 2701 occiderat
523 2645 551 2700 iu
575 2651 675 2712 mente,
700 2645 773 2717 quod
797 2659 852 2700 nou
880 2652 961 2701 nocet
1010 2643 1157 2712 evanescit,
1173 2644 1210 2699 ita
1223 2643 1298 2698 mali.
1317 2644 1385 2700 Nam
1403 2653 1505 2716 quanto
1519 2646 1623 2718 gratim
1649 2645 1727 2702 altior
1755 2653 1808 2714 est,

161 2733 273 2801 mactis,
298 2733 348 2789 sed
374 2733 465 2803 potius
492 2732 570 2789 dolus
595 2746 691 2788 aarum
717 2731 746 2786 iit
769 2731 867 2800 inanis,
890 2739 920 2788 ut
932 2733 960 2786 in
1010 2739 1083 2788 unta
1103 2746 1184 2788 casus
1213 2732 1332 2806 purior.
1349 2732 1398 2789 Vel
1411 2733 1450 2789 ita
1464 2733 1499 2788 ab
1514 2733 1561 2789 illo
1576 2733 1646 2790 loco.
1662 2735 1723 2791 Non
1738 2750 1808 2791 con-

162 2820 287 2894 sequenti
302 2819 410 2878 dicitur.
428 2821 544 2878 Gladius
558 2835 655 2877 corum
670 2821 761 2876 intret
772 2821 804 2875 in
821 2822 906 2878 corda
915 2821 960 2893 ip·
1010 2821 1171 2892 fundentur
1181 2823 1211 2878 in
1223 2823 1442 2894 temporciPsai.
1453 2825 1547 2892 xxiv).
1556 2821 1591 2877 Et
1601 2821 1700 2895 legitur
1706 2822 1807 2895 partim

160 2925 258 2967 aarum
271 2917 298 2966 et
312 2907 351 2966 sic
365 2907 404 2977 fit,
428 2907 521 2982 [lug]
549 2907 610 2964 Tibi
626 2907 699 2964 enim
727 2916 836 2979 nocent,
852 2924 869 2964 o
888 2909 961 2979 juste
1011 2907 1044 2964 de
1059 2909 1303 2981 praeseutipartim
1314 2909 1455 2976 defuturo,
1470 2909 1510 2966 sic
1524 2927 1582 2967 non
1593 2911 1809 2982 confundentur

161 3005 264 3054 extra:
281 2996 332 3054 sibi
356 3012 420 3054 vcro
448 2997 530 3065 intus,
553 3002 581 3052 et
599 2995 637 3052 ita
653 2996 789 3053 insaniunt
806 2997 885 3070 quasi
901 3011 962 3054 eum
1012 2998 1175 3070 intempore
1186 2995 1809 3072 maio(ibid.),idestluturiJ'udicii.(Cassiodl

161 3101 327 3162 percorpus
347 3103 425 3143 suum
446 3085 532 3142 mittat
553 3085 685 3158 gladium,
702 3094 732 3142 ut
745 3086 824 3143 cedat
842 3085 962 3143 tunicam
977 3059 1084 3142 Cb'tin
1097 3085 1193 3143 diebus
1205 3085 1293 3154 lamis,
1309 3086 1337 3141 id
1351 3094 1392 3142 est
1405 3087 1433 3140 in
1448 3087 1500 3142 hac
1515 3095 1579 3153 vita,
1600 3103 1662 3159 quae
1686 3094 1728 3143 est
1749 3087 1811 3142 dies

161 3175 281 3234 nunus.
292 3178 327 3234 lit
341 3192 532 3234 arcuscornm
543 3177 752 3248 confringatur,
764 3176 842 3232 idest
856 3175 961 3231 insidiae
1010 3173 1099 3242 lamis,
1130 3173 1239 3246 quaudo
1266 3174 1331 3230 boui
1360 3175 1482 3230 esuriunt
1508 3182 1534 3231 ει
1563 3174 1656 3230 sitiunt
1678 3175 1810 3245 justitiam

162 3264 335 3332 frustrentur,
356 3279 391 3321 ne
414 3272 531 3324 noceant
554 3264 638 3334 justo,
659 3265 704 3336 qui
731 3272 757 3320 et
783 3265 807 3320 si
831 3263 962 3336 spolietur
1012 3263 1124 3334 (ltattb.
1140 3263 1180 3334 v).
1199 3262 1393 3319 saturabuntur
1412 3282 1419 3330 ;
1437 3263 1648 3334 perSoripturas
1667 3271 1693 3319 et
1716 3280 1812 3320 exem-

162 3353 262 3410 diott:
1012 3351 1068 3423 pla,
1088 3359 1115 3406 et
1128 3367 1178 3422 per
1192 3351 1301 3407 Domini
1328 3351 1533 3422 promissiones.
1553 3351 1601 3406 ilis
1621 3351 1729 3408 duobus
1756 3352 1812 3408 ulia

198 3441 284 3498 Vm.
302 3443 345 3500 tn.
361 3469 396 3482 -
408 3458 420 3494 t
432 3440 529 3498 blelius
538 3441 815 3510 estmodicumJ'usto,
826 3455 911 3511 super
921 3440 962 3496 di·
1013 3440 1066 3495 duo
1080 3447 1177 3511 postea
1191 3439 1311 3511 opponit,
1328 3455 1414 3513 egens
1429 3440 1463 3496 da
1476 3439 1565 3508 malis,
1578 3439 1725 3513 [Cassiodl
1739 3441 1815 3498 soili-

165 3551 176 3581 ι
197 3529 279 3587 sitias
292 3535 470 3595 pacatorum
483 3529 594 3586 multas.
611 3549 624 3580 r
1014 3535 1057 3584 cet
1072 3531 1230 3600 peccatores
1244 3529 1496 3598 pertinanaciam
1517 3529 1570 3584 hoc
1593 3529 1665 3601 quod
1694 3528 1812 3594 durrat,

198 3619 297 3676 idatius
310 3621 355 3675 εει
368 3618 511 3675 modicum
520 3620 609 3691 justa,
626 3625 679 3674 etc.
695 3616 745 3675 Vel
754 3616 884 3690 itaJ'unge
892 3617 963 3673 litte·
1014 3632 1071 3673 nan
1081 3616 1304 3688 confundentur,
1317 3622 1344 3672 ει
1356 3617 1468 3674 inimici
1479 3633 1553 3684 acro,
1566 3625 1662 3673 contra
1671 3619 1725 3674 hac
1740 3619 1814 3690 quod

163 3709 291 3764 remita
304 3705 499 3779 impiusJusto,
522 3706 578 3780 [Gl.
608 3705 670 3779 int]
689 3713 780 3763 tamcn
803 3707 899 3764 ileliae
919 3710 962 3762 cst
1014 3704 1127 3772 dixerat,
1143 3704 1360 3762 saturabuntur.
1375 3705 1421 3761 Sic
1434 3704 1563 3761 boninon
1579 3705 1813 3762 contundenturin

164 3794 653 3869 modicumjuttoquodhabetcuper
663 3794 964 3867 diuitiaspcccatorum
1015 3793 1115 3860 tuturo,
1138 3793 1202 3865 quia
1216 3800 1373 3864 peccatores
1386 3800 1500 3861 tantum,
1518 3793 1644 3865 peribunt
1658 3794 1812 3864 injudicio,

163 3885 283 3955 multas,
298 3882 326 3939 id
341 3890 383 3941 εει
396 3883 462 3956 quia
474 3891 501 3940 et
513 3883 536 3940 si
551 3883 633 3939 modo
648 3897 782 3955 prospere
796 3881 886 3950 malis,
908 3897 963 3938 non
1015 3881 1080 3937 boni
1095 3882 1287 3938 saturabuntur
1300 3881 1352 3949 bic,
1369 3882 1417 3938 sed
1431 3883 1545 3940 inimici
1558 3884 1671 3940 Domini
1685 3901 1762 3950 moe,
1786 3883 1816 3940 id

164 3981 256 4030 tamen
270 3972 310 4029 sio
326 3987 436 4044 semper
450 3971 511 4029 erit.
526 3970 658 4046 [dicuin]
671 3971 706 4027 Et
720 3979 785 4028 nota
795 3971 869 4043 quod
883 3970 963 4041 paulo
1017 3978 1066 4036 est,
1078 3985 1161 4043 quam
1171 3969 1261 4026 statim
1270 3970 1449 4040 honorificati
1458 3973 1568 4044 suerint
1577 3971 1815 4040 cteeattotidefi-

164 4069 227 4118 ante
240 4061 276 4118 dc
298 4061 401 4117 malitia
414 4068 587 4132 pcccatorum
605 4067 633 4116 et
652 4059 811 4117 sustinentia
838 4061 963 4117 bonorum
1017 4061 1134 4126 cientes,
1149 4059 1242 4126 idest,
1259 4073 1341 4130 quam
1357 4059 1446 4113 statim
1462 4058 1490 4115 in
1504 4059 1590 4116 altum
1616 4060 1815 4126 conscendunt,

165 4150 239 4222 egit;
262 4148 306 4204 bic
320 4148 356 4205 de
378 4147 478 4204 divitiis
500 4149 609 4205 illorum
631 4157 659 4204 et
681 4155 839 4221 paupertate
854 4150 960 4205 horum.
1017 4154 1072 4202 tarn
1083 4147 1172 4202 statim
1187 4161 1203 4202 a
1217 4148 1329 4203 vedtcte
1341 4147 1506 4215 cadunt,nec
1519 4148 1598 4205 estin
1610 4155 1685 4204 textu
1699 4153 1734 4204 at
1745 4148 1815 4220 (73).

166 4236 239 4316 Vere
252 4235 360 4304 melius,
1017 4234 1073 4306 ipsi
1087 4235 1159 4306 diem
1177 4233 1345 4302 deficientes,
1357 4243 1386 4291 ut
1395 4235 1814 4306 uecjudiciumboniremaneat.

202 4325 288 4382 Vnus.
306 4328 350 4381 18.
367 4347 425 4373 -u
442 4323 577 4393 Quoniam
586 4325 697 4382 brachia
711 4332 888 4397 peccatorum
902 4339 965 4382 con·
1018 4324 1053 4378 Et
1066 4325 1120 4379 boo
1134 4325 1368 4397 quemadmodum
1377 4327 1485 4396 sumne,
1497 4325 1562 4397 quia
1572 4333 1671 4398 quanto
1684 4325 1745 4398 plus
1759 4325 1818 4381 ele-

169 4435 181 4466 ι
202 4421 342 4480 terentum
359 4411 500 4471 confirmat
514 4413 700 4482 autemjustos
715 4413 858 4470 Dominus.
878 4439 888 4462 u
979 4411 1122 4481 Drautur,
1142 4419 1217 4468 tauto
1230 4411 1309 4469 citius
1323 4412 1425 4469 cadunt
1439 4419 1469 4468 ut
1483 4412 1582 4469 mmus.
1604 4413 1701 4488 [ilica]
1716 4413 1765 4472 Vel
1780 4413 1818 4469 ita

206 4505 346 4573 Quoniam
356 4503 516 4570 bracbia,id
527 4510 569 4558 εει
578 4502 887 4576 potentiapcccatornm
897 4519 966 4560 aon·
1016 4508 1045 4556 ut
1054 4501 1160 4573 primus
1174 4517 1280 4571 versus,
1296 4508 1368 4557 totus
1383 4502 1417 4557 de
1431 4501 1530 4570 futuro,
1542 4503 1679 4559 secundus
1693 4503 1727 4558 de
1741 4519 1817 4573 prm·

170 4589 415 4666 terentnr,[Aug.]
427 4591 514 4662 justos
529 4599 620 4647 eutem
634 4590 775 4648 confirmat
789 4592 921 4647 Dominus
939 4591 967 4647 iu
1018 4589 1251 4662 sentilegatur,aic
1261 4607 1268 4644 τ
1278 4591 1815 4664 Nonconfundenturintcmporcmala,

168 4678 292 4736 adversis
302 4696 353 4751 per
362 4677 502 4751 spimper
512 4679 676 4750 exemplam
685 4679 802 4735 maxima
812 4695 862 4752 per
872 4695 967 4736 exem·
1017 4678 1044 4734 id
1059 4686 1100 4735 est
1111 4677 1217 4748 judicii,
1245 4683 1273 4735 et
1301 4680 1333 4734 in
1360 4678 1456 4736 diebus
1478 4681 1574 4750 samia,
1591 4679 1817 4752 scilicetquaudo

164 4768 241 4841 plum
262 4767 351 4825 crucis
374 4784 439 4825 auae.
469 4769 542 4824 Crux
570 4765 739 4827 enimiinita
762 4776 803 4824 εει
826 4767 967 4841 inparue,
1018 4766 1083 4823 mali
1092 4766 1222 4834 esurient,
1238 4767 1266 4822 in
1280 4766 1381 4823 lutura.
1400 4769 1617 4825 saturabuntur.
1646 4767 1715 4837 Quia
1743 4775 1817 4837 tunc,

168 4863 260 4912 manet
283 4856 311 4911 in
335 4855 432 4930 gloria,
457 4870 472 4912 a
490 4855 559 4912 locis
574 4855 648 4911 enim
662 4855 857 4928 suppliciorum
872 4857 968 4913 transit
1017 4860 1177 4929 peccatores
1189 4855 1333 4927 peribunt,
1359 4864 1386 4911 et
1409 4871 1464 4912 non
1479 4857 1568 4913 solum
1583 4865 1655 4922 tuno,
1672 4855 1721 4912 sed
1735 4857 1817 4912 etiam

171 4944 207 5001 ad
221 4943 323 5002 tronus
335 4944 542 5016 imperatorum.
564 4942 617 5013 Qui
632 4951 734 5000 tautum
750 4946 881 5002 honorem
896 4945 970 5001 dedit
1020 4944 1136 5012 interim,
1153 4945 1266 5000 inimici
1277 4945 1389 5002 Domini
1403 4963 1470 5004 mox
1490 4945 1678 5015 honorificati,
1695 4953 1747 5001 etc.
1760 4947 1819 5002 iioc

171 5033 339 5105 suis-pennis,
357 5032 423 5105 quid
437 5031 517 5088 iaciat
532 5031 658 5088 fidelibus
672 5033 729 5088 suis
744 5034 759 5088 i
1019 5048 1076 5088 non
1089 5040 1218 5088 mutatur.
1231 5033 1296 5088 Ideo
1311 5035 1369 5090 baec
1383 5033 1470 5104 malis,
1487 5034 1550 5107 quia

209 5121 295 5178 Vnus.
313 5125 357 5178 ta.
372 5149 407 5162 -
423 5143 434 5171 ι
451 5121 532 5178 Novit
556 5120 689 5178 Dominus
713 5121 772 5178 dies
786 5120 971 5178 immaculato-
1057 5122 1142 5177 Vnus.
1158 5124 1203 5178 22.
1215 5151 1250 5162 -
1266 5143 1278 5173 s
1296 5121 1460 5178 blutuabitur
1474 5131 1602 5195 peccator
1612 5130 1638 5179 et
1651 5137 1705 5179 non
1716 5123 1819 5184 solvet:

174 5231 184 5258 ι
207 5223 286 5276 rum;
302 5218 330 5266 et
343 5209 486 5271 haereditaa
501 5224 596 5266 eorum
609 5209 638 5266 iu
648 5218 778 5267 aeternum
794 5209 854 5267 erit.
875 5233 886 5258 ι
1021 5231 1032 5260 ι
1052 5208 1141 5278 justus
1156 5217 1248 5266 autem
1262 5211 1405 5267 miseretur
1419 5219 1445 5268 et
1465 5211 1572 5268 tribuet.
1591 5233 1603 5261 ι

206 5297 298 5354 Novit.
315 5295 408 5371 [bug]
430 5296 512 5367 Quasi
527 5297 600 5356 dicat
615 5317 622 5354 ι
640 5298 782 5369 Quomodo
805 5296 969 5355 confirmat?
1019 5299 1192 5356 itamabitur
1216 5305 1347 5371 peccator
1366 5305 1395 5358 et
1408 5317 1466 5358 non
1480 5303 1577 5358 totuet.
1594 5299 1688 5374 [bug]
1704 5301 1753 5356 liic
1769 5315 1820 5358 co-

201 5501 254 5560 nii>
264 5501 363 5554 Gracia
375 5503 458 5566 tamen
469 5501 558 5567 innuit,
571 5506 606 5568 at,
620 5503 715 5556 esseda
727 5503 796 5555 textu
809 5517 850 5568 aa.
860 5519 881 5556 a
892 5511 1010 5565 titanas..
1019 5511 1097 5559 aaziae.
