3906 6056
133 160 204 214 libi
461 154 715 214 collectarum
734 155 772 212 ΙΝ
788 153 897 212 EPIST.
917 155 955 211 Ι).
978 154 1092 212 PAULI.
1108 184 1142 200 -
1157 157 1195 214 IN
1212 157 1267 214 ΕΡ.
1288 159 1335 214 ΑΙ)
1355 157 1440 215 nont.
1708 159 1777 216 tlte

131 279 206 352 quod
218 278 316 352 probet
329 276 391 348 lob,
408 278 453 351 qui
467 277 517 334 luit
531 293 564 334 ex
576 277 639 334 filiis
663 279 747 345 Esau
772 276 881 349 quintus
895 277 930 332 eb
943 277 1040 349 Aipse
1054 277 1127 349 iecit,
1144 295 1199 336 nnn
1212 280 1324 352 inuenit,
1341 297 1396 338 non
1415 298 1448 338 er
1470 280 1608 354 operibus,
1635 281 1704 340 siout
1731 295 1780 336 oe-

130 368 279 436 Abrehem,
291 369 487 439 booestnepoe
497 367 580 422 Esau.
594 364 932 440 [August.]Deindeexpo
981 366 1090 422 tendit:
1107 383 1161 423 non
1177 384 1228 440 pro
1242 370 1347 425 meritis
1370 370 1587 442 praecedentibus
1610 369 1676 426 illud
1694 367 1779 426 luisse

130 455 172 511 nit
185 455 244 528 ipse
258 455 406 528 Apostolus
420 455 610 512 auctoritatem
624 454 756 524 subdens,
772 455 802 511 td
815 458 859 511 cat
873 471 931 510 noo
982 455 1095 522 dictum,
1111 455 1149 511 ite
1164 472 1215 512 uec
1227 473 1278 528 pro
1291 457 1387 513 futuris
1406 459 1509 515 meritis
1523 459 1663 516 amborum
1677 457 1778 514 dictum

131 546 182 618 qui
194 545 251 615 fittt
265 545 363 601 cornia
377 547 455 610 sunt,
468 543 499 604 tt
508 550 570 598 aunt
579 543 635 614 filii
647 543 709 613 Dei,
720 543 794 598 idem
801 549 844 597 εει
858 541 932 616 quod
980 541 1065 599 fuisse
1080 543 1124 600 hic
1138 544 1269 600 ostendit.
1290 543 1374 613 Quasi
1389 546 1462 602 dicat
1477 565 1484 602 :
1497 547 1570 604 Dico
1579 563 1634 602 non
1644 561 1695 618 pro
1709 561 1779 617 prae·

130 632 180 689 filii
194 633 320 700 Abrabee,
336 633 363 688 id
381 639 423 688 εει
438 647 493 688 non
507 626 793 703 sunthur'nenooperc
808 628 855 686 lilii
869 630 929 698 Dei,
982 631 1142 687 cedentibus
1165 631 1279 700 meritis,
1306 633 1370 688 illud
1393 633 1495 690 dictum
1518 651 1589 692 esse.
1615 634 1693 699 item,
1717 632 1780 691 dico

129 722 180 779 aad
193 722 242 794 qul
254 725 324 778 aunt
337 721 392 790 filii
405 719 612 794 promissionis,
627 719 656 775 id
675 719 777 791 estqui
800 719 858 775 sola
880 719 931 774 Dei
981 719 1063 792 quod,
1080 736 1139 776 oon
1153 737 1190 776 ee
1205 720 1549 794 operibus,bonisiuturis,
1565 721 1707 792 velmede,
1719 738 1780 795 quae

130 808 312 882 promissione
338 815 515 881 generentur,
530 815 559 863 ut
582 808 667 875 isaac,
691 810 876 864 aestimaretur
898 808 931 864 ira
981 806 1052 863 bona
1066 807 1110 864 vel
1124 809 1196 864 mala
1211 825 1266 864 non
1281 817 1359 866 erent
1375 809 1475 877 lutura,
1498 810 1552 865 nisi
1575 810 1700 882 apposite
1720 825 1781 882 gre·

131 899 252 965 semine,
265 896 330 968 quie
344 912 377 952 ex
401 895 451 953 Dei
474 895 617 954 vocatione
641 904 713 951 eunt.
739 895 817 967 Quod
840 902 931 951 autern
982 895 1030 963 tia,
1046 895 1090 952 vel
1104 896 1252 964 subtracta,
1268 899 1317 954 aad
1327 914 1364 954 ea
1378 903 1505 965 vocante,
1522 896 1565 955 rel
1580 914 1613 954 ex
1627 897 1780 967 aocetione,

131 989 210 1043 lsaec
225 1002 258 1042 ex
272 985 322 1041 Dei
335 984 521 1057 promissione
534 984 578 1052 sit,
595 984 715 1040 ostendit
739 1001 772 1042 ex
785 983 853 1056 ipsis
867 1000 930 1041 ver·
980 983 1008 1038 id
1024 991 1066 1039 est
1081 1000 1114 1040 ex
1128 985 1216 1056 gretie
1239 985 1362 1042 vocantis
1378 986 1438 1055 Dei,
1453 987 1563 1042 dictum
1582 990 1626 1042 eat
1643 987 1679 1054 ei,
1699 985 1728 1041 id
1742 992 1782 1042 εει

131 1074 174 1130 bis
189 1072 378 1146 promissionis
393 1073 514 1129 subdens
530 1091 537 1128 :
981 1072 1113 1130 Rebeccae
1128 1073 1155 1128 in
1171 1073 1283 1140 Genesi,
1300 1075 1352 1130 hoo
1366 1073 1479 1142 scilicet,
1494 1076 1586 1145 major
1602 1075 1706 1131 serviet
1724 1075 1781 1130 mi-

168 1163 254 1219 vrrs.
270 1165 344 1220 9-13.
361 1192 397 1202 -
414 1182 426 1213 ‹
449 1161 642 1218 Promissionis
657 1160 730 1217 enim
750 1161 864 1218 uerbum
878 1162 931 1218 boo
980 1163 1057 1217 nori.
1078 1160 1158 1229 Quod
1174 1162 1209 1217 ad
1223 1162 1342 1218 litteram
1358 1162 1392 1218 de
1412 1161 1466 1217 illis
1480 1163 1587 1218 duobus
1601 1161 1731 1218 iratribus
1744 1162 1783 1218 ite

133 1258 205 1308 «est
220 1269 226 1306 :
244 1251 400 1307 Secundum
416 1251 467 1308 hoo
483 1258 591 1324 tempus
605 1250 723 1316 ueniam,
740 1257 765 1306 ει
780 1249 831 1306 erit
855 1250 930 1307 Sarae
980 1256 1071 1320 potest
1101 1249 1236 1322 intelligi,
1271 1250 1298 1306 id
1321 1259 1363 1306 eet
1384 1251 1459 1306 Esau
1489 1249 1615 1322 proficiet
1633 1250 1712 1306 fratri
1732 1265 1782 1307 suo

133 1337 245 1395 «filius.
266 1340 328 1396 Non
350 1339 438 1397 solum
461 1346 554 1396 eutem
573 1339 629 1408 illa,
655 1339 704 1394 aed
719 1346 745 1394 et
760 1338 883 1396 Rebecca
897 1354 931 1394 ex
979 1337 1062 1393 Jacob
1077 1339 1268 1410 persequendo
1295 1354 1377 1406 eum3
1393 1337 1456 1394 boni
1480 1337 1552 1394 enim
1575 1354 1607 1394 ex
1632 1337 1783 1395 afflictioni-

133 1450 143 1474 ι.
160 1443 216 1484 uno
239 1427 384 1486 concubitu
407 1427 511 1483 habena
534 1428 612 1484 lseac
637 1427 724 1499 patris
751 1426 845 1483 nostri.
862 1426 930 1482 Cum
981 1424 1031 1481 bus
1045 1425 1180 1482 melorum
1196 1425 1352 1497 proliciunt,
1369 1427 1435 1483 dum
1450 1443 1545 1483 eorum
1560 1427 1691 1498 patientie
1706 1443 1783 1484 exer-

133 1539 144 1565 ι
161 1515 234 1572 enim
248 1516 368 1572 nondum
383 1515 438 1571 neti
454 1514 579 1583 luissent,
596 1523 642 1571 aut
657 1515 761 1587 aliquid
775 1515 840 1570 boni
858 1514 931 1586 egis·
981 1521 1058 1570 cetur
1070 1514 1158 1586 (ili).
1178 1515 1228 1571 Vel
1244 1516 1279 1571 ad
1294 1515 1422 1584 litteram,
1438 1517 1491 1573 lroo
1506 1516 1586 1572 etiam
1602 1515 1681 1572 aliter
1693 1523 1784 1588 potest

132 1610 222 1660 «sent
236 1611 284 1660 eut
297 1603 373 1672 mali,
397 1611 426 1658 ut
447 1604 597 1660 secundum
621 1603 782 1661 electionem
805 1601 931 1676 proposi·
944 1602 1044 1693 Bdici,
1067 1603 1131 1675 quia
1154 1603 1264 1659 idumei
1289 1605 1334 1677 qui
1350 1605 1384 1660 de
1406 1605 1480 1660 Esau
1500 1604 1710 1673 descenderunt,
1736 1603 1782 1677 qui

132 1716 143 1742 ιι
162 1700 218 1748 turn
232 1692 283 1749 Dei
296 1698 429 1758 maneret,
456 1707 511 1747 non
534 1707 567 1748 ex
591 1692 731 1763 operibns,
757 1691 806 1746 sed
827 1707 860 1747 ex
880 1707 930 1747 vo·
981 1690 1063 1746 etiam
1079 1691 1164 1748 Edom
1180 1692 1288 1761 dicitur,
1314 1693 1413 1749 subditi
1436 1693 1544 1749 fuerunt
1566 1693 1629 1748 filiis
1645 1693 1740 1763 lsmel,
1756 1701 1782 1749 ει

132 1802 144 1834 ι
161 1787 240 1837 cente
253 1780 352 1836 dictum
369 1787 410 1835 εει
424 1779 449 1836 ei
468 1796 474 1834 :
500 1779 572 1849 Quia
585 1780 672 1850 major
696 1779 798 1836 serviet
819 1779 929 1848 minori,
981 1778 1146 1852 intempore
1162 1781 1249 1837 barin
1265 1780 1304 1836 eis
1320 1781 1493 1849 servierunt;
1510 1782 1558 1837 sed
1584 1781 1673 1854 magis
1687 1782 1716 1837 in
1730 1782 1784 1839 heo

132 1891 144 1921 ι
162 1869 232 1926 sicut
246 1869 377 1941 scriptum
392 1874 434 1924 εει
450 1883 456 1922 :
471 1868 556 1924 Jacob
567 1867 659 1940 dilexi,
675 1868 748 1923 Esou
763 1875 853 1923 autem
867 1868 931 1924 odio
980 1868 1123 1940 prophetia
1139 1868 1297 1937 intenditur,
1315 1870 1388 1942 quod
1412 1869 1531 1942 populus
1550 1870 1707 1927 ludaeorum
1720 1873 1781 1926 ma·

131 1981 143 2006 α
160 1958 252 2016 habui.
271 1977 283 2007 a
977 1957 1032 2026 jor,
1048 1957 1076 2012 id
1090 1965 1131 2013 εει
1145 1956 1173 2012 in
1188 1958 1260 2014 cultu
1275 1957 1356 2013 unius
1378 1958 1428 2014 Dei
1444 1959 1528 2030 prior,
1554 1958 1664 2027 minori,
1689 1958 1717 2014 id
1741 1965 1783 2015 eet

173 2046 383 2111 Promissionia,
413 2051 466 2101 etc.
491 2045 527 2100 Et
550 2044 628 2117 quasi
652 2044 712 2117 quis
736 2052 872 2117 quereret
896 2061 931 2101 an
980 2045 1125 2116 posteriori
1156 2045 1259 2117 populo
1284 2045 1498 2103 Christianorum
1524 2054 1598 2104 esset
1620 2046 1780 2104 servitanus.

129 2138 208 2192 lseec
229 2142 256 2190 et
282 2133 465 2207 promissione
484 2141 535 2200 est,
559 2133 707 2206 respondet
733 2133 835 2205 utique,
868 2149 932 2207 pro-
980 2133 1067 2188 ludaai
1082 2149 1199 2206 nemque
1214 2134 1332 2205 capsarii
1346 2135 1433 2191 nostri
1448 2143 1523 2201 sunt,
1539 2135 1584 2208 qui
1606 2135 1686 2191 nobis
1706 2135 1782 2192 codi-

129 2225 275 2281 missionis
291 2225 367 2280 enim
382 2223 496 2280 verbum
508 2222 558 2278 boo
575 2227 628 2288 eat,
648 2221 675 2276 in
699 2221 809 2278 Genesi.
826 2223 931 2279 Secun-

130 2313 198 2369 dam
214 2312 264 2370 boc
276 2316 397 2384 tempus,
418 2311 522 2368 scilicet
537 2311 633 2366 eodem
648 2309 692 2366 die
707 2310 830 2366 revoluto
849 2326 929 2378 anno,

129 2403 243 2457 veseima
258 2400 294 2456 ad
316 2407 387 2468 te,o
410 2399 558 2467 Abraham,
585 2407 612 2455 et
636 2399 688 2454 hoc
709 2397 823 2456 efficiam
847 2399 929 2471 quod,

130 2490 186 2546 crit
201 2489 278 2559 liliata
299 2489 385 2553 Scroe,
402 2488 431 2543 id
454 2494 496 2544 εει
519 2487 592 2560 quod
613 2487 681 2543 Sara
705 2487 815 2543 habebit
836 2486 930 2543 fitium.

129 2579 192 2635 Non
202 2578 294 2634 cotom
304 2580 401 2636 actem
411 2577 473 2644 illo,
486 2576 589 2632 scilicet
604 2575 679 2642 Sara,
701 2574 795 2632 babuit
813 2575 931 2648 promis-

128 2665 244 2734 sionem,
274 2668 322 2722 sed
345 2665 426 2722 etiarn
444 2666 562 2722 Rebecca
594 2665 689 2721 hebuit
712 2665 929 2737 promissionem,

131 2753 236 2811 babens
247 2755 352 2812 scilicet
365 2753 434 2810 duos
449 2753 530 2822 filios,
546 2769 583 2810 ee
601 2770 658 2810 ano
669 2753 821 2810 concubitu
835 2754 931 2822 isaac,-

127 2845 181 2903 hoc
196 2843 271 2912 dicit,
287 2859 321 2899 ne
336 2843 493 2899 viderentur
506 2841 600 2898 merita
623 2851 766 2914 parentum
790 2857 851 2898 esse
875 2841 930 2897 dii-

981 2237 1028 2278 ces
1043 2228 1161 2292 portent.
1177 2223 1255 2278 Sicut
1271 2222 1350 2279 45
1366 2223 1506 2296 scriptum
1521 2223 1571 2280 εἐι.
1585 2222 1668 2293 Quasi
1682 2223 1756 2280 dicat
1772 2241 1779 2279 :

981 2311 1022 2365 Ita
1033 2311 1084 2366 hoc
1098 2326 1131 2366 ex
1146 2311 1234 2383 gratie
1249 2311 1351 2367 dictum
1366 2319 1408 2367 εει
1420 2312 1447 2366 in
1461 2311 1573 2378 Genesi,
1583 2328 1645 2368 cum
1660 2312 1781 2369 nondum

980 2397 1037 2453 neti
1052 2406 1155 2465 essent,
1172 2399 1220 2455 sed
1240 2399 1381 2466 nescituri,
1398 2399 1468 2456 sicut
1488 2399 1635 2458 blalechias
1658 2399 1724 2456 dicit
1746 2399 1781 2456 de

981 2487 1084 2544 eisdem
1112 2488 1169 2557 jam
1190 2488 1337 2559 preteritis
1359 2488 1464 2545 scilicet
1487 2488 1559 2562 quod
1582 2488 1667 2545 Jacob
1691 2488 1782 2562 gretie

981 2575 1140 2644 sitelectus,
1167 2593 1221 2632 non
1236 2577 1343 2644 merito,
1368 2579 1441 2633 Esau
1462 2593 1528 2634 vero
1551 2577 1690 2634 subtracta
1714 2592 1783 2649 gras

980 2664 1017 2720 tie
1033 2665 1067 2720 sit
1081 2666 1253 2736 reprobatus.
1270 2666 1304 2720 Et
1318 2666 1371 2722 boc
1383 2673 1424 2722 εει
1448 2666 1520 2738 qtrod
1543 2666 1591 2733 eit,
1616 2664 1687 2722 sicut
1708 2665 1779 2722 scri·

979 2761 1056 2826 ptum
1071 2761 1112 2809 εει
1124 2753 1151 2808 in
1170 2753 1312 2811 llalechia.

1016 2842 1098 2899 tecet
1108 2842 1209 2909 dilexi,
1224 2845 1300 2898 Esou
1318 2846 1416 2902 uatem
1436 2842 1498 2901 odio
1516 2842 1610 2900 bubni.
1630 2842 1779 2917 [Ambros]

128 2932 245 2990 ferentin
257 2932 285 2987 in
298 2931 446 3006 generetis.
463 2931 524 2988 Non
536 2931 608 2988 enim
622 2938 711 3002 potest
737 2931 790 2988 dici
806 2939 869 2986 tuuc
883 2947 931 3006 ge-
980 2929 1124 2986 Sciendum
1141 2930 1214 3003 quod
1228 2931 1345 2986 alterum
1368 2931 1451 3003 elegit
1464 2931 1646 3002 praescientia,
1662 2933 1778 2988 alterum

129 3021 202 3078 nitus
217 3022 299 3088 Esau,
318 3021 426 3094 quando
441 3027 570 3092 parentes
588 3019 662 3086 mali,
687 3026 714 3074 et
734 3025 797 3074 tunc
819 3019 928 3094 genitus
945 2989 1090 3088 Ospreuit,
1107 3025 1132 3073 ει
1147 3018 1175 3072 in
1190 3018 1236 3073 illo
1251 3034 1332 3090 quem
1346 3018 1429 3091 elegit
1454 3020 1622 3090 propositum
1646 3019 1696 3075 Dei
1715 3035 1776 3074 me·

127 3110 213 3168 Jacob
245 3110 355 3184 quando
384 3116 511 3181 parentes
534 3115 613 3165 erant
647 3107 724 3164 boni.
751 3108 825 3164 lsanc
854 3107 925 3175 dico,
976 3113 1031 3172 net,
1047 3105 1074 3160 id
1085 3112 1127 3161 εει
1137 3105 1274 3177 impletur,
1293 3106 1357 3178 quie
1379 3105 1415 3160 ita
1430 3106 1520 3162 evenit
1541 3115 1570 3161 ut
1595 3107 1733 3178 praesciit3
1750 3114 1777 3164 et

126 3195 228 3274 patris,
236 3199 265 3254 id
279 3205 317 3255 εει
339 3197 510 3267 institutoris,
531 3198 633 3266 nostri,
650 3213 731 3269 quero
745 3195 849 3253 scilicet
862 3195 926 3251 imi·
976 3194 1003 3248 in
1016 3193 1065 3249 illo
1081 3210 1160 3266 quem
1175 3194 1278 3265 sprevit
1292 3193 1417 3250 similiter
1439 3200 1539 3265 menet,
1563 3195 1625 3267 quia
1645 3195 1684 3252 ile
1698 3194 1727 3251 fit
1746 3202 1777 3252 ut

127 3289 176 3346 teri
199 3288 341 3354 debemus,
368 3287 391 3342 εἰ
414 3287 539 3342 volumus
563 3302 625 3342 esse
647 3284 695 3340 filii
719 3286 779 3341 Dei.
804 3287 838 3340 Et
862 3292 927 3341 note
975 3282 1103 3354 praesoiit,
1120 3283 1172 3339 hoc
1186 3290 1277 3339 eutem
1293 3283 1365 3355 quod
1380 3283 1495 3340 hebetur
1507 3284 1536 3338 in
1559 3283 1699 3351 Malachiae,
1723 3283 1776 3341 sci·

127 3377 200 3451 quod
220 3375 366 3448 promissio
387 3373 461 3432 lacte
482 3375 555 3431 Sarae
578 3373 696 3430 ostendit
718 3374 792 3447 quod
816 3381 927 3445 propter
975 3371 1038 3428 licet
1052 3371 1136 3428 Jacob
1151 3371 1245 3440 dilexi,
1261 3373 1335 3428 Esau
1350 3380 1440 3428 autern
1468 3371 1532 3428 odio
1553 3372 1645 3428 habui.
1667 3373 1726 3428 lam
1741 3373 1776 3430 de

127 3482 217 3542 genus
236 3464 326 3522 nullus
348 3463 506 3531 salvabitur,
529 3478 592 3520 oum
610 3462 709 3518 Ismael
733 3463 768 3519 de
789 3462 926 3518 Abraham
971 3460 1075 3532 judicio
1090 3460 1156 3518 dicit
1171 3461 1254 3517 Deus.
1270 3461 1339 3516 lllud
1352 3476 1428 3529 vero,
1452 3461 1555 3518 scilicet
1567 3462 1653 3532 major
1678 3462 1778 3518 seruiet

126 3563 207 3611 natus
228 3554 391 3630 reprobatus
414 3553 457 3618 eit,
480 3551 514 3608 de
549 3567 602 3627 quo
630 3551 827 3608 ecdemtsaao
846 3558 926 3606 natus
974 3549 1082 3620 minori,
1106 3549 1141 3606 de
1171 3549 1344 3621 praescientie
1367 3550 1418 3619 ait,
1441 3551 1609 3622 presciendo
1624 3550 1696 3607 enim
1711 3550 1777 3623 quid

127 3642 187 3699 sole
211 3642 298 3718 gmtia
319 3649 361 3698 εει
380 3641 508 3698 salvatus.
532 3643 585 3696 lste
604 3655 671 3697 uero
689 3639 832 3712 promissio
855 3639 926 3696 lecte
975 3638 1091 3710 quisque
1104 3638 1211 3694 illorum
1233 3637 1340 3693 iuturus
1363 3645 1446 3704 esset,
1462 3637 1528 3693 dixit
1542 3638 1609 3694 illud
1624 3639 1652 3693 in
1673 3638 1775 3695 Genesi

127 3732 270 3799 liebeccae,
296 3730 415 3788 ostendit
443 3729 517 3802 quod
540 3736 651 3802 propter
674 3729 777 3784 nullum
799 3728 925 3783 meritum
974 3728 1059 3782 Deus.
1072 3727 1104 3782 lit
1112 3726 1251 3782 dumillud
1260 3725 1421 3796 prediceret
1435 3742 1465 3782 se
1473 3726 1775 3797 futurorumpraesciuna

127 3837 217 3889 suum,
234 3820 277 3876 vel
302 3827 444 3892 parentum
467 3818 566 3889 aliquia
585 3817 701 3890 eligitur,
719 3817 768 3872 sed
783 3817 840 3872 eola
859 3833 925 3890 gra·
975 3815 1103 3880 ostendit,
1122 3821 1148 3870 ει
1163 3815 1201 3869 nil
1216 3815 1320 3886 absque
1334 3830 1384 3870 sua
1398 3815 1570 3886 prescientia
1585 3814 1679 3871 venire
1693 3829 1776 3885 posse

127 3909 163 3968 tia
179 3911 264 3982 (att).
282 3905 499 3980 Vigilantissime
512 3906 595 3979 igitur
616 3905 663 3970 ait,
688 3922 721 3962 ex
744 3920 798 3960 uno
822 3919 925 3962 coucu·
974 3903 1145 3960 monstravit.
1162 3905 1220 3959 Hoc
1235 3902 1309 3957 aliud
1336 3919 1403 3959 vero
1427 3902 1500 3975 quod
1523 3902 1551 3956 in
1573 3901 1703 3958 llalaohia
1721 3909 1773 3970 est,

125 3997 195 4064 bitu,
211 4013 246 4052 ne
260 3995 383 4070 paternis
405 3995 509 4050 meritis
532 3994 576 4050 uel
597 3993 729 4050 maternis
752 3993 923 4060 tribueretur,
975 3992 1009 4047 de
1020 3991 1076 4060 jam
1090 3991 1234 4063 praeteritis
1249 3990 1355 4057 dicitur,
1372 4007 1405 4048 ex
1419 4005 1536 4062 quorum
1560 3990 1616 4047 vita
1629 3999 1691 4046 ante
1713 3997 1774 4047 eote

128 4086 203 4160 quod
218 4086 288 4142 alter
302 4085 400 4154 bonus,
416 4083 484 4140 alter
497 4083 587 4139 melus
609 4082 667 4138 luit.
685 4081 753 4138 Cum
767 4084 854 4148 enim,
871 4089 924 4138 eto.
974 4087 1001 4136 ει
1014 4079 1144 4151 operibus
1159 4078 1318 4150 apparebat,
1334 4079 1451 4135 alterum
1466 4079 1636 4145 salvandum,
1657 4079 1773 4136 alterum

126 4175 212 4246 Quasi
252 4173 347 4231 dicat:
372 4173 498 4231 Rebecca
527 4171 620 4227 habuit
648 4170 868 4242 promissionem,
900 4179 926 4227 et
974 4167 1167 4230 damnandum,
1184 4174 1210 4222 ει
1224 4164 1259 4222 (ιε
1277 4167 1345 4223 εειίε
1366 4167 1499 4236 judicium
1513 4166 1571 4224 lieri
1586 4168 1664 4237 solet,
1680 4175 1707 4224 et
1721 4182 1776 4224 no-

125 4280 202 4331 uere,
219 4262 283 4337 quia
297 4263 377 4332 hano,
395 4263 495 4333 major,
513 4261 540 4316 id
551 4269 592 4316 oet
601 4262 683 4328 Esau,
699 4262 800 4317 seruiet
809 4261 923 4329 minori,
974 4256 1019 4312 tis.
1043 4257 1109 4312 Ideo
1128 4271 1197 4329 ergo
1211 4255 1283 4310 illud·
1300 4255 1367 4311 dixit
1380 4256 1454 4312 Deus
1476 4263 1539 4313 ante
1559 4257 1677 4313 futurum
1698 4256 1775 4326 judi-

126 4353 154 4410 id
169 4360 210 4409 εει
222 4351 318 4408 ιεεοι).
334 4352 368 4407 Et
382 4366 418 4406 nc
432 4349 493 4422 quis
515 4356 590 4421 putet
612 4350 665 4406 hoo
685 4349 743 4404 lieri
766 4365 799 4405 ex
822 4347 962 4420 praece-D
977 4345 1059 4412 cium,
1075 4353 1104 4399 ut
1115 4344 1286 4414 judicaturus
1306 4346 1471 4412 crederetur,
1488 4354 1515 4401 et
1538 4345 1690 4402 secundum
1713 4361 1774 4402 me-

125 4439 208 4498 dente
222 4435 319 4492 merito
334 4435 453 4502 illorum,
470 4435 556 4500 enim,
572 4433 600 4489 id
615 4442 654 4490 εει
665 4433 799 4506 quiahoc,
815 4433 923 4490 dictam
975 4434 1027 4489 rite
1042 4433 1197 4489 redditurus
1212 4434 1297 4506 (27³).
1328 4435 1393 4490 ldeo
1408 4433 1488 4490 etiem
1506 4433 1573 4489 illud
1594 4433 1661 4489 dixit
1688 4435 1773 4502 Deus,

125 4531 169 4586 cst
185 4527 220 4592 ει,
237 4525 265 4580 id
280 4531 321 4581 est
336 4523 426 4594 matri,
442 4539 507 4579 cem
525 4521 651 4580 nondam
675 4524 739 4578 noti
748 4523 881 4593 scissent,
899 4527 926 4577 ει
975 4530 1003 4577 ut
1017 4521 1213 4594 intelligeretur
1228 4524 1281 4578 boc
1294 4532 1416 4593 apertum
1430 4538 1500 4588 esse,
1526 4529 1621 4594 postea
1645 4537 1696 4594 per
1709 4537 1776 4594 pro·

125 4613 189 4687 quie
203 4619 316 4684 possent
330 4611 358 4666 in
379 4617 466 4680 utero,
491 4609 571 4666 etiam
590 4610 717 4666 luctando
741 4609 843 4681 aliquid
865 4625 926 4666 me·
975 4612 1095 4683 phetam,
1112 4610 1183 4682 quod
1200 4619 1346 4682 antequam
1361 4610 1400 4665 illi
1421 4617 1599 4666 nascerentur
1616 4610 1712 4667 eratin
1726 4610 1777 4666 Dei

125 4703 216 4759 ruisse
229 4700 327 4768 videri,
343 4700 445 4764 subdit,
455 4703 507 4756 not
522 4715 584 4755 oum
597 4699 717 4754 nondum
732 4699 853 4770 egissent
868 4699 926 4755 oli·
975 4699 1210 4773 predestinatione
1225 4715 1275 4771 per
1289 4697 1415 4772 gretiam.
1441 4700 1512 4755 Nem
1534 4698 1562 4754 in
1584 4699 1668 4756 Jacob
1696 4705 1776 4756 ente·

125 4791 194 4867 quid
207 4791 281 4856 doni,
298 4792 349 4846 ortt
363 4790 444 4845 moli.
456 4788 522 4844 ideo
532 4787 692 4856 dictumest,
710 4787 926 4860 utprcpcet'tum
977 4803 1057 4860 quem
1071 4796 1152 4843 natus
1174 4787 1283 4843 iecisset
1310 4785 1412 4858 aliquid
1436 4787 1510 4853 boni,
1540 4787 1606 4860 quid
1633 4787 1777 4861 diligebat,

125 4880 187 4950 bes,
202 4878 231 4934 id
241 4886 282 4934 est
292 4875 448 4949 praecientia
458 4875 509 4932 Dei
518 4880 659 4943 moneret,
669 4875 697 4931 id
706 4882 747 4932 εει
757 4875 925 4947 impleretur,
976 4877 1029 4932 nisi
1044 4877 1189 4948 gratuitum
1204 4874 1398 4932 misericordie
1412 4892 1470 4932 suae
1482 4877 1606 4932 donum?
1620 4883 1648 4932 et
1660 4877 1689 4932 in
1702 4877 1777 4934 Esau

125 4969 154 5026 id
163 4975 204 5024 εει
218 4966 325 5040 impleri
335 4965 535 5040 intelligeretur
543 4965 700 5022 secundum
711 4965 888 5028 electionem,
900 4964 926 5020 id
977 4965 1041 5039 quid
1054 4965 1150 5021 oderat
1170 4973 1315 5038 antequam
1342 4970 1420 5020 natus
1440 4963 1551 5022 lecisset
1578 4965 1679 5037 aliquid
1702 4965 1776 5038 mab,

125 5064 167 5114 εει
191 5055 342 5113 secundum
365 5054 481 5129 gratiam
514 5070 575 5127 quea
598 5053 682 5127 elegit
702 5053 771 5109 siout
790 5053 926 5126 praeuidit,
977 5053 1030 5108 nisi
1044 5053 1177 5125 originale
1200 5053 1366 5124 peccatum?
1383 5067 1446 5108 nem
1469 5069 1520 5110 nec
1535 5053 1563 5108 in
1577 5053 1625 5110 illo
1650 5054 1779 5127 diligeret

125 5162 181 5206 oon
197 5144 347 5202 secundum
373 5141 493 5200 debitum
508 5141 676 5209 meritorum,
701 5140 764 5214 quia
785 5141 928 5218 eligendos
975 5141 1107 5213 justitiam
1132 5155 1214 5214 quem
1237 5140 1337 5196 nullam
1361 5140 1407 5196 ille
1425 5140 1537 5208 lecerat,
1567 5157 1656 5215 neque
1671 5143 1699 5200 iu
1727 5143 1807 5212 isto,

161 5317 234 5386 (ιιι)
254 5325 357 5387 eurus.
370 5323 401 5374 ad
412 5322 607 5386 stnpltatarrun.
1012 5316 1084 5386 (2⁷3)
1102 5321 1150 5386 ld.,
1162 5319 1192 5372 ad
1205 5319 1301 5373 sixtum
1314 5319 1494 5385 presbyterum.

161 5389 233 5454 (ate)
252 5389 301 5451 td,
318 5391 353 5442 lio
365 5391 459 5454 Qumi-
474 5389 517 5442 83.
