3878 6322
31 107 41 135 b

127 144 206 197 1665
225 146 227 152 ’
456 137 709 195 COLLECTANEA
727 135 765 191 IN
783 135 892 192 uulsi.
913 133 947 189 D.
969 131 1080 190 exuti.
1096 163 1131 175 -
1145 135 1183 190 IN
1200 135 1258 190 ΕΡ.
1281 135 1360 191 ΙΔΙ)
1379 133 1459 192 COR.
1718 133 1788 190 1666

31 260 37 333 J
127 267 187 334 Qui
197 268 294 321 antem
310 263 469 336 prophetat,
488 262 560 336 quod
576 269 617 317 est
627 261 808 333 loquimeute,
834 258 967 318 Erote-A
984 256 1091 327 petatis
1110 264 1199 313 tamen
1212 257 1258 313 illa
1273 275 1334 333 qaue
1347 260 1409 315 sine
1424 260 1522 314 anima
1532 261 1704 314 suntoocem
1715 257 1789 313 dnn-

35 355 38 360 '
123 357 208 410 siam
223 353 356 422 aedificet,
374 360 505 423 quantum
522 351 555 406 ad
570 367 609 406 se.
628 349 760 418 Quamvis
783 356 873 404 autem
900 347 939 402 sic
991 345 1041 411 tin,
1060 344 1162 402 scilicet
1174 347 1230 403 siue
1255 347 1334 415 tibin,
1358 349 1414 404 siue
1434 348 1557 413 citlsnro,
1578 347 1636 403 nisi
1659 345 1790 402 dederint

30 413 38 506 2⁵
122 441 305 514 prophetiam
320 440 422 513 liuguae
437 456 606 511 praeponam,
623 447 714 494 tamen
729 438 790 494 oola
806 453 852 494 uos
876 453 938 492 orn·
989 434 1188 491 distinctiones
1211 436 1369 502 sonituum,
1393 435 1536 492 distinctos
1556 443 1582 492 et
1604 435 1790 508 intelligibiles

30 507 35 538 ι
125 548 182 587 nes
201 532 275 602 toqui
293 531 408 601 linquis,
427 529 499 602 quod
515 537 556 584 εει
570 529 673 584 donum
688 526 747 582 Dei.
764 527 797 580 Et
812 525 874 581 ideo
885 541 939 580 ma·
989 537 1082 590 sonos,
1095 522 1229 596 quomodo
1240 523 1638 597 scieturquodcaniturtibia,
1653 528 1705 580 εει
1720 523 1791 597 qnod

30 621 31 636 ³
124 620 174 694 gis
192 619 265 689 volo,
282 635 336 674 uon
351 619 496 690 prohibeo,
514 619 604 690 muqis
618 621 716 673 antem
731 615 852 671 volovos
874 632 940 687 pro·
990 613 1190 680 citharizatur,
1203 611 1281 667 idest
1293 611 1353 683 quis
1370 611 1600 685 indicarepoteuit
1618 612 1726 681 modos,
1747 612 1791 669 vel

30 773 32 780 ¹
121 710 260 782 plectere,
276 724 358 780 quam
387 706 488 779 linguis
517 705 601 777 loqui,
632 705 696 777 quia
727 704 788 775 plus
816 703 936 774 prodest.
992 700 1184 757 consonantias
1194 701 1492 756 cantilenaeiEtenim.
1504 702 1580 769 Item,
1591 700 1731 772 perulam
1751 701 1791 757 ε1-

30 787 35 808 ’“
124 797 224 867 Quare
239 796 330 870 magia
344 796 406 852 volo
422 797 474 852 hoc
490 795 595 860 illem,
609 794 637 848 id
646 800 686 848 est
697 792 770 865 quia,
782 793 875 863 major
885 795 937 856 est,
989 788 1169 844 militudinem
1179 787 1252 844 idem
1262 789 1390 844 ostendit.
1403 788 1488 858 Quasi
1498 789 1569 844 dicat
1581 807 1588 844 ι
1598 791 1669 845 Vere
1680 790 1714 845 de
1733 790 1792 845 istis

30 863 34 898 ι
127 885 158 940 16
176 894 218 940 εει
232 885 352 956 dignior,
375 887 423 957 qui
445 885 607 957 prophetat,
635 899 719 956 quom
742 883 790 954 qni
815 881 940 954 toqnitnr
990 877 1138 947 nescietur,
1155 878 1556 949 quianecdetuba.Etenimsi
1568 878 1793 936 tubndetincer·

30 975 34 986 '
129 975 251 1046 tinqnis,
268 974 645 1045 reisisorteintcrpretetnr,
674 971 701 1025 id
733 977 774 1025 est
802 983 940 1040 exponere
991 966 1515 1022 taanoocem.Judaeiseratusustubre
1534 965 1560 1020 in
1581 965 1657 1022 lestis
1675 966 1792 1022 etbellis

30 1071 31 1074 ’
129 1063 236 1127 valent,
247 1061 319 1132 quod
335 1061 409 1127 dicit,
426 1061 498 1132 quod
514 1075 575 1114 raro
591 1067 644 1114 cst.
660 1058 938 1130 luterpreteturdico,
990 1055 1106 1110 diversis
1130 1055 1214 1110 sonis.
1243 1055 1271 1110 Si
1295 1071 1362 1128 ergo
1379 1056 1426 1111 det
1443 1055 1575 1111 incertam
1595 1071 1700 1126 vocem,
1717 1055 1792 1111 scili-

30 1131 34 1166 *
131 1155 167 1206 nt
181 1151 307 1206 Ecclesia
322 1150 445 1221 occipiat
460 1149 688 1218 oedificcttionem.
990 1151 1099 1214 cetquae
1111 1143 1211 1198 bellum
1224 1159 1277 1199 uon
1289 1143 1433 1216 significet,
1446 1145 1626 1218 qnisparobit
1635 1160 1665 1200 se
1681 1146 1717 1200 ad
1732 1145 1792 1200 bet·

171 1239 597 1304 Vaus.o-1t.-o'nncaueem,
614 1238 731 1307 fratres,
748 1236 774 1291 si
788 1251 890 1291 venero
903 1233 940 1290 ad
992 1230 1167 1300 lnm‘tQuasi
1180 1233 1271 1289 dicat:
1293 1234 1351 1288 Vox
1378 1232 1421 1288 illa
1439 1233 1568 1301 nescitur,
1589 1232 1617 1287 id
1628 1240 1731 1288 estnon
1750 1232 1792 1287 in·

30 1311 33 1344 ³
133 1343 184 1382 vos
201 1327 307 1399 linquis
324 1328 448 1399 toqnens,
466 1326 533 1398 qnid
558 1326 632 1380 uobis
646 1325 776 1397 prodero,
793 1325 850 1379 nisi
864 1324 939 1379 notis
991 1320 1132 1394 telligitur,
1150 1322 1223 1393 quod
1238 1319 1350 1377 effectus
1366 1321 1476 1394 indicat,
1493 1321 1557 1394 quia
1572 1337 1653 1377 nemo
1672 1299 1792 1392 separat

134 1415 247 1488 loquar,
261 1419 311 1470 εει
328 1417 359 1470 in
379 1415 561 1479 revelatione,
579 1417 630 1469 ont
644 1416 675 1469 in
697 1414 893 1478 scientiaeaut
907 1413 939 1467 in
990 1409 1023 1463 ud
1035 1409 1147 1464 bellum.
1157 1411 1199 1466 lta
1210 1415 1236 1466 et
1246 1427 1291 1466 vos
1301 1413 1445 1482 loquentes
1454 1426 1506 1484 per
1517 1410 1655 1482 linquam,
1668 1426 1794 1483 quorum·

30 1519 32 1522 ·
134 1503 298 1576 prophetin.
311 1508 362 1558 out
378 1505 549 1560 indoctrina
561 1507 572 1558 i
585 1503 687 1558 Taurea
699 1501 829 1574 qnaesinc
841 1502 939 1557 antina
990 1497 1055 1552 libet
1066 1497 1216 1572 signorum,
1228 1499 1271 1555 vel
1289 1499 1467 1572 integratam,
1483 1500 1541 1555 ruisi
1559 1515 1716 1557 sermonem
1731 1517 1792 1556 nec·

30 1579 35 1614 ²
135 1596 210 1647 snrat
225 1608 317 1648 nocem
340 1592 450 1660 dantis,
478 1592 535 1647 siue
560 1591 645 1659 tibin,
663 1593 720 1646 siue
735 1591 858 1657 cithara,
882 1589 940 1644 nisi
953 1620 979 1679 B
990 1587 1130 1659 nitentum
1141 1603 1189 1659 per
1200 1587 1451 1660 interpretationem
1462 1589 1609 1656 dederitis,
1627 1589 1673 1660 qui
1687 1589 1793 1644 debetis

30 1669 31 1698 ³
136 1681 354 1736 distinctionem
369 1683 494 1737 sonitum
510 1679 652 1743 dederint,
677 1677 808 1752 quomodo
831 1677 938 1734 scietur
989 1676 1024 1731 ad
1040 1675 1141 1731 bellum
1156 1685 1253 1732 contra
1267 1677 1406 1732 daemones
1420 1677 1545 1733 homines
1556 1678 1667 1745 boulari,
1684 1695 1794 1751 qnomo·

30 1759 33 1794 ¹
136 1770 169 1824 id
185 1769 391 1842 qaodcanttnr,
408 1772 460 1824 aut
478 1770 549 1842 quod
562 1767 773 1824 citharizetur?
789 1769 901 1822 Etenim
915 1767 941 1822 si
989 1764 1022 1821 do
1031 1765 1132 1828 scient,
1143 1763 1170 1819 id
1180 1765 1391 1839 estintelligent,
1401 1767 1430 1822 id
1447 1767 1518 1839 quod
1534 1767 1669 1823 dicitnra
1691 1765 1793 1822 vobis?

136 1859 283 1913 incertum
298 1874 391 1914 uocem
417 1858 461 1914 dei
487 1859 563 1923 tuba,
579 1858 641 1930 qais
655 1857 777 1928 parauit,
787 1871 816 1912 se
831 1855 866 1910 ε6
881 1856 940 1911 bel·
989 1853 1071 1909 Nullo
1086 1853 1436 1910 modoEtuerenescietur
1448 1856 1545 1920 ;eritis
1557 1858 1633 1912 enim
1650 1857 1793 1929 loquentes

30 1939 36 1974 '·
138 1945 226 2002 latmi
240 1947 282 2002 lta
297 1951 325 2002 et
340 1963 385 2002 nos
397 1963 448 2019 per
463 1947 600 2018 linquam,
611 1947 669 2000 nisi
678 1947 867 2015 manifestum
882 1959 940 1999 ser·
990 1945 1021 1998 in
1032 1959 1108 2008 nero,
1126 1943 1153 1997 id
1165 1943 1250 1998 estad
1267 1959 1349 1999 aures
1369 1943 1510 1999 hominum
1529 1943 1616 1999 inanis
1635 1945 1708 2000 aeris
1727 1943 1792 2011 ictu,

30 2029 39 2064 '²
137 2051 253 2090 monem
269 2035 416 2100 dederitis,
434 2035 568 2106 quomodo
581 2034 689 2090 scietur
699 2033 728 2088 id
738 2033 809 2105 qnod
817 2032 942 2087 dicitnr?
991 2047 1045 2086 non
1060 2031 1094 2087 ad
1109 2032 1342 2088 cocdabomiuum
1352 2032 1505 2090 intellectu.
1523 2034 1588 2090 ldeo
1604 2031 1796 2106 eritisloquen·

30 2117 32 2132 ’
142 2125 232 2179 Eritis
240 2124 317 2179 enim
332 2126 363 2178 in
374 2140 441 2179 aera
454 2125 607 2196 loquentes.
627 2125 693 2178 Τεεε
710 2123 811 2189 ιεειιε,
828 2126 941 2193 utputo
991 2121 1070 2175 tasin
1082 2136 1158 2187 aera,
1171 2121 1303 2192 quintam
1314 2123 1408 2177 multa
1427 2120 1503 2177 eritis
1519 2121 1671 2195 loquentes,
1691 2126 1724 2179 nt
1741 2139 1795 2195 pu-

37 2235 41 2242 ·
139 2225 245 2278 qenern
264 2209 444 2280 tinqnnrnm,
462 2211 530 2264 sant
549 2209 580 2263 in
595 2209 645 2264 troc
668 2209 791 2274 mendo,
817 2211 846 2262 ct
868 2206 942 2262 ntttt
994 2212 1032 2275 ta,
1044 2209 1480 2283 multasantqenernlinqnurnm
1491 2212 1522 2266 in
1533 2212 1707 2268 boemundo.
1719 2210 1796 2284 [Am-

32 2324 39 2332 -
141 2299 205 2352 sine
220 2313 283 2353 uoce
298 2301 349 2352 est.
366 2297 396 2352 Si
410 2313 475 2369 erqo
488 2299 615 2352 nesciero
636 2297 773 2352 uirtutem
793 2297 880 2363 uocis,
897 2310 943 2350 ero
992 2296 1109 2370 brusias]
1126 2299 1217 2353 llultae
1233 2298 1342 2370 quidem
1357 2307 1420 2353 sunt
1441 2299 1542 2370 linguae
1562 2300 1590 2354 in
1613 2299 1724 2367 mundo,
1746 2299 1795 2356 sed

34 2401 38 2409 ’
142 2387 169 2440 et
185 2385 232 2441 cni
255 2386 352 2457 toqnnr
374 2385 517 2451 barbaros,
535 2385 626 2457 etqui
652 2385 777 2456 loquitar
790 2383 862 2438 mitt
876 2383 943 2438 bur·
992 2386 1094 2442 habent
1105 2386 1229 2458 proprias
1244 2387 1459 2460 significationes
1478 2403 1574 2444 vocum
1589 2397 1617 2444 ut
1642 2388 1797 2461 intelligan-

142 2474 241 2529 lmrns.
260 2473 306 2529 Sic
320 2477 349 2529 ct
363 2489 418 2539 uos,
436 2474 569 2545 qnoniam
585 2474 766 2529 emulatores
781 2473 850 2527 estis
862 2472 945 2542 spiri·
993 2484 1044 2531 tur.
1061 2476 1139 2531 Unde
1153 2476 1245 2530 subdit
1260 2494 1267 2530 :
1283 2477 1317 2530 Et
1329 2477 1404 2532 nibil
1415 2478 1528 2534 estsine
1536 2493 1608 2534 uoce.
1621 2477 1699 2547 Quod
1710 2486 1795 2533 totum

143 2566 226 2618 tun-m
241 2561 277 2617 nd
291 2562 507 2632 aedificationem
522 2562 664 2630 Ecclesiae,
681 2563 799 2633 qncerite
812 2564 846 2615 nt
854 2561 943 2615 abnn-

39 2682 43 2692 ·
144 2651 227 2706 detis.
244 2653 278 2706 Et
293 2652 355 2707 ideo
369 2653 418 2723 qui
435 2652 561 2724 loqnitnr
577 2652 694 2720 linqua,
711 2652 772 2705 oret
796 2653 829 2705 nt
852 2649 944 2704 inter-

30 2759 44 2782 κ
144 2741 287 2810 pretatur.
299 2740 370 2794 llam
385 2740 410 2794 si
426 2755 500 2794 orem
515 2740 622 2810 linqno,
636 2739 758 2811 spiritns
773 2753 852 2792 ruens
867 2740 942 2804 eret,

993 2573 1035 2619 est
1048 2563 1150 2630 dicere,
1167 2572 1271 2619 tantum
1284 2565 1355 2620 ualet
1369 2566 1428 2621 haec
1443 2565 1553 2632 locutio,
1579 2581 1611 2623 ac
1626 2567 1649 2622 si
1670 2566 1796 2623 omnibus

992 2651 1093 2726 linguis
1108 2653 1297 2725 loqueremini,
1322 2670 1388 2726 quas
1413 2653 1502 2709 nullus
1518 2671 1639 2727 unquam
1656 2655 1795 2730 iutellige-

993 2749 1042 2808 ret,
1061 2749 1087 2797 et
1102 2742 1136 2798 de
1151 2743 1278 2797 omnibus
1288 2743 1371 2797 rebus
1388 2743 1415 2798 in
1430 2759 1592 2816 unaquaque
1607 2744 1710 2816 lingua,
1731 2745 1796 2817 quia

143 2843 224 2882 mens
239 2831 335 2883 εειεεε
350 2843 414 2883 mec
429 2829 490 2883 sine
504 2830 603 2898 fructu
618 2831 671 2883 est.
994 2829 1066 2884 nulla
1100 2847 1143 2885 res
1176 2839 1217 2886 est
1250 2831 1309 2886 sine
1342 2847 1389 2886 sua
1423 2848 1515 2901 uoce,
1561 2833 1589 2887 in
1634 2849 1797 2907 unaquaque

178 2917 259 2973 Nunc
273 2920 370 2972 antem
384 2915 439 2970 dixi
462 2916 534 2988 quod
554 2915 643 2984 major
664 2922 706 2970 est
730 2915 775 2986 qui
798 2915 944 2986 prophetat
995 2917 1099 2990 lingua.

30 3019 48 3056 t.
144 3021 225 3076 quam
241 3005 286 3076 qui
300 3005 419 3076 loquitur
432 3004 536 3077 lingua.
554 3005 612 3061 Hoc
625 3012 715 3060 autem
729 3005 757 3058 in
770 3004 876 3075 meipso
897 3020 944 3058 au·
961 2981 985 3041 ⁰
1032 3007 1081 3062 Vel
1095 3007 1132 3062 ita
1145 3006 1283 3080 distingue
1298 3007 1416 3062 litteram
1432 3026 1438 3062 :
1452 3008 1515 3064 ldeo
1524 3009 1654 3077 nescitur,
1666 3010 1729 3082 quia
1739 3010 1797 3067 eri-

144 3100 199 3148 lem
211 3092 304 3149 videre
319 3093 442 3165 potestis,
455 3093 629 3166 quodlingua
641 3109 695 3148 non
705 3093 817 3164 prodest
827 3092 873 3148 ubi
885 3107 945 3163 pro
995 3095 1030 3150 tis
1045 3096 1072 3149 iu
1087 3111 1153 3151 aera
1166 3095 1319 3168 loquentes.
1332 3096 1403 3151 Nam
1414 3097 1507 3164 multa,
1518 3105 1630 3169 utputa,
1641 3099 1726 3154 multa
1736 3107 1798 3156 suut

31 3157 48 3234 c.
143 3181 233 3251 phetia
244 3181 363 3252 prodest.
376 3180 454 3250 Quia,
466 3184 608 3252 osratres,
620 3183 645 3237 si
655 3198 756 3238 uenero
765 3198 852 3249 nnnc,
863 3197 946 3254 quan·
996 3201 1096 3258 genera
1111 3184 1266 3258 linguarum
1279 3183 1307 3238 in
1325 3185 1378 3241 hoc
1394 3187 1506 3250 mundo,
1522 3194 1548 3242 et
1562 3187 1588 3241 in
1606 3186 1721 3260 singulis
1742 3188 1797 3243 lia-

34 3285 46 3320 (
145 3269 180 3324 do
195 3268 289 3325 fideles
304 3269 379 3336 estis,
396 3271 432 3326 nd
445 3287 491 3327 uos
502 3271 607 3342 linquis
632 3272 756 3343 loquens,
780 3271 846 3343 quid
871 3271 945 3326 votis
995 3272 1058 3346 guis
1072 3272 1138 3328 nihil
1153 3281 1195 3328 est
1212 3273 1271 3328 siue
1286 3287 1364 3342 voce,
1381 3274 1408 3329 16
1429 3282 1470 3330 εει
1494 3275 1555 3347 quia
1579 3275 1720 3348 loquimini
1740 3292 1799 3333 om-

30 3379 41 3428 ³².
143 3359 259 3431 prodero
274 3358 386 3413 tNthit.
407 3356 479 3427 Quid
507 3374 573 3431 ergo
603 3366 668 3414 tunc
696 3354 789 3432 lingua
804 3359 943 3430 proderat,
995 3361 1075 3416 nibus
1088 3361 1199 3436 linguis,
1218 3369 1244 3418 et
1259 3362 1294 3417 de
1308 3362 1434 3417 omnibus
1451 3363 1545 3419 rebus.

145 3447 253 3517 quando
267 3445 392 3502 infideles
408 3447 489 3503 eratis
504 3447 518 3502 t
533 3446 614 3516 Quid,
632 3447 751 3520 inquam,
763 3448 885 3518 prodest,
898 3447 945 3502 ubi
1030 3451 1060 3507 Si
1074 3467 1147 3523 erqo.
1166 3450 1248 3520 Quasi
1263 3451 1333 3508 dicat
1349 3466 1355 3505 :
1372 3450 1442 3521 Quia
1457 3452 1503 3508 alii
1514 3453 1572 3509 sine
1583 3453 1732 3526 interprete
1740 3471 1795 3512 non

30 3557 45 3588 e:
147 3537 243 3609 loquar
258 3534 341 3604 nolis,
351 3541 402 3592 εει
417 3538 449 3592 in
460 3538 641 3606 revelatione,
656 3536 761 3592 scilicet
770 3544 800 3591 ut
810 3551 945 3607 exponam
995 3539 1188 3612 intelligerent.
1202 3541 1306 3613 Erqosi
1316 3543 1443 3597 nesciero
1454 3543 1589 3599 uirtutem
1599 3546 1682 3612 uocis,
1702 3544 1730 3599 id
1755 3552 1797 3600 est

39 3672 45 3680 .
146 3624 222 3679 vobis
236 3624 430 3680 revelationem
444 3625 458 3678 t
472 3625 611 3682 Revelatio
635 3633 677 3680 est
701 3625 747 3680 ubi
770 3641 821 3696 per
843 3623 945 3697 figuras
995 3629 1246 3700 interpretationem
1262 3627 1470 3703 significationis
1485 3629 1560 3686 vocis
1576 3647 1658 3703 quam
1673 3631 1794 3703 protero,

30 3743 48 3774 1.
146 3713 323 3768 ostenduntur
346 3713 473 3785 quaedam
495 3714 632 3785 mysteria,
659 3721 687 3767 ut
709 3712 738 3767 in
770 3713 944 3785 Apocalypsi.
996 3735 1043 3775 ero
1057 3719 1200 3781 barbarus,
1218 3717 1243 3772 id
1259 3726 1300 3773 est
1315 3734 1370 3774 non
1384 3717 1537 3774 intellectus
1547 3720 1573 3775 et
1587 3721 1635 3776 cut
1646 3722 1752 3794 loquer,
1769 3721 1797 3778 id

148 3801 218 3871 Quid
232 3817 300 3874 ergo
313 3803 427 3873 prodest
441 3801 494 3856 nisi
508 3802 604 3874 siguis,
620 3801 647 3856 id
663 3808 704 3856 est
724 3801 825 3874 linguae
848 3818 946 3858 acces·
997 3813 1037 3862 est
1053 3822 1132 3879 quem
1143 3806 1277 3863 instruere
1291 3807 1388 3862 debeo.
1414 3808 1448 3862 Et
1469 3807 1515 3863 ille
1540 3809 1588 3881 qui
1611 3810 1745 3883 toqnitnr,
1768 3809 1797 3867 id

148 3890 385 3958 seritintelleetus,
401 3899 430 3946 ut
444 3907 498 3946 nou
515 3890 607 3961 spiritu
622 3898 734 3958 tantum,
751 3891 800 3946 sed
816 3898 842 3946 et
856 3899 947 3947 mente
997 3905 1038 3950 est
1061 3895 1107 3968 qui
1122 3894 1237 3963 iustruit,
1254 3897 1326 3952 mitt
1340 3897 1534 3966 estberbarns,
1546 3897 1574 3952 id
1588 3905 1630 3953 est
1648 3914 1703 3953 non
1717 3897 1797 3955 intel·

149 3987 244 4052 agatur
258 3979 272 4034 i
286 3979 369 4034 Nihil.
386 3981 444 4036 Ant
456 3981 487 4036 in
503 3980 634 4047 scientia,
653 3978 755 4036 scilicet
769 3987 797 4034 ut
812 3995 945 4051 exponam
995 3984 1092 4040 lectus.
1109 3983 1167 4050 Vel,
1185 3985 1229 4056 qui
1245 3985 1330 4056 audit,
1346 3985 1399 4042 alia
1413 3985 1509 4053 littera,
1526 3984 1569 4042 cui
1591 3987 1684 4042 sensui
1708 3996 1797 4059 potest

148 4083 178 4124 ea
193 4084 254 4139 quas
268 4069 302 4123 ad
318 4068 458 4125 sciendum
473 4068 618 4139 pertinent,
637 4083 668 4123 ea
692 4077 755 4124 sunt
776 4085 837 4140 quae
864 4067 947 4124 tidem
997 4073 1082 4144 aptari
1098 4071 1179 4128 etiam
1195 4073 1270 4142 illud,
1288 4074 1333 4146 qui
1348 4073 1478 4146 loquitur,
1494 4083 1523 4130 ut
1542 4076 1652 4147 passive
1675 4076 1797 4148 accipia-

148 4156 307 4224 illuminant,
324 4165 354 4212 ut
367 4158 401 4213 de
416 4165 509 4212 natura
524 4156 647 4222 deitatls;
664 4161 717 4212 εει
729 4159 761 4213 ιε
787 4156 945 4230 prophetia,
997 4169 1050 4232 tur,
1066 4170 1095 4217 ut
1110 4161 1144 4216 sit
1158 4178 1275 4228 seusus3
1292 4161 1336 4234 qui
1359 4162 1485 4234 loquitur,
1509 4163 1536 4219 id
1557 4171 1598 4220 est
1619 4164 1667 4237 qui
1686 4165 1798 4220 instrui·

150 4245 252 4302 seilicet
266 4255 293 4301 ut
309 4260 442 4316 exponam
453 4246 619 4317 Scripturam
635 4261 695 4317 quae
710 4245 744 4300 de
759 4244 854 4300 tuturis
870 4245 945 4318 agit3
997 4249 1111 4320 tur;uel
1122 4249 1168 4323 qui
1188 4250 1272 4318 audit,
1291 4252 1364 4323 quod
1384 4260 1424 4307 est
1437 4252 1521 4320 idem,
1538 4253 1589 4309 erit
1613 4255 1685 4310 milri
1702 4255 1800 4312 borba-
1900 4303 1903 4310 ,

43 4391 45 4398 ,
149 4340 198 4392 εει
211 4338 243 4391 in
254 4335 394 4402 doctrina,
412 4334 516 4391 scilicet
532 4343 560 4390 ut
570 4349 704 4406 exponam
716 4333 873 4405 Scripturas
887 4345 984 4406 rquuaeD
998 4339 1091 4406 rns‚id
1106 4347 1147 4394 est
1162 4354 1214 4395 neo
1228 4338 1286 4410 ipse
1303 4355 1355 4406 me,
1372 4357 1423 4397 nec
1438 4356 1491 4412 ego
1507 4341 1596 4413 ipsum
1605 4335 1739 4415 intelligo.
1751 4343 1798 4400 Sic

30 4446 51 4483 η»
149 4441 238 4481 mores
266 4424 413 4479 informant
455 4422 636 4496 [Ambrosius]
659 4423 708 4479 Vel
732 4422 863 4479 revelatio
894 4431 945 4491 est,
998 4431 1026 4484 et
1041 4444 1096 4498 uos,
1113 4435 1165 4483 etc.
1181 4425 1350 4497 Quasidicat
1367 4446 1374 4483 :
1391 4428 1541 4485 Sicutdico
1556 4429 1590 4484 de
1605 4446 1649 4486 me
1664 4431 1798 4502 quodem

151 4514 238 4569 subita
252 4513 403 4586 aliquarum
417 4528 508 4568 cerum
523 4513 643 4569 ostensio
658 4529 708 4583 per
726 4511 850 4583 spiritum
866 4511 946 4568 lacta.
999 4515 1129 4572 barbarus
1137 4515 1196 4571 sine
1204 4515 1435 4588 interpretatione,
1447 4518 1487 4573 sic
1502 4521 1530 4573 et
1546 4517 1675 4574 uoseritis
1699 4518 1799 4576 ba'rbu·

44 4627 47 4633 v
151 4603 226 4658 Unde
240 4609 301 4673 post
316 4601 352 4656 ait
369 4617 375 4656 :
391 4603 421 4658 Si
435 4603 481 4658 cni
491 4602 603 4658 sedenti
616 4603 774 4658 revelatum
783 4601 883 4673 fuerit,
893 4607 946 4657 etc.
998 4605 1095 4660 risina
1110 4602 1342 4676 interpretatione.
1358 4605 1392 4660 Et
1406 4605 1469 4661 ideo
1483 4607 1610 4681 quaerite,
1627 4611 1660 4664 nt
1671 4609 1799 4666 abunde-

30 4741 49 4750 ..
153 4691 293 4762 Prophetia
306 4698 348 4746 est
362 4697 390 4746 ut
409 4691 485 4746 lsaiae
506 4691 549 4746 vel
578 4698 747 4758 caeterorum,
779 4705 863 4761 quam
890 4689 949 4745 sine
1000 4695 1036 4749 tis
1051 4693 1130 4749 donis
1145 4694 1181 4749 oet
1195 4693 1411 4762 aedificationem
1426 4693 1566 4765 Ecclesia,
1586 4696 1660 4768 quod
1685 4704 1727 4752 est
1748 4713 1799 4769 per

151 4779 403 4836 humanaindustria
418 4779 534 4851 Spiritus
558 4788 669 4836 sauctus
693 4778 814 4846 revelat;
838 4777 949 4834 scientia
998 4781 1254 4854 interpretationem.
1267 4781 1476 4853 Hocideodico,
1488 4785 1621 4856 qnoniam
1634 4787 1801 4844 estisoemn-

152 4877 191 4925 εει
205 4885 301 4925 eorum
315 4885 376 4941 quae
389 4868 502 4940 proprio
517 4868 607 4924 studio
621 4867 724 4934 didicit,
753 4867 879 4924 doctrina
899 4883 948 4923 eo·

151 4975 210 5014 rum
224 4959 350 5030 quasalio
375 4957 490 5014 docente
514 4965 656 5014 assecutus
681 4965 732 5013 est.
756 4957 869 5023 Temen,
896 4964 947 5012 etc.

40 5080 53 5103 ι,
152 5049 200 5104 Per
214 5047 417 5103 similitudinem
433 5047 613 5118 quorumdam
629 5046 839 5101 inanimatorum
854 5051 949 5101 osten-

151 5137 187 5192 dit
199 5137 308 5210 linguas
318 5137 376 5192 sive
389 5135 547 5207 prophetias
563 5135 672 5191 inutiles
682 5151 752 5191 esse.
766 5133 850 5204 Quasi
858 5133 929 5191 dicut
941 5150 947 5190 :

152 5227 200 5280 Per
215 5242 259 5281 me
273 5224 379 5281 ostendi
392 5224 515 5298 linguam
530 5240 584 5280 non
598 5223 690 5280 valere
715 5223 774 5279 sine
793 5223 948 5294 interprete.

153 5316 257 5370 Parme
273 5314 334 5370 dico
350 5313 396 5386 qui
412 5329 472 5368 sum
486 5312 637 5382 rationalis,
654 5321 743 5369 tumen
755 5311 950 5385 perinanima·

152 5403 255 5459 laidem
265 5403 537 5475 possumostendere,
550 5403 685 5477 qninqnce
695 5403 757 5459 aine
777 5403 948 5470 animante.

154 5493 198 5550 Vel
214 5493 249 5548 ita
264 5493 401 5549 continua.
419 5491 502 5562 Quasi
518 5491 587 5550 dicat
605 5509 612 5548 ε
628 5489 759 5563 Quamvis
773 5491 882 5564 linguas
897 5505 950 5564 ap·

1000 4873 1103 4928 tutores
1113 4872 1279 4945 spirituum,
1292 4870 1317 4926 id
1335 4878 1375 4927 est
1389 4871 1553 4928 desideratis
1563 4873 1636 4929 dona
1646 4874 1732 4931 sancti
1743 4874 1802 4947 Spi-

999 4960 1076 5015 ritus.
1095 4959 1143 5016 Vel
1158 4960 1207 5015 sub
1220 4976 1274 5015 una
1289 4959 1463 5018 distinctione
1478 4969 1567 5034 potest
1581 4962 1645 5034 legi,
1662 4964 1715 5020 hoc
1736 4980 1800 5020 mo-

999 5049 1035 5104 do
1052 5065 1058 5104 :
1075 5048 1129 5116 Sic,
1146 5047 1173 5103 id
1189 5057 1230 5104 est
1243 5057 1353 5120 propter
1368 5049 1428 5116 hoc,
1445 5067 1480 5106 ne
1494 5050 1553 5106 sitis
1567 5051 1686 5120 barbari,
1702 5060 1799 5123 etune,

998 5145 1026 5193 ut
1043 5155 1104 5210 ego,
1120 5138 1242 5210 quaerite,
1259 5147 1286 5192 ut
1302 5139 1447 5194 abundetis
1463 5139 1497 5194 ad
1513 5139 1721 5198 aedificationem
1744 5141 1801 5200 Ec-

999 5226 1099 5290 clesiae,
1116 5226 1246 5299 quonium
1256 5227 1427 5284 emulatores
1442 5227 1508 5284 estis
1522 5229 1718 5301 spirituumEt
1729 5232 1801 5292 ideo.

1000 5313 1084 5384 Quasi
1098 5315 1190 5372 dicat:
1206 5317 1239 5370 Et
1255 5315 1318 5387 quia
1332 5313 1467 5372 aedificare
1482 5317 1598 5388 debetis,
1614 5319 1678 5377 ideo
1701 5324 1730 5377 et
1752 5323 1802 5396 qtn'

1001 5405 1126 5478 loquitur
1137 5405 1305 5477 linqnnoret
1316 5405 1412 5474 Deum,
1424 5410 1458 5463 ει
1477 5407 1694 5482 interpretetur,
1712 5410 1740 5467 id
1760 5417 1803 5468 est

998 5492 1194 5567 interpretandi
1209 5492 1297 5566 gratia
1304 5491 1356 5550 sibi
1368 5494 1455 5553 detur.
1462 5493 1522 5566 Vel,
1530 5495 1570 5555 sic
1583 5505 1652 5568 oret,
1669 5498 1697 5555 id
1705 5505 1746 5558 eat
1763 5498 1803 5556 sic
