3896 6062
87 189 135 242 tea
526 185 809 244 connumeratum
823 183 860 239 lN
875 181 1043 268 PsatMOS.
1059 215 1094 224 -
1107 181 1203 240 PSAL.
1219 183 1268 241 Vl.
1684 183 1735 256 ¹⁰⁶.

90 310 230 366 emendari
240 311 403 367 velerudiri.
415 313 645 384 urguenturerqo
653 310 680 365 in
688 309 801 380 judicio,
811 309 838 364 id
849 315 889 364 est
904 313 931 370 Α
977 310 1062 365 Vnus.
1082 312 1108 365 l.
1125 339 1160 352 -
1177 330 1188 361 ι
1206 309 1381 375 Convertere,
1402 307 1527 376 Domine,
1544 315 1571 364 ει
1585 307 1661 381 eripe
1676 307 1737 362 ani-

90 399 350 472 damnabunturqui
365 400 424 456 sine
438 399 501 455 lidei
517 399 693 456 fundamento
708 408 778 452 sunt.
794 399 890 453 Emen·
943 417 954 451 ι
976 412 1048 452 marn
1072 413 1180 466 meam;
1196 396 1301 454 salvum
1323 413 1367 452 me
1389 396 1433 454 lac
1455 404 1564 469 propter
1577 396 1737 454 misericor·

90 487 228 542 dabuntur
250 503 329 554 vero,
343 487 372 543 id
387 495 429 543 est
451 489 639 561 purgabuntur
663 485 708 558 qui
729 501 812 558 snper
827 483 890 540 lun·
942 506 954 537 ι
976 485 1049 541 diam
1063 493 1179 541 tuam.»

90 575 247 631 dementum
267 576 345 642 illud,
367 575 450 648 liqna,
466 575 569 640 lenum,
587 575 713 646 stipulam
735 571 890 629 aedificave-
975 572 1069 646 [Augl
1088 575 1406 643 converteremini,
1431 573 1466 628 ad
1489 589 1543 642 me,
1560 575 1605 645 qui
1623 589 1736 631 eversus

92 673 159 718 runt.
176 664 232 719 iste
248 680 317 737 ergo
333 665 430 720 nolens
444 679 505 720 esse
524 663 595 718 inter
608 678 656 719 eos
672 662 718 734 qui
732 668 889 733 arguentur,
941 677 1014 731 eras,
1031 669 1059 716 ut
1074 677 1126 733 ego
1143 670 1288 719 convertar
1302 661 1337 716 od
1349 668 1376 716 ιε
1387 661 1461 731 juxta
1482 661 1549 716 illud
1567 680 1574 717 ι
1592 663 1736 720 Conanti-

88 752 130 806 vel
144 752 341 824 corripientur,
360 753 449 808 sciens
472 752 639 807 horrendum
653 765 715 804 esse
730 749 850 804 incidere
863 749 890 802 in
940 751 1015 806 mini
1025 750 1060 805 od
1074 765 1129 819 mc,
1145 753 1174 805 cl
1188 765 1236 821 equ
1246 751 1438 806 convcrlarnd
1448 767 1504 816 nos,
1517 749 1587 806 dicit
1601 752 1737 808 Dominus

91 855 184 894 manus
201 840 253 895 Dei
277 840 393 896 viventis
409 839 537 911 [Alcuin.,
554 838 598 895 Gi.
614 837 674 910 int]
689 853 770 893 orans
785 835 858 904 dicit,
875 850 891 891 o
941 838 1036 909 (chlt.
1046 837 1077 908 ι).
1090 835 1154 903 Sed,
1167 837 1474 909 quisperieotaenostrae
1484 837 1738 894 conveniensem

92 930 207 985 Domim
223 926 270 1000 qui
285 935 382 999 potens
399 944 439 994 es,
452 927 497 983 hic
507 941 582 995 sees,
598 926 642 982 hic
657 942 707 981 ure
721 941 783 994 me3
800 925 891 980 sedin
940 941 991 996 per
1005 931 1046 980 est
1059 931 1168 996 paratus
1179 925 1262 994 Deus,
1279 925 1487 999 sicutpropheta
1497 925 1581 982 dicit:
1595 927 1738 998 Tanquam

92 1017 187 1086 lurore
203 1021 262 1082 lae,
272 1016 316 1072 vel
330 1015 516 1088 indignatione
528 1023 581 1080 tua,
593 1014 620 1069 id
635 1014 714 1069 estin
727 1012 817 1069 lutura
824 1011 893 1082 judi·
941 1013 1101 1070 diluculum
1109 1017 1244 1085 paralum
1252 1015 1429 1070 inveniemus
1438 1014 1520 1069 illum
1529 1013 1601 1085 (Osa.
1609 1015 1660 1084 vt).
1671 1013 1739 1083 Quae

91 1103 140 1169 cio,
156 1104 206 1158 ubi
221 1103 308 1159 malos
322 1103 468 1159 damnabis
482 1119 518 1159 ne
532 1119 637 1175 arquos
650 1117 706 1168 mc,
723 1100 752 1156 id
765 1109 806 1156 est
815 1100 892 1173 quasi
941 1108 970 1156 ιιι
985 1100 1189 1157 admitteremus
1204 1115 1258 1156 non
1273 1100 1336 1157 lecit
1351 1100 1411 1172 ejus
1423 1101 1557 1166 absentia,
1575 1102 1621 1175 qui
1638 1101 1739 1175 ubique

91 1191 277 1246 damnandum
291 1191 449 1257 convincas,
465 1207 553 1263 neque
569 1190 650 1245 etiam
663 1190 802 1261 corripias
818 1189 891 1259 quod
941 1197 992 1254 εει,
1015 1189 1064 1244 scd
1086 1196 1180 1246 nostra
1195 1189 1258 1244 iecit
1279 1189 1397 1245 aversio.
1413 1190 1508 1246 ttetius
1530 1197 1621 1246 autern
1635 1190 1740 1247 videtur

92 1279 179 1334 minus
193 1288 247 1345 est,
262 1296 308 1335 mc
323 1279 402 1351 quasi
426 1279 612 1350 castigandum
627 1280 659 1334 in
672 1280 718 1334 iro
733 1281 792 1342 loo,
809 1276 892 1331 idest
941 1275 995 1332 dici
1011 1292 1017 1331 :
1036 1276 1212 1343 Convertere,
1232 1275 1357 1342 Domine,
1383 1276 1411 1332 id
1431 1285 1473 1334 εει
1495 1277 1540 1334 lac
1559 1294 1603 1334 me
1618 1277 1739 1350 periente

92 1366 244 1435 injudicio,
261 1366 341 1438 qussi
364 1367 437 1423 dicat
451 1366 496 1422 bic
510 1382 576 1421 sana
591 1381 645 1435 me,
662 1381 696 1421 ιιε
711 1364 749 1418 ibi
763 1379 832 1434 opus
846 1363 890 1430 sit,
942 1364 1062 1422 converti
1078 1381 1085 1418 ι
1102 1364 1130 1418 ιιι
1152 1380 1207 1436 quo
1231 1365 1312 1420 sentit
1335 1364 1466 1421 laborem.
1483 1367 1585 1421 Durum
1598 1367 1672 1422 enim
1686 1375 1737 1434 εει,

92 1453 183 1528 [angl
198 1455 253 1512 Ubi
268 1455 340 1510 enim
355 1462 397 1510 est
411 1454 522 1520 sanitas,
535 1469 668 1509 necmors
685 1451 832 1508 metuenda
851 1458 893 1505 est
942 1459 969 1508 at
981 1451 1149 1508 laboriosum
1174 1452 1209 1506 sd
1224 1453 1400 1508 serenitatem
1414 1460 1440 1507 et
1456 1453 1676 1526 tranquillitatem
1696 1455 1741 1511 di-

91 1558 140 1598 nec
162 1543 270 1599 urentis
294 1551 341 1598 aut
362 1543 481 1600 secantis
495 1541 593 1598 medici
607 1557 716 1598 manns.
732 1539 810 1596 Unde
824 1539 891 1594 sub·
941 1539 1012 1597 ειιιει
1026 1539 1095 1596 lueis
1110 1548 1310 1616 arterrenarum
1329 1540 1505 1612 cupiditatum
1519 1540 1637 1614 caligine
1651 1550 1740 1598 retor-

90 1632 153 1700 jecit
169 1649 177 1685 :
905 1627 1029 1711 Bqueri.
1045 1627 1133 1693 Unde,
1149 1635 1292 1698 postquam
1307 1627 1375 1682 dixit
1390 1644 1397 1682 ε
1414 1628 1590 1694 Convertere,
1607 1629 1692 1698 addit,
1711 1634 1740 1686 ct

122 1719 201 1776 Vsus
219 1723 247 1776 2.
263 1749 298 1760 -
315 1740 327 1771 ι
343 1719 473 1776 Miserere
486 1718 551 1786 mei,
564 1717 690 1784 Domine,
708 1715 835 1788 quoniam
850 1715 891 1769 in·
943 1715 1019 1787 cripe
1029 1715 1157 1771 animam
1170 1731 1264 1770 mcum
1277 1715 1395 1785 peccatis
1409 1713 1533 1787 ligatam,
1543 1717 1620 1788 quasi
1634 1717 1663 1772 in
1677 1731 1744 1773 con·

93 1829 103 1860 ι
124 1805 221 1864 firmus
236 1825 316 1875 sum;
333 1822 399 1864 sana
413 1824 467 1875 ιιιε,
483 1807 608 1876 Domine,
625 1805 753 1878 quoniam
776 1810 890 1861 contur—
941 1801 1078 1868 vessionc,
1102 1801 1195 1857 multis
1216 1801 1374 1872 impeditam
1389 1801 1512 1863 hostibus
1526 1810 1553 1858 ει
1566 1818 1737 1874 oppressam,

95 1916 106 1946 ι
126 1897 192 1953 bata
206 1904 270 1951 sunt
285 1911 349 1952 ossa
363 1911 434 1952 mea.
457 1918 468 1946 ι
942 1887 1070 1962 tanquam
1092 1889 1270 1954 inbaerentem
1293 1888 1514 1962 perplexitatibus
1536 1891 1616 1960 hujus
1635 1891 1737 1959 sarculi,

124 1985 213 2042 Vsus.
234 1988 261 2040 3.
278 2014 313 2026 -
330 2006 341 2035 ι
359 1985 394 2040 Et
416 1983 504 2039 anima
525 1998 588 2039 ntea
609 1981 717 2038 turbata
740 1988 782 2037 εει
795 1979 890 2048 valde;
942 1985 970 2034 ει
992 1977 1085 2048 spinas
1107 1977 1240 2056 quasdam
1262 1977 1464 2032 dilacerantium
1491 1977 1689 2035 desideriorum
1711 1979 1740 2034 ιιι

94 2096 104 2121 ι
125 2074 184 2140 sed,
200 2081 230 2127 ιιι
246 2071 373 2138 Domine,
386 2072 553 2145 usquequo?
573 2091 585 2120 ι
941 2065 1003 2138 ipsa
1025 2063 1204 2122 conversione
1226 2064 1383 2136 patientem.
1407 2067 1442 2122 lil
1454 2067 1565 2122 salvum
1579 2082 1624 2123 mc
1638 2069 1694 2139 (ac,
1711 2067 1740 2123 id

125 2159 228 2235 [Rem.,
238 2160 327 2233 ilion]
335 2161 463 2218 lllscrerc
472 2179 481 2216 .·
490 2158 568 2232 quasi
576 2158 647 2215 dicat
659 2157 716 2213 :Ne
724 2172 834 2228 arguas,
844 2154 893 2210 sed
942 2161 984 2210 est
997 2152 1041 2210 lac
1055 2169 1099 2208 me
1114 2153 1279 2209 incolumem
1293 2151 1428 2224 prolicere
1442 2152 1469 2208 in
1484 2153 1567 2221 bono,
1583 2154 1673 2211 dando
1688 2154 1741 2211 vir·

91 2251 190 2322 potius,
202 2265 221 2305 o
231 2250 359 2316 minine,
372 2251 506 2305 miserere
516 2247 543 2302 in
553 2247 603 2302 hac
614 2247 731 2302 vitamci
740 2243 843 2299 miseri.
859 2243 893 2298 Et
942 2249 1022 2298 tutes.
1038 2241 1073 2296 Et
1085 2242 1147 2308 boc,
1156 2244 1273 2313 propter
1282 2241 1505 2298 miscricordiam
1518 2246 1606 2310 utam,
1616 2257 1671 2298 non
1682 2258 1739 2298 tne-

91 2355 159 2412 opus
183 2347 227 2394 est
241 2335 389 2410 [Cassiod]
404 2337 537 2410 quoniam
551 2335 684 2406 infirmus
706 2350 769 2389 sum
795 2339 893 2387 natura
942 2328 1002 2385 ritis
1016 2329 1095 2396 meis,
1111 2328 1175 2400 quia
1185 2328 1259 2398 justa
1273 2328 1410 2383 damnatio
1425 2329 1541 2384 debetur
1563 2329 1696 2400 peccanti,
1713 2336 1740 2385 ει

91 2435 117 2482 ει
135 2425 214 2492 ιιιιο,
239 2425 309 2481 ειιεο
332 2424 396 2497 quia
415 2423 548 2494 justitiam
572 2423 707 2478 sustinere
727 2434 844 2492 nequeo.
860 2419 894 2474 Et
942 2417 1036 2473 datum
1055 2424 1222 2488 preceptum
1244 2416 1427 2487 praetereunti.
1453 2415 1599 2489 [Cassiod]
1618 2417 1667 2473 Vel
1690 2417 1738 2482 ita,

91 2529 144 2570 non
158 2529 259 2586 parum
275 2529 336 2568 sum
349 2511 483 2580 infirmus,
501 2511 551 2567 sed
566 2525 652 2582 usquc
667 2508 703 2565 ad
718 2522 783 2564 ossa
793 2522 893 2578 perve—
943 2504 1119 2573 Convertere,
1140 2503 1264 2570 Domine,
1287 2519 1304 2560 a
1324 2503 1452 2572 vindicta,
1476 2511 1504 2560 ει
1526 2504 1602 2575 eripe
1620 2504 1739 2560 animam

91 2602 128 2658 nit
142 2599 299 2666 infirmitas,
316 2599 344 2655 id
358 2607 400 2656 est
413 2599 449 2656 ad
464 2599 550 2656 robur
571 2598 679 2663 animae,
696 2603 722 2652 et
736 2596 789 2651 boc
804 2594 891 2651 valde.
942 2607 1031 2648 meam
1045 2592 1080 2647 ab
1103 2591 1260 2647 imminente
1282 2599 1380 2660 morte,
1397 2591 1502 2649 salvum
1517 2607 1561 2648 rne
1575 2591 1618 2648 iac
1632 2599 1741 2666 propter

91 2689 185 2763 [iugi
207 2689 244 2744 iit
271 2688 322 2744 boc
351 2695 393 2744 εει
415 2687 488 2760 quod
512 2687 549 2742 ait
565 2703 571 2742 :
588 2701 654 2742 vere
682 2699 742 2739 sum
769 2680 894 2738 infirmus
943 2689 1161 2747 misericordiam
1176 2697 1267 2757 tuam;
1282 2690 1336 2746 hoa
1349 2704 1405 2744 non
1418 2697 1544 2746 mutatur.
1562 2690 1699 2763 Sequitur.

92 2779 233 2846 moniam
246 2777 417 2834 conturbata
431 2783 494 2831 sunt
508 2791 571 2832 ossa
584 2789 655 2839 mea,
666 2772 695 2828 id
708 2777 750 2828 est
764 2769 894 2826 fortitudo
980 2778 1065 2835 visas.
1086 2781 1114 2833 ιι,
1128 2808 1163 2819 -
1181 2799 1192 2828 ι
1210 2776 1345 2846 Quoniam
1360 2792 1415 2833 non
1428 2785 1470 2833 est
1484 2777 1512 2832 in
1525 2787 1613 2834 morte
1627 2777 1674 2850 qui
1687 2794 1744 2835 ιιιε-

91 2867 199 2924 animae.
239 2864 346 2921 Deinde
384 2864 508 2936 sequitur
544 2861 677 2935 expositio
705 2858 808 2916 ossium
832 2875 894 2916 cunr
946 2881 1041 2922 «mor
1063 2865 1098 2920 sit
1112 2865 1151 2921 ιιιι
1167 2883 1174 2920 :
1189 2865 1217 2920 in
1240 2863 1347 2922 inferno
1373 2871 1465 2920 sutem
1487 2865 1548 2938 quis
1571 2865 1743 2924 confitebitur

94 2953 152 3009 ait:
948 2954 1086 3010 stibii»

123 3044 160 3098 tat
170 3041 352 3108 animantes,
361 3040 521 3111 (ccceossa)
531 3040 645 3097 turbato
654 3043 708 3108 est,
720 3039 805 3094 etboo
816 3036 895 3093 υειιιε
910 2997 935 3062 G
982 3041 1132 3115 [Cassiod]
1144 3041 1284 3108 Quoniam
1292 3058 1350 3099 aaa
1365 3045 1416 3108 εει,
1434 3042 1510 3115 quasi
1525 3043 1598 3100 dicat
1608 3062 1614 3099 :
1624 3044 1688 3101 Ideo
1698 3045 1742 3101 hic

90 3129 122 3185 ιιι
137 3131 205 3202 quia
218 3130 255 3184 ita
268 3129 396 3185 morbum
409 3127 508 3199 detego
523 3127 570 3183 tibi
584 3144 656 3184 sana
672 3125 893 3206 ιιιε,01ιριιιιιιι,
945 3128 1044 3186 lestino
1064 3129 1173 3198 dimitti,
1188 3129 1250 3200 quia
1264 3137 1455 3201 postmortem
1469 3131 1513 3187 vel
1526 3131 1554 3185 in
1568 3131 1672 3187 inferno
1686 3148 1742 3188 non

90 3215 189 3290 [Dian]
214 3215 295 3290 quasi
319 3215 392 3272 dicat
417 3232 483 3272 eura
506 3231 550 3271 me
574 3223 604 3270 ut
626 3215 735 3286 sapiens
762 3212 894 3278 meditus,
944 3217 1075 3288 accipitur
1096 3215 1242 3273 consessio.
1258 3218 1293 3272 Et
1308 3218 1425 3282 hocest,
1441 3217 1569 3288 quoniam
1588 3234 1643 3274 non
1658 3220 1742 3275 estin

90 3305 156 3378 quin
169 3321 226 3378 ego
240 3311 363 3377 aegrotus
377 3321 448 3375 sum,
460 3312 488 3358 tu
501 3304 624 3361 medicus
634 3321 642 3371 ς
654 3319 706 3376 ego
717 3301 806 3358 babeo
820 3299 895 3356 infir·
944 3313 1032 3362 morte
1043 3304 1305 3377 quimemorsittui,
1316 3306 1478 3375 adveniam,
1489 3305 1630 3363 soilioctln
1640 3312 1743 3378 marla,

91 3395 227 3461 mitatem,
253 3399 284 3448 to
306 3393 466 3459 sanitatem;
481 3405 534 3464 ego
548 3408 609 3448 sum
622 3389 746 3446 infirmus
762 3405 813 3462 pro
827 3404 895 3461 pea-
944 3394 972 3451 id
987 3401 1029 3451 εει
1043 3402 1187 3466 postquam
1208 3399 1331 3448 mortuus
1353 3401 1403 3448 eat.
1420 3392 1515 3467 [tuq]
1528 3394 1655 3468 intelligit
1670 3396 1742 3452 enim

90 3491 162 3548 cato,
178 3490 208 3537 ιιι
224 3497 292 3536 sana
305 3497 354 3552 per
367 3479 591 3536 misericordiam.
605 3478 662 3535 Oro
673 3485 702 3533 ul
717 3493 809 3546 senes,
826 3481 854 3533 el
864 3479 896 3532 la
945 3497 1017 3538 nuno
1031 3497 1093 3538 esse
1116 3490 1223 3553 tempus
1237 3481 1435 3551 conversionis,
1452 3482 1524 3553 quia,
1539 3499 1602 3539 oum
1616 3483 1675 3539 haec
1689 3483 1743 3540 vita

89 3570 222 3638 Domina,
243 3567 347 3638 dillers,
367 3568 416 3624 sed
427 3583 567 3640 usquequo
577 3571 588 3623 l
599 3565 693 3639 [nup]
705 3564 794 3621 innuit
804 3562 856 3618 isle
866 3578 896 3618 sa
945 3569 1094 3639 transierit,
1111 3585 1167 3624 non
1182 3576 1267 3625 restat
1278 3568 1331 3623 nisi
1341 3567 1490 3624 retributio.
1505 3569 1568 3625 Non
1579 3574 1677 3644 estqui
1690 3587 1746 3626 mc·

89 3657 135 3713 diu
149 3657 250 3714 luctari
275 3671 337 3714 eum
351 3655 432 3712 vitiis.
448 3655 510 3710 Non
525 3663 567 3710 eal
581 3662 670 3710 eutem
692 3651 838 3709 crudelitas
851 3650 896 3705 di·
945 3674 1007 3715 mar
1020 3661 1059 3713 sil
1075 3659 1119 3713 lui
1133 3657 1161 3712 ιιι
1172 3664 1259 3712 morte
1272 3673 1279 3711 ι
1291 3658 1323 3712 ιιι
1333 3659 1447 3728 inferna
1457 3661 1554 3713 nutem
1565 3659 1747 3730 quiscoufilc·

89 3747 157 3802 latio
180 3743 250 3813 Dei;
267 3744 317 3800 sed
339 3743 401 3801 ideo
416 3742 517 3810 differt,
532 3750 559 3798 ut
580 3742 742 3814 persuadeat
757 3740 854 3796 animm
868 3739 897 3794 in
946 3745 1023 3802 litor
1037 3745 1087 3801 lili
1099 3749 1110 3800 ι
1123 3743 1269 3817 [Cassiod]
1280 3743 1377 3798 Nullus
1388 3743 1561 3801 confitebitur
1575 3745 1610 3802 ad
1624 3746 1745 3804 veniam.

92 3851 156 3907 quan
169 3834 245 3890 mals
260 3849 290 3888 se
304 3831 493 3905 precipitavit.
509 3831 543 3886 ιιι
558 3830 620 3886 ideo
635 3828 728 3897 ctiam,
744 3827 805 3900 quia
824 3841 896 3882 non·
947 3833 1059 3899 scilicet,
1073 3833 1117 3888 vel
1130 3840 1191 3903 post
1202 3831 1345 3901 judicium,
1361 3832 1422 3888 Non
1437 3839 1560 3903 asterga
1575 3841 1668 3888 eontra
1681 3834 1744 3900 hoc,

91 3923 160 3978 dam
174 3923 222 3978 bic
235 3929 290 3976 tam
313 3919 435 3992 perlecte
457 3927 526 3986 orat,
541 3925 570 3974 ιιι
583 3918 689 3974 dicatur
703 3916 729 3973 ei
745 3933 752 3972 r
768 3915 857 3971 adhue
870 3920 897 3969 le
947 3921 1019 3992 qaod
1035 3920 1063 3974 in
1077 3919 1183 3974 inlamo
1207 3917 1349 3974 confessus
1370 3927 1412 3974 est
1434 3917 1512 3974 dives
1535 3917 1582 3975 illa
1605 3920 1746 3991 evangeli-

91 4009 235 4083 loquente,
251 4008 342 4064 dicem
357 4025 364 4062 ι
380 4008 453 4065 Εεεε
467 4006 574 4062 adsum.
590 4006 625 4061 Et
639 4005 719 4062 etiarn
733 4003 805 4070 ideo,
821 4009 851 4057 ul
864 4017 898 4058 ex
928 4001 1006 4074 'cus,
1024 4007 1069 4078 qui
1082 4007 1215 4062 Lazarum
1239 4004 1306 4061 vidit
1319 4005 1347 4060 in
1362 4006 1467 4077 requie,
1484 4005 1535 4062 etsi
1549 4006 1583 4062 de
1600 4005 1746 4079 profundo,

92 4097 255 4154 difficultate
270 4095 430 4162 sanationis,
446 4093 510 4150 inde
524 4093 614 4167 magis
629 4099 726 4150 caveat
740 4091 802 4146 sibi.
818 4088 897 4159 Quod
947 4095 1025 4164 cujus
1040 4092 1134 4150 Lazari
1145 4092 1347 4165 comparatione
1357 4100 1469 4150 coactus
1484 4101 1526 4149 est
1540 4091 1663 4150 confiteri
1676 4095 1749 4151 mala

92 4185 167 4242 enim
188 4185 272 4241 lsoilc
296 4191 417 4250 sanatur,
434 4196 489 4238 non
503 4181 616 4237 multum
632 4188 752 4238 cavetur.
768 4179 809 4233 Ex
824 4175 898 4233 diffi-
948 4199 1007 4252 sus,
1023 4197 1108 4254 usque
1132 4182 1201 4237 adeo
1225 4188 1254 4237 ut
1268 4181 1351 4236 etiarn
1366 4179 1466 4237 iratres
1478 4189 1556 4255 roget
1570 4182 1605 4237 ab
1619 4182 1663 4237 bis
1676 4198 1748 4255 prae-

91 4275 195 4330 cultate
209 4280 300 4328 autem
322 4270 483 4337 sanationis,
498 4270 528 4323 tit
540 4268 696 4341 diligentior
711 4265 836 4323 custodia
850 4280 897 4320 re·
946 4270 1063 4327 moneri.
1080 4270 1135 4326 Sed
1158 4276 1219 4340 post
1239 4269 1370 4339 judicium
1386 4269 1413 4324 in
1433 4269 1655 4341 profundioribus
1669 4279 1748 4327 tene-

91 4370 181 4434 cepte
194 4359 330 4416 munta.
345 4357 466 4424 ntideo,
481 4364 511 4411 ut
524 4355 684 4412 ostendatur
698 4370 758 4427 quae
772 4369 850 4425 paena
865 4351 899 4406 stt
914 4343 1008 4428 Dbris
1031 4365 1111 4414 erunt
1134 4356 1218 4428 impii,
1243 4357 1290 4412 ubi
1314 4357 1414 4411 nuttam
1429 4357 1480 4413 Dei
1494 4357 1582 4414 lucem
1606 4358 1746 4428 ridebunt,

91 4466 150 4508 non
164 4447 319 4512 conversis,
331 4431 437 4500 si'lanla
446 4443 591 4501 difficultas
601 4441 805 4500 esiconversis·
821 4440 899 4496 Unde
949 4445 992 4502 oui
1008 4445 1109 4517 aliquid
1123 4443 1310 4500 confiteantur.
1326 4444 1376 4499 Vel
1391 4452 1506 4500 mortem
1527 4445 1591 4501 dicit
1604 4454 1747 4516 peccatum

91 4537 160 4593 alibi
175 4556 183 4590 :
201 4537 233 4594 Si
241 4539 341 4608 justus
355 4536 405 4591 uic
414 4534 580 4602 salvabitur,
595 4533 700 4605 impios
710 4531 757 4586 uli
764 4528 900 4602 parebit?
949 4533 1023 4605 quod
1037 4531 1295 4602 contemptadivins
1308 4531 1369 4604 lege
1378 4532 1563 4598 committitur,
1579 4540 1609 4588 ut
1622 4532 1746 4590 eculeum

91 4629 118 4696 tl
131 4629 213 4682 Pelr.
231 4625 282 4696 tv).
297 4623 347 4679 Vel
364 4623 400 4677 ita
414 4629 504 4692 potest
520 4620 575 4693 legi
590 4637 597 4674 ι
613 4617 822 4684 misereremei,
840 4619 895 4674 ιιο-
948 4621 1167 4676 ιιιοιιιειιιοιιειιι
1179 4619 1356 4690 appellamus,
1369 4635 1402 4675 eo
1412 4621 1610 4691 quodmortem
1623 4630 1746 4692 generet.

91 4715 180 4769 mine,
207 4713 266 4768 1100
289 4726 343 4766 non
366 4717 493 4765 mutatur.
516 4709 550 4764 iit
574 4722 688 4763 necesse
701 4714 754 4773 est,
771 4705 899 4778 quoniam
948 4708 1067 4766 Aculeus
1089 4707 1163 4763 enim
1186 4707 1282 4762 mortis
1304 4715 1445 4779 peccatum
1467 4715 1518 4776 est,
1535 4709 1562 4763 iu
1578 4725 1631 4781 quo
1647 4710 1746 4765 imme-

92 4802 224 4858 infirmus
246 4815 318 4855 sum.
335 4795 465 4871 [Alema]
479 4798 564 4852 ileatu
587 4793 738 4850 infirmatur
757 4793 858 4849 anima.
875 4794 898 4849 tt
947 4811 1008 4852 mor
1020 4804 1062 4853 est
1076 4795 1136 4862 Dei,
1149 4794 1194 4868 qui
1208 4802 1345 4866 precepta
1360 4795 1418 4864 ejus
1432 4797 1590 4852 contemnit.
1607 4796 1746 4851 {niernum

91 4907 149 4964 quo
163 4897 254 4955 reatu,
270 4902 337 4944 sana
350 4902 405 4952 me,
419 4885 544 4942 Domine.
560 4881 661 4956 [item]
675 4883 709 4939 Et
718 4882 814 4948 debes,
831 4897 898 4953 quo·
948 4891 1037 4940 sutem
1054 4883 1119 4940 dicit
1131 4883 1277 4939 caecitatem
1286 4883 1369 4938 animi
1384 4899 1464 4954 quam
1478 4884 1592 4940 incurrit
1605 4883 1666 4955 quis
1681 4899 1744 4940 oum

93 4979 172 5034 niam
196 4991 262 5034 ossa
284 4990 346 5030 mea
369 4974 531 5031 conturbata
550 4980 622 5039 sunt,
638 4972 722 5026 idest
744 4986 823 5026 mens
836 4984 898 5025 mea
948 4973 1086 5042 desperat.
1111 4970 1225 5027 Caecitas
1246 4970 1318 5025 enim
1341 4969 1546 5041 desperationis,
1570 4978 1741 5041 peccantem,

93 5066 275 5122 conturbatur
292 5063 328 5118 ad
350 5061 547 5134 poenitcntiam.
563 5061 598 5116 lit
611 5060 703 5114 anima
727 5075 799 5126 mea,
814 5057 898 5113 idest
947 5059 976 5116 id
990 5067 1031 5115 est
1043 5059 1203 5114 morientem
1224 5057 1323 5128 excipit
1337 5066 1364 5112 et
1377 5057 1499 5127 involvit,
1516 5065 1545 5112 nt
1559 5058 1638 5113 detur
1652 5058 1680 5114 in
1696 5077 1743 5116 re·

93 5157 180 5210 etiam
203 5151 378 5216 sensualitas,
402 5150 507 5205 turbata
531 5157 572 5204 est
593 5148 681 5214 valde,
705 5147 740 5203 ad
760 5145 897 5218 poeniten·
946 5149 1062 5220 probum
1087 5163 1207 5203 sensum.
1233 5145 1332 5201 Littera
1355 5145 1393 5200 sic
1412 5145 1582 5200 continuatur
1597 5165 1603 5201 :
1620 5147 1684 5204 Ideo
1706 5149 1744 5206 ita
1783 5195 1786 5200 .

93 5244 175 5298 tiam.
191 5238 322 5315 [alcuin]
337 5239 422 5312 Ergo,
447 5236 613 5310 usquequo?
627 5253 644 5292 o
658 5235 784 5301 Domine,
799 5243 827 5289 ta
841 5233 896 5288 dii·
946 5251 1030 5308 gemo
1056 5249 1106 5306 pro
1129 5241 1242 5305 peccato
1261 5241 1287 5288 et
1302 5232 1392 5299 doleo,
1409 5233 1534 5303 quoniam
1559 5249 1614 5290 non
1635 5244 1676 5292 est
1699 5237 1745 5309 qui

92 5331 177 5388 iers?
193 5329 273 5401 quasi
288 5327 360 5384 dicat
376 5343 383 5380 r
400 5325 471 5395 Quid
485 5332 568 5380 restat
583 5324 762 5396 quiusanesl
776 5321 852 5376 ιιιιιιι.
863 5321 899 5376 Et
947 5338 1053 5378 memor
1068 5321 1103 5376 sit
1117 5321 1155 5375 tui
1168 5321 1195 5375 in
1210 5319 1325 5386 inlerno,
1342 5319 1369 5375 id
1388 5326 1429 5374 est
1444 5320 1471 5374 iu
1494 5330 1615 5391 peccato,
1632 5339 1686 5395 quo
1699 5325 1743 5380 lert

92 5419 160 5478 ideo
172 5425 204 5474 tu
220 5416 267 5489 qui
281 5415 341 5488 pius
357 5431 397 5481 es,
415 5429 449 5470 ne
464 5411 576 5470 differes
592 5429 598 5468 :
616 5412 666 5468 sed
678 5411 777 5484 potius,
792 5425 819 5480 o,
947 5409 1038 5467 divina
1061 5407 1252 5465 contemnitur.
1267 5407 1297 5463 ln
1311 5405 1417 5463 inierno
1431 5417 1531 5475 autem,
1547 5409 1574 5466 id
1590 5411 1673 5467 estin
1688 5428 1743 5470 εε-

205 5523 328 5578 Parnon.
344 5519 438 5580 cxct.
1514 5516 1530 5569 l
