3878 6322
5 137 7 142 '
106 133 184 188 lbll'l
431 130 684 190 cottucrtttttn
702 133 740 188 IN
758 131 865 189 EPlS'I'.
886 132 920 187 ll.
940 131 1053 188 etati.
1075 163 1110 175 -
1128 135 1166 191 ttt
1183 135 1239 192 tte.
1260 137 1337 193 tto
1357 137 1438 195 coti.
1696 140 1766 196 teta

5 333 6 338 η
105 255 183 328 (tac.
199 255 240 326 ιι).
271 253 358 312 Aliter
384 271 453 330 ergo
481 255 689 331 intelligendum
718 265 759 314 εει
781 257 854 329 quod
869 255 955 319 hicA
999 258 1297 318 translate-ntes
1307 249 1383 318 enim
1392 262 1506 318 Domini
1515 262 1680 329 declarabit,
1696 263 1763 335 qnia

5 361 7 432 ᾗ
109 343 181 400 dicit
195 343 352 414 Apostolus.
380 346 437 400 lloc
462 353 553 400 autern
580 345 603 401 si
627 346 755 401 subtilius
779 345 915 402 disserere
966 345 1073 416 inique
1097 348 1279 416 revelabitur,
1295 354 1324 405 et
1343 351 1565 424 uniuscujusque
1586 367 1654 422 opus
1682 351 1765 422 quale

110 447 209 500 coner,
226 447 326 488 vereor
339 449 374 488 ne
385 433 418 488 ad
432 432 637 506 intelligendum
651 432 791 491 difficilior
804 433 838 489 sit
856 435 915 505 ipse
966 431 1005 485 sit
1026 431 1099 502 lpnis
1111 432 1249 502 probabit.
1269 433 1300 488 Si
1308 435 1388 504 cujus
1398 451 1467 507 opus
1477 435 1616 490 manserit
1627 434 1698 506 quod
1719 451 1766 490 su-

111 520 259 590 expositio.
275 521 370 576 Enitar
385 529 486 589 tamen,
502 531 632 594 quantum
650 523 782 578 Dominus
797 522 914 592 adjuvat,
965 519 1183 591 peredificavit,
1207 521 1363 576 mercede-m
1382 523 1514 594 accipiet.
1534 522 1564 577 Si
1587 524 1669 594 cujus
1697 537 1765 594 opus

112 607 236 663 breviter
249 615 276 664 et
292 609 421 676 dilucide,
438 618 567 681 quantum
581 618 685 682 potero,
702 611 831 683 expedire
855 626 916 682 quaa
966 609 1078 672 arserit,
1096 608 1301 665 detrimentum
1315 611 1442 680 patietur
1456 613 1538 684 ,·ipee
1553 614 1650 667 eutem
1671 611 1765 667 saluus

114 696 215 752 sentio.
233 695 321 767 Supra
335 696 540 754 tundamentum
562 699 722 755 Christiana
746 698 821 765 fidei,
846 698 916 753 alius
966 697 1031 764 erit,
1048 697 1088 752 sie
1104 701 1200 752 tamen
1215 698 1296 771 quasi
1306 700 1470 770 peripnem.

113 782 317 856 superaedificat
333 801 438 851 aurum,
460 794 612 859 argentum,
638 787 743 860 lapides
767 786 914 858 pretiosos,
1001 785 1065 840 Dies
1074 785 1151 840 enim
1161 785 1283 856 Domini,
1293 786 1321 840 id
1336 794 1378 841 est
1393 787 1452 842 dies
1462 786 1567 857 judicii,
1590 787 1617 841 in
1641 803 1696 860 quo
1716 804 1765 844 se-

111 872 139 928 is
155 872 281 930 videlicet
296 873 342 946 qui
354 874 455 947 cogitat
468 891 529 946 quae
545 876 594 930 Dei
610 883 681 942 sunt,
696 876 832 948 quomodo
856 874 916 946 pla·
966 880 1040 928 creta
1054 872 1191 942 patebunt,
1218 873 1374 930 declarabit
1397 875 1527 947 cujusque
1551 891 1631 946 opus.
1657 875 1708 933 llic
1725 883 1767 932 est

117 969 178 1018 cent
193 964 270 1030 Deo;
287 961 357 1016 alius
380 959 495 1018 aedilieat
519 979 601 1034 super
622 964 675 1020 hoc
697 963 914 1032 tundamentum,
966 960 1025 1015 dies
1039 959 1291 1032 bominisprouutu
1302 977 1351 1017 suo
1362 963 1470 1034 egentis
1480 981 1487 1024 t
1498 964 1545 1019 sed
1556 963 1703 1034 injudicio,
1721 963 1766 1020 vel

119 1051 235 1124 lignum,
252 1049 353 1117 lenum,
379 1050 517 1122 stipulam,
542 1051 565 1106 is
587 1051 713 1108 videlicet
741 1052 786 1124 qui
817 1051 917 1124 cogitat
966 1047 993 1103 iu
1002 1057 1098 1118 morte,
1109 1049 1241 1121 cujusque
1251 1057 1292 1104 est
1307 1050 1366 1105 dies
1377 1051 1496 1120 Domini,
1509 1053 1658 1108 secundum
1668 1052 1764 1108 merita

116 1157 179 1216 quse
192 1138 286 1194 mundi
297 1146 368 1204 strnt,
386 1139 522 1210 quomodo
537 1139 763 1211 placeetmundo.
773 1141 834 1195 Non
844 1139 916 1194 enim
963 1137 1118 1205 iudicantis.
1130 1138 1164 1192 Et
1173 1153 1236 1193 vere
1252 1137 1406 1204 declarabit,
1418 1141 1521 1212 quinia
1535 1142 1611 1211 ique,
1632 1140 1660 1194 id
1675 1147 1716 1195 est
1738 1140 1767 1195 in

116 1232 177 1286 haec
191 1227 243 1283 tria
258 1227 292 1282 de
311 1227 391 1281 malis
412 1227 542 1298 operibus
561 1227 720 1298 accipienda
740 1236 811 1293 sunt,
837 1226 916 1299 quasi
965 1240 1047 1297 poena
1062 1224 1221 1296 purgatoria
1245 1225 1371 1292 hominis,
1399 1227 1581 1292 revelabitur,
1612 1227 1766 1299 quicunque

116 1319 187 1374 fides
201 1315 260 1371 sine
274 1314 401 1386 operibus
417 1314 513 1380 salvet,
525 1316 596 1388 quod
612 1332 666 1372 non
680 1324 740 1383 est;
757 1315 806 1372 sed
829 1315 914 1388 ligna,
966 1313 1047 1369 modo
1060 1312 1138 1369 '74
1148 1321 1240 1386 neget,
1251 1314 1509 1387 etuninscujusque
1520 1331 1589 1388 opus
1606 1317 1689 1388 quale
1703 1319 1766 1388 suc-

117 1405 220 1470 leuum,
238 1403 373 1475 stipulam,
389 1419 445 1459 non
459 1403 577 1459 absurde
591 1413 706 1474 possunt
721 1403 807 1474 accipi
826 1420 915 1459 saecu-
966 1402 1015 1466 rit,
1029 1401 1057 1455 id
1073 1408 1114 1456 εει
1128 1399 1235 1456 firmum
1250 1403 1294 1457 vel
1309 1402 1435 1468 solubile,
1463 1404 1539 1474 mnis
1567 1401 1647 1458 luturi
1670 1403 1766 1474 judicii

117 1493 215 1549 larium
239 1507 339 1558 rerum,
366 1491 489 1562 quamvis
522 1491 596 1548 licite
627 1507 820 1548 concessarum
847 1491 915 1546 tales
964 1489 1187 1560 probabit;duos
1201 1490 1272 1545 enirn
1294 1491 1373 1562 ignes
1401 1491 1518 1562 legimus
1540 1490 1653 1563 tartaros,
1682 1507 1767 1547 unum

117 1581 288 1651 cupiditates,
306 1585 335 1634 ut
349 1578 435 1634 amitti
449 1578 507 1634 sine
522 1579 604 1634 animi
618 1579 713 1635 dolare
727 1595 782 1635 non
798 1580 912 1651 possint.
926 1609 953 1670 B
966 1583 1097 1632 aeternum
1108 1578 1334 1649 quoaeternaliter
1347 1579 1492 1650 punientur
1505 1580 1625 1651 reprobi,
1651 1580 1697 1652 qui
1720 1596 1767 1636 se-

119 1669 172 1739 Qui
187 1683 253 1742 ergo
268 1668 358 1724 adhuc
373 1676 466 1723 amant
480 1667 630 1735 secularia,
646 1676 672 1724 et
686 1669 804 1742 negotiis
826 1677 917 1726 terre·
968 1665 1210 1736 quiturjudieium,
1220 1667 1335 1722 alterum
1346 1668 1392 1740 qui
1410 1668 1548 1738 praecedet
1561 1685 1616 1740 quo
1639 1675 1766 1726 exuretur

120 1757 163 1812 nis
178 1756 309 1826 implicati
325 1763 395 1820 sunt,
409 1763 434 1812 et
450 1755 535 1812 dediti
550 1765 614 1812 sunt
628 1756 742 1813 vinculis
755 1757 917 1829 quibusdam
968 1752 1052 1809 iacies
1066 1755 1160 1809 mundi
1174 1755 1264 1825 hujus,
1282 1755 1327 1828 qui
1348 1756 1506 1812 emundabit
1528 1773 1576 1814 eos
1600 1757 1646 1829 qui
1670 1773 1767 1830 super-

118 1855 146 1902 et
170 1843 358 1901 effectionibus
391 1844 481 1900 carnis
503 1844 629 1900 domibus
652 1845 718 1912 suis,
744 1846 915 1920 conjugibus,
968 1841 1169 1898 edificaverunt
1184 1843 1298 1915 lignum,
1316 1843 1417 1913 lenum,
1434 1845 1572 1916 stipulam.
1585 1846 1641 1917 (st)
1657 1845 1709 1915 Qui
1720 1861 1766 1902 au-

118 1933 351 2006 possessionibus,
369 1939 395 1987 el
410 1939 501 1988 tamen
513 1931 659 1988 Christiani
674 1941 746 2000 sunt,
762 1934 799 1988 ita
823 1943 850 1988 ut
870 1951 919 1990 cor
968 1939 1023 1986 tem
1047 1931 1332 2002 superaedificaverunt
1355 1947 1461 1999 aurum,
1492 1941 1645 2006 argentum,
1661 1934 1766 2006 lapides

118 2037 213 2077 eorum
242 2036 296 2076 non
324 2020 462 2076 recedala
488 2019 605 2088 Christo,
635 2028 662 2076 et
689 2021 726 2075 nil
758 2030 919 2093 praeponant
968 2019 1113 2090 pretiosos,
1129 2020 1163 2074 de
1178 2028 1290 2091 utroque
1308 2019 1373 2093 igne
1394 2022 1484 2077 securi
1503 2028 1575 2088 sunt,
1601 2037 1656 2077 non
1678 2022 1767 2078 solum

118 2109 235 2174 Christo,
252 2105 387 2164 aedificant
401 2108 517 2180 lignum,
543 2107 644 2177 lenum,
669 2109 815 2180 stipulam;
842 2119 867 2165 et
889 2118 919 2165 ut
968 2107 1003 2162 de
1016 2106 1062 2162 illo
1076 2115 1179 2163 aeterno
1194 2123 1247 2179 quo
1262 2107 1289 2162 in
1304 2115 1435 2163 aeteruum
1452 2108 1624 2166 cruciaturus
1648 2117 1690 2166 est
1712 2109 1767 2164 im-

118 2197 236 2269 apertius
250 2196 351 2263 dicam,
366 2196 414 2268 qui
427 2196 501 2252 circa
516 2197 624 2252 divitias
640 2213 703 2252 suas
720 2199 839 2269 quodam
854 2214 918 2254 car·
968 2195 1038 2267 pios,
1055 2195 1103 2250 sed
1119 2196 1200 2250 etiam
1215 2197 1249 2250 de
1263 2195 1310 2251 illo
1327 2197 1514 2253 emendatorio
1528 2213 1582 2269 quo
1604 2198 1766 2271 purgabun-

118 2283 419 2350 nuliallectuteuetur,
436 2291 565 2340 ettamen
582 2285 917 2342 exeismultaseleemo-
968 2290 1011 2338 tur
1032 2284 1143 2355 quidum
1171 2284 1303 2340 salvandi.
1332 2285 1406 2357 Ignis
1434 2285 1506 2340 enirn
1536 2286 1649 2341 extremi
1672 2285 1769 2355 judicii

118 2389 202 2446 synas
216 2373 350 2441 lucit,ncc
361 2380 452 2428 tamea
468 2374 503 2429 ed
518 2389 565 2429 eas
581 2374 720 2445 augendas
736 2373 859 2429 fraudem
874 2374 918 2430 vel
968 2372 1060 2426 tandiu
1075 2371 1193 2436 durabit,
1209 2388 1353 2444 quousque
1366 2373 1473 2446 purgati
1497 2373 1550 2428 sint
1573 2373 1619 2446 qui
1642 2371 1767 2429 salvandi

120 2462 221 2534 aliquid
246 2460 349 2533 rapinae
375 2461 495 2532 molitur,
519 2477 687 2518 neccarum
708 2461 916 2518 minuendarum
968 2467 1054 2516 erant.
1068 2461 1229 2532 Etsicnjus
1246 2476 1315 2532 opus
1337 2463 1478 2517 manserit
1495 2460 1715 2532 inconsumptum
1739 2461 1767 2516 in

120 2551 162 2606 vel
178 2549 386 2605 amittendarum
400 2557 474 2605 metu
498 2549 526 2604 in
548 2549 659 2622 aliquod
679 2550 783 2606 crimen
807 2550 916 2616 labitur,
968 2549 1014 2604 illo
1028 2549 1102 2620 igue,
1122 2549 1193 2622 quod
1211 2549 1449 2622 superaedificavit
1463 2551 1586 2622 accipiet
1596 2549 1765 2629 mercedem,

120 2639 234 2711 lignum,
251 2636 352 2706 lenum,
369 2637 495 2709 stipulam
511 2635 636 2694 rediticat.
660 2637 713 2708 Qui
736 2646 823 2694 autem
848 2639 918 2694 bene
969 2637 1033 2709 quia
1047 2637 1113 2691 nihil
1127 2637 1234 2708 perdet,
1250 2647 1277 2693 et
1293 2637 1366 2709 quod
1384 2638 1488 2714 amavit
1511 2637 1640 2694 inveniet.
1663 2637 1767 2710 [dugu-

118 2727 220 2792 viruut,
237 2733 264 2782 et
275 2726 361 2782 Deum
376 2726 521 2792 honorant,
545 2733 571 2782 et
592 2725 711 2794 laudant,
736 2734 762 2781 ει
783 2728 918 2798 patientes
969 2725 1067 2798 atinus]
1076 2726 1140 2792 Sed,
1159 2727 1184 2780 si
1204 2726 1284 2798 cujus
1300 2742 1368 2796 opus
1389 2727 1502 2794 arserit,
1519 2725 1546 2780 it
1563 2734 1604 2782 εει
1621 2726 1768 2784 cremabile

118 2822 181 2871 sunt
195 2813 222 2868 in
237 2813 462 2877 tribulationibus,
476 2813 917 2885 etdesiderantpatriem,aurum,
970 2813 1031 2879 erit,
1044 2813 1222 2885 illepatteter
1232 2814 1436 2870 detrimentum
1453 2813 1567 2870 minoris
1583 2814 1687 2888 gloriae.
1709 2815 1767 2888 (35)

119 2910 269 2974 argeutum,
294 2902 398 2973 lapides
421 2901 558 2972 pretiosos
577 2901 723 2958 edificant.
752 2903 816 2957 llaec
845 2901 918 2958 enirn
970 2900 1456 2974 Vel,patieturaliquidpoenae;ipsc
1470 2907 1567 2958 autem
1587 2903 1681 2959 saluus
1698 2904 1766 2970 erit,

119 2991 168 3046 tria
182 2989 314 3047 aedificant
335 2997 536 3062 contemptores
560 2990 663 3056 saeeuli,
686 2989 732 3062 qui
755 2989 847 3045 ornnie
869 3006 919 3045 sua
968 2996 1081 3060 propter
1099 2987 1303 3042 tundamentum
1318 2987 1508 3044 Christumcui
1525 2989 1591 3043 nihil
1606 2989 1764 3060 preposuit.

119 3080 283 3151 pauperibus
302 3080 375 3146 dant,
405 3079 449 3136 vel
478 3079 523 3152 qui
552 3087 682 3150 tanquam
709 3093 764 3133 non
788 3077 918 3133 babentes
968 3075 1013 3131 Sic
1023 3084 1113 3131 emen
1124 3074 1214 3130 salvus
1225 3075 1286 3140 erit,
1302 3077 1383 3146 quasi
1400 3091 1459 3131 rem
1472 3075 1648 3132 cremabilem
1663 3075 1763 3144 serens,

120 3169 229 3224 babent.
246 3169 304 3224 Nee
317 3167 416 3223 lmstra
435 3167 486 3223 tria
514 3175 541 3223 et
568 3167 622 3223 tria
645 3167 786 3239 expressit.
809 3167 918 3222 'durum
967 3181 1018 3237 per
1027 3165 1123 3236 qnam
1132 3163 1298 3219 transitorie
1307 3163 1496 3234 tribulationis,
1506 3181 1559 3236 qua
1571 3173 1690 3220 cremata
1703 3181 1766 3223 eva-

122 3257 194 3312 enim
208 3255 354 3323 aedificant,
384 3256 412 3311 iu
439 3255 667 3326 contemplatione
691 3255 751 3322 Dei,
774 3264 917 3328 argentum
969 3253 1008 3309 dit
1017 3253 1086 3323 ipse,
1097 3253 1349 3324 etpostistiussane
1359 3250 1712 3323 eorporismortem,donec
1722 3269 1768 3310 re-

119 3346 147 3402 in
162 3345 306 3402 dilectione
320 3343 446 3416 proximi,
462 3344 568 3416 lapides
582 3345 718 3416 pretiosos
743 3343 770 3399 in
789 3343 918 3417 operibus
968 3341 1058 3397 nietur
1079 3341 1114 3396 ad
1135 3341 1207 3397 diem
1224 3340 1403 3396 damnationis
1427 3347 1454 3394 et
1474 3340 1708 3412 remunerationis,
1743 3341 1766 3397 si

119 3433 208 3502 bonis,
223 3450 284 3506 quaa
297 3449 352 3489 nou
365 3440 560 3489 consumuntur
574 3433 609 3489 ab
619 3433 692 3507 igne,
710 3434 760 3489 sed
784 3432 850 3488 nihil
874 3431 917 3488 vel
968 3430 1020 3486 boc
1034 3429 1164 3500 temporis
1192 3429 1332 3485 interuallo
1362 3428 1472 3500 spiritus
1500 3427 1690 3485 detunctorum
1719 3431 1766 3502 qui

119 3537 215 3594 parum
231 3519 608 3593 senti-rint.lignum,lenum,
627 3521 753 3593 stipulam
772 3518 916 3586 aerlitieant,
967 3515 1137 3574 aedificarunt
1159 3517 1273 3589 lignum,
1302 3516 1404 3583 tenum,
1433 3517 1571 3590 stipulam.
1602 3517 1763 3588 Huiusmodi

119 3610 164 3683 qui
178 3618 205 3666 ει
213 3611 236 3665 εἰ
251 3609 340 3665 aliena
354 3625 409 3665 non
422 3611 540 3680 rapiunt,
563 3610 646 3665 rebus
657 3617 747 3665 tamen
769 3608 917 3664 infirmitati
968 3606 1060 3679 ignem
1075 3606 1203 3662 dicuntur
1217 3605 1330 3676 perpeti,
1347 3619 1429 3677 quern
1443 3605 1488 3660 alii
1503 3621 1558 3661 non
1572 3606 1700 3674 sentiunt,
1717 3605 1763 3677 qui

120 3699 256 3754 concessis
271 3698 362 3770 aliqua
378 3697 556 3754 delectatione
580 3697 720 3764 inherent,
746 3697 792 3770 qui
816 3713 917 3754 secun·
967 3694 1123 3764 hujusmodi
1142 3691 1370 3749 aedifieia'secum
1387 3708 1442 3748 uon
1461 3701 1647 3764 portaverunt,
1670 3701 1699 3747 ut
1721 3691 1765 3746 in-

120 3788 183 3843 dum
199 3803 263 3843 suos
282 3785 390 3842 amandi
413 3787 471 3841 haec
493 3786 601 3853 modos,
625 3786 724 3841 diutius
748 3795 777 3840 ut
801 3786 915 3858 lignum,
968 3782 1078 3838 veniant
1093 3783 1185 3854 ignem
1201 3781 1363 3836 transitoriae
1377 3780 1567 3846 tribulationis,
1577 3779 1694 3836 venialia
1704 3795 1764 3837 cre·

121 3877 163 3932 vel
178 3876 267 3932 minus
281 3882 310 3930 ut
325 3875 426 3944 tenum,
438 3874 481 3930 vel
492 3875 633 3929 minimum
652 3882 681 3929 ut
702 3874 801 3945 stipula
824 3875 917 3945 ignem
968 3879 1087 3926 mantem
1104 3888 1110 3926 :
1126 3885 1181 3925 non
1194 3870 1340 3941 redarguo,
1367 3869 1431 3941 quia
1459 3867 1573 3925 forsitan
1599 3885 1696 3925 verum
1709 3877 1761 3941 est,

121 3964 299 4021 sustinebunt.
316 3964 350 4018 Et
365 3963 426 4035 quia
441 3963 500 4019 baec
513 3964 572 4020 Deo
585 3979 641 4018 non
654 3969 823 4035 praeponunt,
848 3961 917 4018 salvi
967 3960 1016 4015 sed
1031 3959 1094 4030 quia
1109 3959 1215 4024 dieitur,
1232 3958 1325 4014 salvus
1339 3957 1398 4022 erit,
1416 3957 1597 4013 contemnitur
1611 3957 1656 4014 ille
1677 3957 1760 4032 ignis.

121 4061 200 4109 erunt
212 4069 262 4125 per
278 4052 492 4107 tundamentum.
510 4050 562 4120 Qui
577 4067 642 4108 vero
657 4052 715 4106 hac
729 4052 787 4106 Deo
807 4066 917 4122 praepo·
968 4047 1086 4103 Gravior
1100 4055 1188 4102 tamen
1203 4047 1248 4103 ille
1262 4047 1314 4102 erit
1331 4046 1415 4118 ignis,
1431 4063 1512 4119 quem
1528 4047 1660 4119 quidquid
1673 4056 1764 4120 potest

120 4149 195 4208 nunt,
211 4141 254 4198 vel
268 4140 382 4197 crimina
405 4139 583 4206 committunt,
613 4155 667 4194 non
691 4137 915 4211 superaedificant,
967 4137 1048 4191 bomo
1062 4135 1117 4206 peti
1132 4135 1159 4190 in
1175 4135 1225 4191 bae
1239 4135 1303 4190 vita.
1320 4135 1376 4206 (36)
1392 4133 1441 4190 Vel
1464 4135 1500 4190 ita
1523 4143 1614 4207 potest
1629 4136 1682 4192 dici
1703 4136 1764 4192 dies

121 4230 169 4286 sed
183 4231 325 4286 destruunt
338 4228 552 4284 tundamentum.
567 4228 602 4282 Et
616 4235 657 4284 est
671 4243 768 4282 seusus
784 4245 790 4282 :
807 4227 836 4282 Si
856 4226 917 4298 quis
967 4223 1085 4292 Domini,
1102 4231 1131 4279 ut
1145 4223 1178 4278 de
1195 4222 1237 4278 die
1252 4223 1390 4295 praesenti,
1407 4231 1433 4278 et
1451 4223 1516 4297 igue
1538 4224 1667 4295 praesenti
1690 4225 1765 4282 acei-

120 4317 234 4374 aediticat
249 4333 331 4388 super
345 4316 546 4372 laudamentum
561 4317 622 4382 boc,
637 4316 665 4370 id
689 4325 730 4372 est
745 4331 825 4387 supra
835 4307 953 4370 lidemD
967 4313 1065 4384 piatur.
1080 4313 1148 4366 Nam
1163 4310 1245 4367 etiarn
1259 4311 1303 4367 bic
1323 4311 1382 4368 dies
1404 4312 1512 4368 Domini
1533 4320 1583 4382 est,
1609 4313 1674 4369 dum
1692 4313 1765 4383 judi·

120 4407 227 4474 Christi,
258 4422 363 4473 aurum,
394 4403 601 4476 contemplando
629 4405 732 4472 Deum;
762 4411 915 4477 argentum,
967 4401 1039 4458 cium
1052 4399 1146 4471 incipit
1160 4416 1176 4455 a
1190 4401 1271 4456 darno
1285 4399 1335 4456 Dei
1351 4401 1374 4470 (l
1385 4402 1461 4456 Pctr.
1477 4403 1527 4470 tv),
1550 4400 1578 4455 id
1601 4408 1643 4456 est
1667 4415 1683 4456 ε
1707 4400 1763 4456 sal-

120 4495 258 4569 diligendo
273 4495 448 4567 proximum3
464 4493 569 4564 lapides
584 4493 729 4564 pretiosos,
745 4493 819 4548 bona
833 4507 917 4563 opera
966 4489 1071 4556 vendis,
1087 4489 1178 4560 incipit
1193 4505 1274 4560 poeua
1288 4505 1350 4560 quae
1363 4488 1596 4545 consummabitur
1613 4489 1641 4544 in
1664 4505 1763 4562 repro-

124 4582 259 4650 taeiendo,
275 4582 303 4637 id
319 4590 361 4639 est
375 4581 420 4655 qni
434 4583 502 4637 tales
524 4589 594 4647 sunt,
619 4589 648 4636 ut
672 4589 775 4636 tanturn
796 4580 916 4652 cogitent
965 4577 1017 4633 bis.
1034 4577 1098 4634 ldeo
1112 4577 1183 4634 enim
1199 4578 1243 4635 bic
1257 4577 1405 4648 puniuntur
1418 4576 1506 4647 electi,
1532 4585 1561 4632 ut
1583 4577 1621 4632 ibi
1641 4593 1696 4634 non
1712 4595 1763 4650 pn·

121 4688 181 4743 quaa
197 4671 246 4726 Dei
257 4678 327 4727 suut.
343 4672 378 4727 Et
397 4671 420 4725 si
448 4670 509 4742 quis
536 4667 651 4726 aedilicat
678 4669 792 4742 lignum,
814 4668 914 4738 lenum,
965 4666 1083 4729 niantur,
1101 4666 1129 4721 in
1144 4682 1197 4738 quo
1212 4666 1255 4722 die
1270 4674 1312 4721 est
1326 4665 1488 4737 etiamignis
1509 4665 1686 4722 tribulationis
1707 4682 1762 4738 quo

121 4758 256 4830 stipulam,
278 4759 305 4814 id
333 4766 374 4815 est
403 4759 448 4830 qui
475 4757 517 4813 his
546 4757 741 4830 temporalibus
769 4757 916 4812 infirmitati
966 4754 1051 4810 uritur
1063 4771 1140 4811 amor
1154 4753 1342 4826 temporalium
1357 4769 1458 4822 rerum,
1473 4754 1538 4809 dum
1553 4754 1677 4810 homines
1696 4769 1757 4811 eon·

119 4848 244 4902 humanae
257 4846 396 4903 concessis
410 4853 521 4902 utuntur
539 4863 599 4903 eum
623 4847 713 4919 aliquo
734 4861 835 4912 amore,
859 4845 914 4902 sei·
964 4844 1105 4899 tristantur
1128 4842 1246 4898 arnissis.
1277 4842 1355 4898 Unde
1383 4842 1502 4899 dicitur:
1541 4843 1762 4900 tribulationem

119 4936 182 4992 licet
196 4935 260 4990 dum
282 4935 362 4992 divisi
384 4935 503 5008 cogitant
526 4952 587 5008 quaa
610 4935 704 4990 mundi
721 4942 793 5002 sunt,
818 4935 915 5005 quibus
964 4929 1762 5004 carnisbabebuntbuJ'usmodithcr.stt).[Augustinusl.

118 5024 176 5080 sine
202 5023 296 5080 dolore
322 5039 418 5079 carere
445 5039 499 5079 non
536 5032 659 5095 possunt,
701 5023 915 5096 uniuscujusque
964 5019 1042 5089 Quod
1056 5020 1128 5076 enirn
1144 5019 1202 5074 sine
1216 5019 1343 5075 illiciente
1370 5034 1460 5075 amore
1486 5035 1540 5075 non
1561 5019 1672 5086 habent,
1702 5018 1762 5076 sine

118 5129 186 5185 opus
214 5111 386 5169 manifestum
413 5111 464 5168 erit
491 5113 608 5178 laudern,
639 5119 666 5168 et
693 5112 717 5168 si
738 5127 794 5167 non
821 5113 912 5169 modo.
964 5116 1059 5164 urente
1073 5107 1167 5163 dolore
1181 5107 1371 5178 nonperdunt.
1387 5106 1473 5177 Quasi
1486 5106 1760 5164 dicat:llanilestum

117 5203 150 5258 Et
165 5219 240 5268 vere,
963 5197 1034 5265 erit;
1049 5197 1108 5253 dies
1122 5197 1195 5252 enim
1210 5197 1327 5265 Domini,
1345 5195 1448 5254 scilieet
1461 5197 1521 5253 dies
1543 5195 1687 5269 proesentis
1708 5195 1760 5254 tri-

161 5378 202 5433 tt}
220 5379 378 5447 Augustinus,
392 5379 417 5431 lu
429 5380 524 5444 pulmo
535 5393 622 5432 marti.
998 5371 1053 5440 (ta)
1071 5372 1119 5440 td,
1133 5373 1158 5426 in
1170 5375 1265 5440 panna
1277 5386 1355 5426 cxxtt.

160 5445 207 5515 tt)
226 5448 274 5514 ld,
287 5449 323 5502 lte
335 5447 403 5501 civit.
416 5447 470 5500 ltel.
