3946 6070
160 205 230 268 rere
826 185 928 256 lariti
955 195 1144 256 ιοιιιιιιιιιι.
1743 207 1816 262 ioco

165 336 206 396 eet
219 337 305 400 opera
315 324 435 396 laetitiae.
453 325 508 388 sed
523 323 586 398 nata
595 323 648 382 hoc
662 335 717 382 non
731 321 762 378 tit
788 321 842 382 aiei
855 337 904 394 per
916 321 997 388 ιιι-Α
1048 328 1145 382 Naana
1159 331 1216 384 tna
1226 331 1358 400 fecerunt
1368 343 1424 396 me,
1437 329 1530 402 ling,
1545 329 1814 402 Ambr.]secnndum

160 417 317 484 lectionem,
332 415 380 477 uti
393 415 513 480 suavitas
533 421 585 474 est.
1012 414 1130 470 animam
1153 416 1188 471 ad
1211 417 1361 490 imaginem
1384 425 1410 473 et
1434 417 1639 476 similitudinem
1661 425 1756 488 tuam,
1783 425 1814 476 ct

195 507 280 562 Vana.
297 509 314 562 8
329 504 397 578 (li).
409 533 444 548 -
456 525 467 555 ι
480 505 583 560 Bonum
594 501 713 562 miniter
723 501 780 560 oris
800 501 858 567 tui;
879 515 963 573 super
1011 497 1227 568 plasmaverant
1242 515 1297 566 ene,
1312 499 1365 566 vel,
1377 505 1564 572 parauerunt,
1577 500 1630 568 vel,
1647 500 1813 570 tinxerant,

161 617 174 648 ι
191 594 275 650 millia
289 593 346 650 auri
360 602 387 649 et
401 593 521 667 argenti.
542 613 554 642 ι
1013 586 1162 641 secundnm
1177 603 1286 659 corpus,
1304 589 1455 644 secundum
1479 589 1550 660 quod
1565 603 1661 644 omnes
1676 588 1704 643 in
1724 589 1815 645 Adam

196 686 305 748 Bonum
320 683 402 742 milti.
418 680 554 761 [Cassiod.
571 680 656 739 Hilar.
669 678 794 736 Cassiod.
807 677 897 753 Aug]
912 677 963 734 Hic
1013 673 1085 732 tecit.
1102 674 1152 733 tei
1172 676 1200 732 in
1224 676 1395 748 singulorum
1419 677 1594 750 generatione
1616 693 1713 732 omnes
1736 677 1812 734 iacit.

161 772 320 844 frequenter
335 771 414 826 iterat
428 771 539 838 bonnm,
556 769 619 841 quia
630 785 740 840 semper
754 767 844 840 magis
858 766 963 822 dulces·
1014 766 1110 820 lienus
1134 781 1200 822 vero
1223 765 1284 833 Dei,
1309 766 1440 837 accipitur
1462 766 1548 822 virtus
1569 765 1754 838 operationis;
1770 767 1815 822 vel

90 921 96 930 ,
159 861 207 922 cit,
223 859 307 934 Quasi
320 859 393 916 dicat
408 877 414 912 :
431 859 505 914 bona
518 865 559 912 est
578 857 735 924 humiliatio,
765 856 830 929 qnia
862 857 964 914 bonum
1014 854 1078 927 quia
1092 855 1233 925 pluraliter
1246 854 1320 923 dicit,
1336 871 1431 910 manus
1445 863 1509 921 tuae,
1534 855 1704 928 accipiuntur
1726 855 1815 912 virtus

163 948 285 1026 estquod
292 947 355 1004 inde
362 947 520 1020 acquiritur.
533 948 641 1004 Bonam
651 953 692 1000 est
699 945 781 1000 etiam
789 946 836 1000 tea
844 944 900 1000 oria
909 945 961 1000 tni.
1014 951 1040 999 ει
1050 943 1183 1014 sapientia
1195 944 1279 1015 ,quod
1289 951 1434 1016 utrumqne
1444 943 1567 1000 cbristus
1582 952 1633 1000 est.
1648 943 1699 1000 Vel
1713 959 1814 1000 manus

163 1038 218 1098 Lex
233 1036 455 1112 estevangelium
465 1034 767 1108 oreGhristiprolatum
786 1034 891 1089 Bonum
901 1031 963 1089 dico
1013 1031 1063 1086 Dei
1079 1031 1176 1103 patris,
1194 1040 1256 1088 sunt
1271 1032 1354 1088 Filius
1363 1041 1390 1089 ει
1403 1032 1519 1104 Spiritus
1529 1042 1641 1089 sanctus
1657 1033 1701 1105 qui
1717 1048 1816 1105 coepe·

165 1124 286 1190 262
296 1125 557 1202 supermittiaaart
568 1125 821 1194 etarpentimuper
831 1121 916 1176 millia
926 1120 965 1176 di·
1015 1129 1119 1176 rantur.
1136 1121 1197 1176 Non
1212 1129 1254 1176 est
1267 1121 1358 1193 itaque
1372 1123 1424 1178 hoc
1448 1122 1614 1177 contrarium
1635 1121 1674 1176 illi
1697 1122 1771 1194 quod
1786 1121 1815 1176 in

163 1215 198 1270 cit
208 1212 322 1284 inlicite,
339 1213 401 1288 quia
412 1213 519 1269 bonitas
530 1211 763 1282 comparationem
778 1210 894 1266 similem
909 1224 964 1263 non
1015 1210 1166 1281 Evangelio
1181 1210 1279 1266 dicitur
1292 1211 1327 1266 de
1340 1211 1433 1269 Verbo
1448 1211 1499 1266 Dei
1516 1229 1522 1265 :
1540 1211 1641 1266 Omnia
1659 1211 1816 1283 peripsum

162 1309 269 1373 poterat
290 1301 424 1368 invenire,
453 1300 512 1355 Hoc
539 1308 631 1355 autem
658 1299 798 1370 praemisit,
815 1308 841 1354 et
868 1305 965 1370 postea
1014 1302 1174 1370 factasunt
1190 1301 1281 1368 (toan.
1298 1299 1329 1370 1).
1345 1299 1420 1354 Idem
1436 1299 1509 1354 enim
1524 1307 1564 1356 est
1580 1299 1695 1356 verbum
1710 1298 1770 1366 Dei,
1788 1307 1816 1354 et

162 1389 294 1462 adjunxit,
312 1389 371 1452 auri
385 1397 412 1444 et
427 1389 543 1460 argenti,
556 1397 585 1444 nt
604 1388 771 1460 comparatio
789 1387 848 1442 auri
870 1394 897 1441 ει
916 1401 964 1440 ar·
1015 1402 1113 1442 manus
1128 1388 1188 1444 Dei.
1209 1388 1364 1443 Notandum
1388 1389 1488 1461 qnippe
1512 1389 1585 1460 quod
1605 1403 1714 1462 magne
1736 1403 1816 1444 com-

163 1479 238 1552 genti
253 1478 407 1548 vilesceret,
425 1485 562 1549 quaesunt
588 1477 728 1552 praecipua
755 1475 871 1548 cupidis.
903 1475 965 1530 ideo
1015 1476 1196 1532 mandationis
1210 1493 1276 1531 usus
1292 1485 1333 1531 est
1347 1477 1469 1545 exordio,
1486 1492 1548 1533 cum
1563 1493 1632 1549 opus
1647 1477 1698 1532 Dei
1709 1493 1738 1532 se
1754 1493 1817 1532 esse

163 1583 232 1644 erga
246 1567 320 1636 dicit,
338 1583 429 1639 super,
447 1567 512 1640 quia
526 1565 643 1636 amplius
659 1564 747 1638 diligit
777 1564 895 1620 charitas
922 1563 963 1618 le·
1016 1567 1090 1634 dicit,
1108 1566 1156 1621 sed
1172 1575 1317 1636 utramque
1333 1566 1521 1637 scincturam,
1537 1581 1591 1638 quo
1614 1565 1720 1624 facilius
1743 1565 1817 1622 circa

161 1673 225 1737 gem
241 1656 300 1723 Dei,
319 1671 401 1732 quam
416 1655 549 1730 cupiditas
559 1653 644 1712 millia
658 1655 716 1708 auri
732 1662 757 1710 ει
772 1653 889 1726 argenti.

413 1769 545 1812 comario
561 1770 591 1812 nv
605 1767 631 1814 ta
647 1769 730 1810 rara.

198 1847 317 1908 vensi
341 1844 409 1914 tid).
425 1873 459 1884 -
490 1843 680 1914 disciplinam
722 1841 904 1911 Hieronymus
939 1849 965 1896 ει

166 1915 280 1978 sanctes
296 1920 415 1982 vertunt,
433 1929 608 1979 sermonem;
626 1911 765 1967 Pratensis
794 1919 821 1964 et
847 1910 965 1966 Pelliee-

164 2000 226 2052 nus,
243 1984 396 2052 nobiscum,
414 1982 618 2054 disciplinam
633 1981 822 2037 translatorad
833 1982 966 2053 Campen-

165 2071 233 2122 sem,
250 2054 437 2110 consimiliter.
454 2056 609 2108 Hunsterus
625 2053 707 2108 habet
740 2056 846 2117 natam,
868 2053 907 2108 sic
921 2061 965 2107 ta-

164 2141 228 2182 men
242 2133 270 2180 ιιι
284 2125 347 2180 velit
362 2124 450 2195 accipi
464 2139 515 2195 pro
530 2132 605 2180 recto
621 2071 890 2192 sensufinierprees
925 2139 967 2178 ro·

165 2197 305 2266 Caietano,
321 2195 414 2251 dieunt
423 2195 629 2251 intentionem.
641 2196 726 2249 Porro
741 2203 808 2258 nain
823 2141 966 2249 ruinale—

164 2267 245 2324 lvmeis
262 2274 342 2322 sonat
355 2267 508 2334 rationem,
524 2267 686 2330 consitium,
710 2265 861 2337 inquiam,
885 2280 967 2334 crpu-

164 2339 384 2406 mentationem,
401 2344 427 2392 ει
441 2335 610 2405 hujusmodi.

202 2409 287 2464 Vens.
298 2408 599 2479 3(67).-Priusqnam
615 2406 795 2462 humiliarer.
812 2416 889 2469 ιιιιιιι
900 2415 966 2466 :ltin

165 2493 258 2534 mast
272 2493 377 2533 εειιεε.
394 2478 577 2548 Hieronymus
592 2475 720 2539 traduxit,
742 2480 896 2548 antequam
921 2493 969 2531 αιι-

165 2551 267 2608 dicata.
282 2549 443 2619 Campensis
458 2547 602 2614 consentit,
621 2549 790 2619 prinsquam
815 2547 968 2617 diligenter

166 2621 363 2682 amentnrem
375 2619 411 2676 ad
421 2619 558 2679 mandata
575 2621 642 2685 tna,·
655 2616 811 2684 Nehienais,
823 2617 969 2687 responde·

167 2706 238 2746 rem.
256 2700 312 2760 my
325 2703 413 2754 anau,
430 2688 590 2758 ambiguum
605 2694 656 2741 est.

201 2759 287 2814 Vana.
305 2762 330 2812 a.
349 2757 416 2829 (69).
432 2789 467 2798 -
481 2758 675 2828 Multiplienta
690 2760 733 2812 cat
749 2773 835 2829 anper
855 2773 899 2812 mc
914 2758 970 2811 ini-

167 2829 270 2901 quitus.
278 2829 461 2899 Hieronymus
472 2827 597 2883 eteaeteri
607 2827 835 2898 applicaverunt,
847 2843 895 2883 seu
903 2843 968 2882 con·

168 2923 642 2991 cinnarnntmilti,siveadoevsnm
651 2908 968 2988 memendaciam.55m

165 3009 283 3055 emata.
296 2994 442 3069 significat,
452 2995 572 3060 addidit,
584 2995 735 3066 applicuit.
752 2994 807 3062 Qui
815 3010 879 3049 vero
894 2994 969 3049 addit

164 3067 335 3138 multiplicat,
353 3075 382 3124 ut
396 3066 535 3126 versiones
551 3065 579 3120 in
594 3066 645 3120 lioc
659 3064 726 3120 nihil
741 3065 851 3120 distent.
868 3065 964 3120 Omnis

167 3138 277 3196 tandem
291 3139 439 3210 iniqnitas,
457 3144 500 3192 est
512 3135 640 3210 qnaedtun
653 3137 780 3208 salsitas,
805 3137 919 3192 vanitas
933 3151 965 3193 aa

167 3207 366 3276 mendacinm;
381 3207 454 3280 quod
468 3215 510 3262 est
526 3216 591 3293 epid
604 3221 719 3268 senona.

201 3313 288 3376 lpas,
303 3315 319 3368 6
334 3313 402 3386 (to).
414 3342 448 3352 -
463 3313 544 3370 Sient
554 3313 608 3368 lac.
619 3311 779 3383 Hieronym.
794 3314 870 3370 ticet
881 3313 967 3384 adeps

166 3393 225 3480 ssll
239 3424 330 3472 mann
344 3417 387 3472 εει
400 3410 497 3482 adeps,
509 3393 624 3474 aeduin
636 3421 737 3476 aima,
746 3417 788 3465 εει
804 3409 968 3468 tce.Sensns

165 3495 220 3544 nou
234 3487 362 3544 munitur.
517 3561 527 3600 l
543 3566 605 3605 ton.

201 3640 299 3696 danus
316 3643 383 3696 tnae.
408 3638 554 3713 [Cassiod.,
580 3639 698 3705 ambr..
724 3639 843 3712 illenim]
866 3640 896 3694 ln
919 3641 970 3695 hac

165 3727 275 3786 decima
289 3727 378 3784 littere
393 3727 562 3784 intellectum
575 3728 768 3784 mandatorum
789 3728 839 3782 Dei
854 3728 915 3783 dari
930 3728 970 3782 si-

166 3815 195 3871 bi
208 3816 284 3887 petit,
301 3825 330 3872 ut
345 3831 410 3873 vera
424 3816 480 3872 vita
491 3815 606 3871 truatur.
619 3816 780 3886 Quamquia
790 3831 872 3872 nemo
886 3817 971 3872 habe-

167 3904 295 3974 revelet,
310 3904 363 3964 diei
374 3911 489 3976 peccata
498 3903 671 3971 confiteatur,
684 3905 757 3976 quod
767 3905 885 3960 maxime
900 3903 929 3958 fit
944 3904 971 3958 in

170 3993 305 4064 adversis,
321 3992 384 4054 ideo
398 3993 583 4066 prescribitur
610 3993 699 4050 littera
727 3995 777 4052 lod
804 4011 866 4064 qnae
887 3993 971 4048 iuter-

168 4087 291 4152 pretatur
305 4083 444 4144 aonscen'c
455 4080 499 4136 vel
514 4081 661 4148 desolatio,
674 4082 747 4154 quod
760 4082 831 4137 bene
845 4081 973 4138 convenit

172 4167 256 4230 Citius
271 4167 344 4228 cuim
359 4167 524 4227 confitentur
539 4169 586 4240 qui
600 4169 717 4224 desolati
742 4177 803 4224 sunt
827 4168 854 4224 in
870 4169 973 4224 adver-

174 4255 222 4316 sis.
238 4255 268 4316 Iu
283 4255 410 4316 secundis
439 4253 539 4331 quippe
568 4256 637 4314 solet
666 4257 748 4312 homo
775 4256 879 4312 extolli.
907 4257 973 4312 Cum

172 4341 246 4398 enim
260 4349 374 4419 urgetur
388 4341 523 4412 adversis,
541 4349 604 4400 tunc
618 4343 741 4400 divinum
755 4344 884 4414 implorat
897 4344 972 4400 auxi-

172 4429 248 4494 lium.
266 4430 334 4490 Cum
348 4436 410 4492 ente
424 4430 574 4488 succedunt
588 4447 731 4503 prospera,
748 4431 778 4486 iit
792 4431 898 4488 animus
914 4432 974 4488 ela-

173 4517 319 4592 tiorffld).
335 4518 976 4592 interpretaturetiamlodecicntiamvelprin-

173 4607 280 4683 cipiunt
294 4616 406 4682 propter
415 4607 577 4678 quodetiam
590 4615 662 4664 recte
673 4608 737 4664 huic
747 4609 885 4664 octonario
900 4625 976 4680 prae-

172 4695 307 4766 scribitur,
322 4695 387 4768 quia
401 4695 445 4754 hic
458 4695 573 4754 docetur
599 4697 682 4752 homo
710 4705 819 4752 creatus
840 4713 902 4752 esse
922 4697 976 4752 im·

174 4783 311 4855 passibilis
325 4790 352 4838 et
365 4783 537 4852 immortalis,
554 4791 580 4842 et
601 4784 628 4840 in
656 4785 823 4855 plenitudine
844 4786 974 4852 seientia,

174 4871 209 4926 ad
224 4887 307 4944 quam
322 4871 503 4926 bonushomo
514 4871 651 4927 desiderat
664 4873 772 4939 reverti,
792 4874 869 4944 cujus
883 4873 911 4929 in
924 4875 977 4930 hac

176 4959 230 5015 vita
244 4959 351 5014 initium
366 4959 449 5014 habet
463 4959 639 5016 intellectum.
653 4959 737 5029 Quasi
748 4961 821 5016 dicat
838 4979 844 5014 :
860 4963 914 5016 Lex
930 4969 976 5017 tna

175 5055 217 5103 est
230 5048 296 5102 mlhl
311 5047 412 5103 bonnm
423 5064 506 5118 super
521 5047 615 5102 millia.
633 5049 666 5102 Et
680 5048 789 5114 merito,
805 5050 868 5120 quia

209 5137 294 5192 Vsus.
308 5140 333 5191 l.
349 5135 416 5206 (73).
433 5166 468 5175 -
485 5137 605 5190 «Manus
615 5142 667 5190 tuae
683 5135 806 5192 lecerunt
821 5145 900 5193 meet
914 5137 975 5208 pla-

178 5245 190 5276 ι
207 5231 365 5281 amaverunt
389 5241 451 5291 mee
465 5224 501 5280 da
530 5223 596 5278 mihi
623 5223 800 5290 intellectum,
815 5234 844 5280 ut
871 5225 974 5282 discam

177 5311 334 5367 «mandata
347 5319 401 5368 ιιιι.
430 5337 440 5360 ι

211 5485 284 5554 (lid)
297 5489 342 5540 lod
353 5491 498 5554 principium
512 5505 543 5543 ex
555 5493 622 5544 Hiar.
637 5493 667 5544 ad
679 5493 778 5544 Paulam
791 5492 909 5543 urbicam.

974 1685 1002 1743 Β
1016 1655 1107 1727 operis
1131 1654 1173 1709 sui
1195 1655 1310 1725 gratiam
1334 1654 1411 1711 favor
1434 1655 1611 1712 inclinaretur
1633 1655 1775 1722 auctoris,
1791 1664 1827 1721 et,

1015 1745 1129 1816 grandis
1153 1743 1237 1799 etiam
1259 1744 1378 1799 hominis
1405 1745 1587 1816 praerogativa
1607 1751 1815 1800 monstraretur.

1015 1833 1168 1889 Preticsum
1184 1833 1285 1904 quippe
1300 1848 1369 1903 opus
1384 1833 1434 1888 Dei
1446 1841 1488 1888 est
1502 1834 1602 1898 hom03
1619 1833 1655 1888 de
1667 1833 1727 1887 aliis
1738 1847 1818 1888 nam-

1016 1937 1069 1994 que
1084 1921 1214 1992 operibus
1237 1921 1359 1994 legitur:
1385 1923 1476 1989 dicit,
1492 1927 1521 1977 ct
1531 1923 1610 1992 tacta
1633 1926 1702 1977 eant
1726 1923 1817 1992 (Paul.

1016 2011 1150 2080 cxcv111);
1167 2009 1659 2081 hominemveromanibnsfiguravit‚
1669 2010 1748 2082 quasi
1764 2016 1820 2064 stu-

1016 2098 1119 2153 diosius
1134 2113 1250 2169 operans
1264 2098 1291 2152 in
1305 2098 1423 2153 hominis
1447 2099 1595 2164 creatione,
1612 2098 1647 2153 de
1670 2113 1723 2170 qua
1738 2099 1818 2170 quasi

1017 2186 1134 2258 quodam
1152 2186 1267 2244 consilio
1281 2195 1344 2242 ante
1358 2194 1463 2254 tractat,
1475 2183 1561 2258 auam
1577 2185 1632 2255 fiat,
1651 2194 1678 2242 et
1692 2187 1819 2258 specialis

1016 2277 1139 2331 hortatus
1145 2275 1299 2346 praecessit:
1311 2277 1459 2332 Faciamus
1468 2277 1612 2332 hominem
1620 2276 1818 2346 adimagincm

1017 2368 1046 2420 et
1056 2364 1280 2420 sirnititadincm
1290 2367 1421 2420 nostram
1430 2365 1509 2433 (Gen.
1522 2369 1553 2429 rt.
1567 2362 1650 2433 Quasi
1658 2363 1702 2420 Hic
1712 2364 1818 2420 laboret

1018 2452 1102 2518 Deus,
1132 2460 1161 2507 ut
1186 2453 1308 2508 studiosa
1324 2453 1446 2524 operatio
1463 2453 1491 2506 in
1516 2453 1570 2509 hoa
1585 2459 1702 2518 notetur,
1733 2453 1818 2508 Tanta

1017 2540 1136 2611 denique
1153 2548 1195 2595 est
1213 2541 1331 2596 hominis
1353 2541 1481 2614 dignitas,
1508 2541 1582 2614 quod
1604 2543 1688 2596 homo
1709 2541 1819 2615 legatur

1019 2629 1115 2683 sedere
1129 2628 1163 2683 ad
1178 2625 1322 2684 dexteram'
1333 2629 1394 2696 Dei,
1405 2645 1461 2684 non
1471 2630 1593 2701 angelus,
1611 2631 1657 2702 qui
1665 2631 1701 2686 ab
1711 2630 1819 2704 angelis

1018 2718 1177 2773 honoratur.
1193 2719 1254 2789 lpse
1283 2725 1323 2774 est
1352 2717 1507 2790 unigenitus
1522 2719 1581 2782 Dei,
1604 2718 1650 2790 qui
1671 2725 1712 2774 εει
1725 2719 1819 2790 imago

1019 2806 1069 2861 Dei
1083 2806 1176 2877 genite
1193 2848 1200 2877 ,
1216 2823 1270 2862 non
1286 2815 1379 2862 creata
1392 2807 1541 2862 secundum
1554 2808 1626 2879 quod
1640 2808 1728 2862 Deus.
1748 2809 1818 2862 Nam

1019 2896 1170 2951 secundum
1184 2896 1257 2967 quod
1269 2897 1352 2950 homo
1367 2896 1402 2950 ad
1411 2895 1560 2968 imaginem
1574 2895 1626 2951 Dei
1640 2903 1749 2952 creatus
1765 2905 1818 2964 est,

1020 2984 1068 3039 sed
1081 2984 1157 3052 juxte
1171 2984 1281 3038 deitatis
1296 2991 1432 3052 naturam,
1447 2983 1540 3057 genita
1557 2985 1648 3058 imago
1662 2992 1714 3040 est.
1731 2985 1821 3042 Homo

1017 3086 1083 3128 vero
1097 3087 1171 3139 non;
1188 3073 1237 3128 sed
1253 3079 1356 3126 tantum
1371 3073 1405 3127 ad
1425 3073 1571 3145 imaginem
1593 3072 1690 3143 lectus,
1715 3073 1821 3129 habens

1017 3161 1119 3232 aliquid
1131 3160 1166 3215 de
1181 3161 1299 3234 imagine
1314 3162 1463 3218 secundum
1479 3161 1656 3218 inmateriale.
1677 3166 1711 3217 At
1726 3177 1823 3219 secun·

1019 3249 1084 3306 dum
1099 3251 1151 3305 lioc
1172 3249 1243 3322 quod
1266 3249 1416 3320 plasmatus
1438 3257 1488 3316 est,
1514 3251 1548 3306 de
1575 3249 1690 3306 materia
1708 3251 1823 3323 pulvere

1019 3346 1069 3394 est.
1087 3338 1169 3394 Disce
1197 3354 1275 3412 ergo,
1290 3339 1372 3394 homo
1386 3339 1432 3394 nbi
1447 3339 1561 3411 gramis
1576 3347 1602 3395 et
1620 3340 1755 3411 pretiosus
1771 3340 1820 3395 sis.

1019 3426 1107 3483 Vilem
1122 3428 1222 3498 quippe
1237 3427 1359 3482 deterre
1384 3429 1563 3496 demonstrat,
1593 3429 1642 3484 sed
1670 3429 1822 3502 gloriosum

1020 3516 1126 3582 virtus;
1155 3516 1304 3587 pretiosum
1329 3524 1355 3573 te
1372 3516 1435 3572 lacit
1450 3518 1550 3592 imago.
1576 3517 1648 3588 Quid
1671 3517 1744 3573 enim
1765 3525 1823 3573 tam

1020 3605 1169 3677 pretiosum
1197 3621 1278 3677 quam
1293 3607 1384 3679 imago
1414 3613 1456 3662 est
1482 3607 1556 3663 Dei?
1585 3607 1674 3677 Quam
1702 3607 1824 3664 retinens

1020 3697 1102 3750 homo
1114 3694 1175 3774 jure
1198 3695 1314 3764 vocaris,
1344 3695 1462 3751 hominis
1489 3711 1589 3751 nomen
1617 3711 1672 3752 non
1698 3696 1822 3761 amittis;

1021 3798 1084 3840 cum
1099 3799 1175 3850 vero,
1192 3784 1288 3839 eadem
1298 3785 1433 3858 neglecta,
1445 3785 1472 3839 in
1485 3785 1550 3841 vitia
1559 3785 1644 3854 cadis,
1661 3799 1714 3842 non
1730 3785 1823 3841 homi-

1022 3887 1093 3938 nem,
1112 3873 1160 3926 sed
1175 3880 1221 3927 aut
1237 3881 1402 3943 serpentem,
1429 3883 1475 3929 ant
1500 3874 1680 3945 vulpeculam,
1704 3881 1750 3929 ant
1773 3877 1822 3944 jn-

1023 3967 1143 4015 mentum
1158 3967 1184 4014 et
1195 3961 1359 4029 hujusmodi,
1370 3969 1396 4016 ιε
1407 3963 1547 4018 consuevit
1558 3963 1696 4034 Scriptura
1706 3978 1817 4018 vocare.

1023 4049 1101 4104 Unde
1109 4066 1115 4102 ε
1124 4050 1216 4105 Nolite
1226 4051 1289 4118 fieri
1300 4052 1375 4106 sicat
1385 4068 1472 4124 equata
1482 4056 1510 4106 et
1519 4053 1616 4107 mulne
1626 4053 1712 4123 (Psal.
1725 4052 1820 4122 xxxi).

1023 4139 1057 4192 Et
1071 4138 1104 4192 de
1121 4137 1228 4192 Herode
1238 4139 1276 4192 ait
1291 4156 1297 4192 :
1311 4140 1400 4195 Dicite
1412 4142 1490 4212 culpi
1502 4141 1547 4196 illi
1558 4141 1636 4203 (luc.
1648 4143 1721 4210 xtra).
1738 4138 1823 4195 ldec·

1023 4242 1076 4298 cyre
1090 4226 1118 4280 in
1133 4226 1276 4281 Ezeclriele
1299 4227 1397 4282 dicitur
1412 4228 1521 4284 nomine
1543 4229 1679 4301 geminato
1697 4229 1716 4285 0
1731 4227 1822 4298 inno,

1026 4313 1106 4370 domo
1122 4315 1232 4381 (lineali.
1249 4318 1318 4381 xiv),
1336 4324 1365 4370 ut
1379 4316 1424 4389 qui
1439 4317 1558 4372 exterius
1573 4317 1688 4372 turmam
1703 4317 1823 4372 bominis

983 4389 1116 4468 Dhabet,
1133 4402 1205 4457 intus
1228 4403 1375 4476 imaginem
1389 4404 1438 4460 Dei
1469 4412 1568 4460 servet.
1599 4405 1722 4461 vindieat
1751 4405 1824 4460 enim

1025 4493 1100 4546 Dens
1114 4491 1262 4562 imaginem
1278 4508 1354 4547 suam
1369 4494 1403 4548 de
1425 4508 1467 4561 eo,
1491 4493 1538 4565 qui
1559 4493 1671 4566 imagini
1695 4493 1735 4548 illi
1758 4493 1823 4550 lecit

1026 4579 1162 4648 iujuriam,
1178 4588 1207 4634 ut
1221 4597 1272 4650 per
1285 4581 1415 4636 malitiam
1430 4583 1511 4638 homo
1535 4584 1608 4655 quod
1623 4591 1680 4638 erat
1694 4599 1756 4638 csse
1770 4583 1822 4638 de-

1027 4667 1136 4734 sineret,
1153 4677 1179 4724 et
1194 4669 1269 4724 tieret
1284 4670 1373 4726 mulus
1389 4687 1421 4725 ex
1437 4672 1559 4726 homine.
1588 4673 1733 4745 Postquam
1749 4671 1821 4727 enim

1026 4757 1156 4826 peccatis,
1172 4757 1320 4813 aliudesse
1335 4760 1459 4831 coepisti;
1481 4760 1546 4816 illud
1577 4761 1650 4832 quod
1674 4777 1736 4816 eras
1759 4777 1821 4816 esse

1028 4845 1141 4901 desiisti.
1157 4847 1261 4901 Exutns
1275 4855 1364 4902 autem
1379 4849 1496 4904 anienis
1512 4849 1640 4922 imaginis
1651 4860 1820 4913 ornamento.

1027 4934 1109 4989 etiam
1132 4951 1232 4990 nomen
1256 4936 1374 4991 bominis
1389 4938 1499 5004 ancillis,
1514 4939 1560 5010 qui
1575 4939 1688 5012 gratiam
1705 4939 1822 4994 nominis

1026 5039 1081 5078 non
1096 5031 1181 5079 tenes.
1206 5026 1335 5097 Magnum
1358 5041 1426 5097 opus
1448 5027 1507 5094 Dei,
1531 5044 1561 5082 es
1583 5029 1674 5092 homo,
1691 5043 1821 5100 magnum

1025 5119 1066 5174 εει
1083 5113 1155 5182 quod
1170 5112 1215 5167 tibi
1228 5114 1302 5168 Deus
1324 5113 1409 5169 dedit.
1427 5115 1501 5172 lianc
1524 5116 1641 5171 hominis
1661 5115 1822 5187 dignitatem

1026 5209 1221 5256 commemorat
1235 5202 1280 5258 hic
1295 5203 1389 5259 dicens
1406 5220 1412 5258 :
1431 5206 1528 5262 Henna
1548 5209 1604 5262 aaa
1618 5208 1751 5276 secernat
1764 5221 1820 5269 me,
