3930 6066
165 119 216 174 dat

853 107 954 165 PETRI
972 106 1150 163 damnaui

1765 107 1817 161 696

170 239 275 296 Deinde
297 240 403 310 legatur
430 237 508 310 quasi
521 253 575 308 per
586 235 781 307 parenthesim,
798 238 826 289 et
850 248 908 289 aaa
923 249 968 289 co·
982 231 1062 294 Abis
1077 230 1224 302 quidquam
1239 229 1339 284 addere
1353 241 1408 283 non
1418 227 1508 282 liceat.
1521 226 1592 283 Dicit
1600 241 1683 300 ergo:
1698 248 1710 277 ι
1723 227 1820 283 lucen·

172 313 338 380 qaouaroat,
356 310 461 380 quare?
476 307 539 379 quia
565 307 654 362 omnia
670 306 782 362 eontrita
798 312 967 373 suntposue-

177 387 240 432 runt
254 379 377 450 inquam,
393 380 480 450 signa,
497 379 572 433 sicut
584 379 614 433 iu
625 378 708 431 cuitu
718 390 803 447 supet·
813 391 966 438 summam,

167 447 196 502 in
211 448 262 502 hoc
276 457 304 502 ut
318 449 371 503 sint
385 449 405 502 si
429 462 463 502 aa
479 447 607 514 victoria,
625 455 650 500 ct
665 447 740 500 urbis
759 445 817 500 solo
846 451 967 513 aequata,

191 532 328 589 uauquam
352 465 427 573 haud
448 533 492 571 me
507 517 574 588 l'ugit
589 521 659 588 Aug.
685 515 761 570 aliter
785 513 967 591 interpretari,

200 589 235 643 ud
250 605 308 644 noa
323 605 358 658 co¹
372 592 528 655 aauaruat;
541 587 645 642 videtur
660 594 749 640 tamen
764 585 798 638 de
814 585 969 654 parenthesi

172 658 328 713 convenire.
354 605 408 712 gad
423 658 487 729 quia
508 657 627 725 suscepti
646 655 759 709 instituti
781 663 822 709 est
844 653 969 708 conterre

172 726 374 793 translationes,
390 727 425 781 ob
440 744 473 782 eo
495 743 550 781 aon
564 727 749 793 dissentimus,
776 725 821 795 qui
836 724 907 778 libro
922 738 969 776 se-

172 796 262 852 cundo
276 799 316 852 De
332 797 457 852 doctrina
471 796 631 860 Christiana,
650 796 737 865 capite
756 798 798 861 15,
814 811 864 848 nos
879 794 969 846 admo-

171 867 228 920 nuit
242 866 280 921 ita
293 865 392 933 lacere,
403 867 498 922 dicens
515 883 521 922 :
536 891 546 912 ν
558 865 785 935 sedmtsuperius
795 865 860 929 dixi,
873 865 970 918 horum

172 950 280 1007 quoque
295 936 481 1007 interpretum,
498 937 544 1016 qui
558 936 649 990 verbis
666 935 785 990 tanacius
804 935 970 988 inhaeserunt

172 1005 281 1062 collatio
296 1014 406 1062 nonest
426 1007 528 1061 inutilis
552 1007 587 1060 ad
605 1005 794 1074 explicandum
809 1019 881 1073 saepe
903 1019 969 1056 sen-

174 1076 296 1132 tentiam.
310 1097 321 1126 »
333 1079 367 1132 Et
381 1093 443 1148 cap.
461 1081 493 1133 li
509 1077 630 1145 ejusdem
643 1075 705 1131 iibri
721 1093 728 1129 :
748 1097 758 1126 ι
777 1073 844 1142 Quae
859 1073 969 1144 quidem
1006 1110 1011 1124 .

173 1161 219 1201 res
252 1145 294 1200 lus
317 1147 418 1216 adjuvit
441 1147 658 1217 intelligentiam,
678 1161 759 1215 quam
780 1144 928 1214 impedivit,
947 1143 970 1197 si

173 1231 219 1270 mo
239 1231 255 1271 o
270 1217 394 1286 legentes
408 1233 462 1272 non
477 1217 529 1270 sint
541 1217 723 1287 negligentes.
740 1215 809 1268 Nam
825 1213 969 1268 nonnullas

173 1286 347 1341 obscuriores
360 1287 516 1350 sententias,
533 1287 652 1356 plurium
667 1285 791 1340 codicum
803 1300 875 1355 saepe
886 1283 969 1338 mani-

174 1355 281 1411 lestavit
295 1357 422 1426 inpectio.
442 1376 452 1409 s
471 1357 534 1411 llaec
549 1356 604 1410 ille.

207 1426 325 1482 Sicutia
336 1429 419 1482 exitu
429 1443 515 1498 super
523 1441 677 1489 summum,
689 1425 837 1495 Hieronym
845 1465 866 1490 .,
878 1426 910 1480 ia
920 1427 969 1480 in-

175 1495 967 1568 troitudcsapar,·Pratensis,etinterprctespraCajetano,

174 1567 249 1645 sicut
260 1567 401 1622 adducetis
421 1569 551 1639 superius
567 1571 618 1622 aut
641 1581 762 1690 sudparae
773 1586 782 1632 ;
793 1567 891 1619 llunst.
904 1564 970 1634 quid

174 1643 208 1690 stt
223 1635 344 1690 declarat
359 1637 520 1706 periphrasi,
537 1638 617 1708 quasi
631 1637 666 1690 ad
687 1652 772 1690 uaeas
784 1637 861 1705 liqna
876 1636 911 1689 ad
926 1651 970 1689 su·

175 1704 258 1760 bltme
278 1707 385 1778 aliquid
395 1705 572 1774 ,·Pellicanus,
587 1707 664 1762 uelat
677 1705 820 1761 adducens
836 1720 968 1775 campea-

175 1791 318 1849 diamani
329 1792 859 1863 habentsuasparaphrasesllebrhabet
868 1776 970 1855 t't‘tuffi

175 1889 273 1938 aazias
288 1893 401 1934 xnuaan
415 1894 572 1934 tauxxnxa.
590 1879 802 1950 Hieromlegitin
812 1879 903 1950 priore
913 1878 971 1933 dio-

174 1949 249 2003 tione
262 1948 326 2003 beth
335 1965 385 2021 pro
394 1951 473 2020 caph.
488 1950 569 2004 Paulo
583 1949 655 2004 enim
668 1949 776 2004 distant.
795 1949 886 2004 liasus
900 1949 972 2004 mebi

177 2018 283 2088 accepit
295 2034 356 2074 aum
371 2020 455 2085 LXX,
470 2028 499 2073 ut
513 2019 601 2074 littera
615 2035 678 2074 men
692 2035 747 2074 non
762 2019 796 2073 sit
809 2027 873 2074 nota
886 2019 972 2090 parti-

177 2087 251 2159 cipii,
269 2088 317 2143 sed
332 2096 360 2144 ut
373 2089 675 2161 sitquasiconstitutiva
689 2090 806 2144 nominis
821 2090 879 2144 haec
895 2105 973 2142 man-

176 2157 233 2224 tici,
249 2158 276 2213 id
291 2167 332 2212 est
346 2159 548 2216 denominativi.
573 2161 630 2215 Nec
645 2159 725 2215 debet
747 2158 887 2215 offendere
902 2160 974 2230 quod

178 2226 225 2284 ubi
239 2228 354 2285 dicimus
369 2230 400 2284 ia
411 2232 503 2297 exitu,
520 2229 566 2284 ubi
576 2230 612 2284 ait
630 2231 662 2284 in
677 2232 812 2294 introitu,
825 2229 901 2300 quasi
920 2230 979 2283 duo

177 2305 360 2370 opponantur.
377 2299 515 2371 Siquidem
530 2300 602 2354 idem
615 2301 691 2355 locus
700 2300 871 2355 diversorum
881 2316 975 2370 respe-

178 2375 223 2424 ctu
238 2377 279 2424 est
293 2369 419 2424 introitus
434 2377 460 2425 et
482 2370 579 2426 exitus.
595 2370 718 2441 Denique
728 2379 895 2440 postremam
910 2385 975 2494 gg(-

178 2438 286 2494 ticulam
301 2438 357 2494 lere
366 2440 520 2496 adverbum
529 2440 706 2495 reddiderunt
720 2440 910 2510 interpretesl.
966 2482 974 2503 ,

180 2521 268 2632 sagae
283 2509 349 2564 nihil
364 2510 515 2566 detrahitur
526 2511 630 2566 veritati
646 2510 795 2565 llebraicae.

239 2582 340 2634 nasi.
362 2609 398 2620 -
418 2581 501 2649 Quasi
522 2583 554 2636 ia
577 2580 648 2636 siloa
674 2582 814 2650 liquorum
835 2581 978 2635 securibus

182 2649 335 2704 cecideruut
338 2651 445 2719 januas
460 2652 529 2721 ejus.
550 2651 634 2704 Hebr.
660 2648 760 2705 iaciunt
779 2649 860 2704 finem
883 2665 979 2705 versus

183 2718 213 2773 in
226 2718 356 2787 particula
371 2735 433 2790 quae
447 2719 582 2791 significat
596 2728 758 2783 recursant
772 2719 900 2789 respiciat
915 2735 978 2774 ver-

182 2788 247 2842 bum
255 2787 389 2857 superius,
398 2790 634 2859 posuerantjuxta
645 2789 979 2860 llieron.,iusattulipoo

185 2873 251 2914 sum
273 2872 394 2926 secures,
420 2859 533 2913 subaudi
553 2864 718 2931 posuerant.
731 2860 782 2914 atii
806 2861 845 2916 sic
863 2860 981 2915 reddunt

184 2926 344 3053 Etxffudeat
367 2943 384 2983 a
407 2928 558 3000 participio
583 2931 655 3001 quod
676 2937 815 2986 verterunt
832 2925 1025 2989 adducebass

267 2998 582 3072 vero,aliamsequentes
591 3000 801 3068 distinctionem,
809 3001 980 3056 addiderant

184 3067 300 3124 verbum
315 3069 495 3136 ecciderunt,
511 3071 546 3126 ob
579 3071 794 3127 commoditatem
811 3071 940 3126 orationis
955 3079 982 3124 et

186 3152 294 3194 sensus.
319 3139 377 3194 Nec
399 3141 514 3195 minoris
528 3149 589 3196 sunt
608 3141 775 3197 auctoritatis
799 3157 881 3212 quam
906 3142 981 3194 llun-

185 3216 285 3274 sterus,
313 3209 425 3281 quinon
448 3208 510 3267 iacit
534 3218 564 3265 ut
582 3212 713 3282 particula
734 3228 846 3268 secures
866 3212 981 3266 verbum

184 3277 296 3350 aliquod
310 3281 435 3350 superius
449 3279 575 3350 appellet,
592 3282 641 3335 sed
655 3283 689 3336 de
704 3282 814 3362 proprio
824 3281 929 3337 iniscuit
943 3297 981 3334 ar-

183 3356 275 3404 teruut
286 3350 397 3404 verbum
413 3350 480 3405 toris
493 3350 648 3406 adductum.
665 3351 708 3406 Ait
723 3368 795 3405 enim
810 3353 858 3430 qui
871 3368 982 3406 securas

186 3419 339 3475 mittebant
360 3421 391 3474 ia
408 3422 559 3491 perplexas
579 3423 701 3476 arbores.
727 3421 857 3477 Hebrarce
872 3421 981 3487 dicitur,

187 3496 306 3575 llltt'ttp
320 3499 362 3631 Ὧν
379 3499 462 3574 qam
474 3504 588 3545 arsxnoc
598 3505 648 3545 arn
662 3505 861 3560 auxanurroru,
872 3491 917 3545 ubi
931 3506 982 3561 ap-

186 3581 264 3700 parfict
277 3575 339 3658 LX·
366 3575 467 3650 legisse
480 3578 561 3648 caph,
577 3577 636 3633 vice
651 3578 723 3644 beth,
736 3577 832 3634 litterae
846 3585 979 3652 cognatm,

186 3651 411 3790 mititatitaeaglgjsaie,
420 3717 473 3773 alii
482 3717 585 3787 dieunt,
596 3719 758 3791 scalpturas
770 3721 840 3789 aJ'us,
852 3735 934 3775 sensu
945 3719 983 3774 in·

185 3787 296 3854 variata,
313 3802 468 3869 quanquam
482 3795 508 3842 et
523 3788 683 3845 vocabulum
700 3788 864 3845 Hebraieum
881 3797 982 3845 utrum·

186 3867 695 4054 utttttttittttttfllitat
704 3859 982 3986 latitabatis

185 3998 471 4071 ineoquodsequitur:
494 4001 982 4068 asacasa'etosaiode'acer-uateom,

134 4145 137 4150 Ι
185 4068 256 4124 inter
271 4070 448 4124 translatores
462 4069 526 4124 satis
542 4070 678 4137 convenit,
700 4086 754 4143 quo
789 4072 861 4127 enim
875 4088 926 4143 pro
941 4089 983 4127 as-

185 4157 230 4211 cia
246 4156 356 4226 quidem
371 4164 478 4212 vertunt
492 4159 638 4225 matteum,
657 4157 719 4213 ideo
735 4165 775 4214 est
805 4161 878 4231 quod
906 4145 983 4224 tibba

187 4239 304 4296 umba,
321 4233 362 4282 est
377 4226 496 4281 utrilibet
510 4242 661 4283 couxmune.

1021 302 1117 356 damus
1132 317 1228 355 omnes
1252 299 1311 354 dies
1334 299 1419 353 testas
1442 297 1616 362 Deiatema,
1642 313 1692 368 pro
1716 314 1770 368 quo
1792 298 1820 353 in

1020 371 1115 426 Graeao
1148 372 1277 440 scriptum
1298 377 1349 424 est.
1379 371 1452 428 δεῦτε
1461 369 1506 429 καὶ
1515 367 1725 448 καταπαύσωμεν
1734 368 1822 438 πάσας

1019 444 1066 514 τὰς
1075 444 1167 529 ἑορτὰς
1174 453 1220 505 τοῦ
1231 448 1302 506 Θεοῦ
1317 446 1369 506 ἀπὸ
1383 456 1429 522 τῆς
1438 455 1494 528 γῆς.
1505 451 1597 504 Etnos
1607 448 1795 504 transtulimus
1808 467 1815 502 ε

1021 529 1102 594 ileos,
1112 529 1285 600 atquirsccra
1299 528 1441 597 {aciamus
1456 541 1551 584 amnes
1567 525 1627 578 dias
1643 526 1728 594 sertus
1738 524 1787 576 Dei
1803 541 1821 576 a

1022 602 1108 652 terra.
1124 599 1158 650 Et
1174 596 1258 651 miror
1273 600 1410 667 quomodo
1424 615 1439 654 e
1455 599 1540 653 latere
1554 593 1756 648 adnotationem
1772 608 1822 648 no·

1021 675 1114 732 stram,
1132 667 1225 721 nescio
1236 669 1296 737 quis
1307 669 1476 733 temerarius,
1487 665 1656 723 scribendam
1668 663 1695 742 in
1703 677 1821 742 corpore

1019 737 1162 809 putaverit,
1179 753 1262 808 quam
1276 752 1326 792 nos
1336 755 1383 806 pro
1392 739 1572 794 cruditionem
1582 735 1699 805 legentis
1710 747 1821 802 scripsi-

1021 831 1081 869 mus
1096 815 1149 869 hoc
1164 816 1255 869 modo.
1271 816 1370 868 Textus
1388 831 1443 870 aon
1457 815 1539 869 habet
1553 803 1774 882 καταπαύσωμεν,
1793 811 1824 858 ut

1021 885 1130 955 quidam
1140 885 1295 954 putant,scd
1310 886 1526 964 xuruxadampes,
1533 886 1560 939 id
1571 895 1613 940 est
1623 885 1820 941 incendamus·

1020 962 1055 1015 Et
1070 961 1131 1032 quia
1147 961 1236 1015 retulit
1252 962 1317 1016 mibi
1341 974 1450 1021 sanctus
1475 963 1620 1036 presbyter
1642 959 1746 1024 surmus,
1773 957 1819 1036 qui

1020 1031 1100 1098 huius
1115 1032 1205 1100 operis
1220 1039 1330 1087 exactor
1345 1035 1403 1098 luit,
1419 1037 1489 1090 inter
1507 1033 1640 1105 plurimos
1662 1029 1725 1083 hinc
1738 1028 1821 1082 habi-

1020 1109 1076 1155 tam
1091 1101 1278 1172 questionem,
1295 1103 1402 1173 plenius
1417 1106 1451 1161 de
1466 1105 1518 1161 hoc
1531 1101 1725 1173 disputandum
1740 1098 1821 1154 vide-

1021 1197 1074 1243 tur.
1083 1190 1111 1242 la
1120 1189 1235 1244 llebraeo
1246 1190 1433 1262 scriptumest.
1446 1176 1576 1280 uastabat
1590 1197 1680 1252 altit}
1692 1171 1726 1246 Β)
1742 1195 1822 1248 teau

1021 1291 1146 1331 sxanrau
1162 1291 1213 1331 aar.
1223 1292 1317 1332 uoxus
1325 1294 1359 1333 nr.
1368 1295 1501 1335 saxanrz.
1515 1277 1594 1347 Quod
1601 1275 1696 1348 Aquila
1704 1281 1730 1328 et
1739 1274 1822 1342 Sym-

1020 1356 1134 1411 machus
1143 1363 1282 1411 vetterunt
1290 1349 1434 1433 ἐνέπρησαν
1442 1348 1580 1418 adsuerit<
1592 1345 1684 1430 ἑορτὰς
1697 1347 1768 1405 Θεοῦ
1782 1345 1826 1402 ἐπὶ

1020 1433 1068 1500 τῆς
1080 1433 1138 1505 γῆς.
1151 1435 1179 1489 id
1194 1443 1235 1489 est
1255 1436 1436 1496 incenderunt
1455 1455 1551 1497 omnes
1561 1436 1746 1494 solemnitates
1768 1433 1821 1490 Dei

1021 1517 1050 1570 in
1073 1523 1153 1580 terra,
1183 1514 1283 1582 Quinta
1297 1511 1469 1586 κατέκαυσαν,
1483 1517 1511 1572 id
1536 1532 1575 1573 est
1590 1515 1817 1574 combusserunt.

981 1583 1008 1642 Β
1024 1597 1116 1662 Sexta,
1132 1585 1348 1669 κατακαύσωμεν,
1376 1600 1402 1654 id
1418 1607 1459 1656 est
1469 1601 1676 1656 comburamus.
1703 1594 1783 1663 Quod
1798 1603 1826 1650 et

1020 1683 1104 1748 LXX,
1117 1683 1193 1750 juxta
1209 1685 1390 1758 Hexaploruqn
1406 1687 1560 1753 veritatem,
1573 1682 1744 1738 transtulisse
1757 1698 1826 1753 per-

1018 1763 1141 1835 spicuum
1155 1773 1206 1819 est.
1219 1765 1368 1821 Theodotio
1387 1782 1496 1838 quoque
1530 1753 1719 1836 ἐνεπυρίσωμεν
1732 1762 1824 1830 vertit,

1020 1834 1048 1889 id
1062 1841 1103 1888 est
1117 1835 1331 1891 succendamus.
1347 1838 1388 1890 Ex
1404 1853 1457 1909 quo
1472 1836 1646 1907 perspicuum
1656 1832 1745 1887 estsic
1755 1831 1827 1902 psal-

1022 1904 1143 1968 lendum,
1160 1912 1190 1957 ut
1203 1920 1254 1960 nos
1282 1907 1449 1977 interpretati
1460 1923 1562 1960 sumus.
1578 1906 1611 1960 Et
1625 1911 1715 1958 tamen
1731 1903 1824 1958 seien-

1022 1975 1086 2029 dum
1123 1973 1169 2028 uid
1184 1975 1286 2030 veritas
1301 1977 1434 2032 Hebraica
1456 1976 1566 2031 habeat.
1581 1977 1639 2030 lloc
1663 1973 1736 2028 enirn
1751 1973 1827 2044 quod

1023 1991 1280 2123 hxxinaemretas
1295 2047 1490 2102 transtulerunt
1504 2054 1617 2116 propter
1625 2050 1785 2124 vetustatem
1797 2044 1826 2097 in

1024 2113 1139 2169 eeclesia
1153 2115 1355 2170 decantandum
1370 2125 1419 2180 est,
1434 2123 1459 2172 et
1475 2116 1540 2170 illud
1556 2116 1591 2170 ab
1606 2114 1718 2170 eruditis
1732 2129 1826 2168 scren-

1025 2185 1088 2238 dum
1113 2193 1226 2254 propter
1250 2187 1373 2241 notitiam
1402 2187 1609 2257 Scripturarum.
1628 2184 1705 2241 Unde
1720 2183 1743 2237 si
1758 2184 1824 2254 quid

1024 2269 1074 2326 pro
1088 2253 1178 2309 studio
1194 2271 1231 2310 aa
1247 2258 1336 2312 latera
1351 2257 1470 2312 additum
1487 2256 1654 2312 estnondum
1665 2255 1746 2309 debet
1759 2255 1827 2324 poni

1026 2325 1187 2394 incorpore,
1200 2341 1233 2380 ne
1243 2327 1361 2395 priorem
1371 2327 1576 2382 translationem
1587 2341 1638 2397 pro
1649 2324 1827 2380 scribentium

1025 2394 1164 2450 voluntate
1179 2397 1331 2452 conturbet.
1351 2418 1362 2448 s
1379 2399 1516 2453 Hactenus
1528 2396 1613 2462 verbo
1627 2395 1783 2464 hieronymi
1794 2393 1828 2448 ti·

1026 2463 1123 2519 deliter
1139 2465 1289 2520 retulimus.
1307 2465 1330 2521 0
1358 2469 1440 2523 verba
1464 2466 1527 2522 albo
1556 2465 1690 2538 signanda
1709 2464 1827 2532 ealculo,

1027 2534 1140 2591 overba
1163 2535 1237 2590 nullo
1273 2535 1475 2592 intermoritura
1491 2536 1601 2602 saeculo,
1627 2551 1687 2607 quae
1710 2533 1753 2588 vel
1768 2535 1828 2589 sola

1025 2603 1179 2659 srrffioerent
1200 2607 1348 2662 abundead
1359 2606 1556 2662 retundendam
1579 2605 1829 2677 quorumdamper-

1029 2675 1156 2732 tinacium
1171 2676 1317 2743 cervicem,
1335 2679 1380 2749 qui
1394 2677 1417 2732 si
1432 2677 1497 2748 quid
1507 2677 1576 2732 torte
1591 2682 1687 2746 putant
1700 2675 1727 2728 in
1741 2675 1827 2730 liebr.

1029 2744 1107 2800 aliter
1123 2744 1187 2817 legi,
1217 2761 1297 2818 quam
1312 2748 1339 2801 in
1361 2747 1493 2804 Ecclesiis
1504 2747 1647 2818 psallatur,
1674 2745 1823 2814 insaniunt,

1030 2817 1241 2882 stomachantur,
1257 2817 1439 2873 vociferantur
1452 2825 1650 2890 exaggerantes
1664 2813 1700 2871 ad
1714 2814 1802 2870 ravim
1820 2833 1828 2868 ε

1034 2886 1087 2940 hoc
1115 2895 1156 2940 est
1183 2887 1359 2952 eradendum,
1389 2887 1607 2951 convellendum,
1635 2885 1828 2958 jugulandum.

1036 2958 1093 3011 lloc
1108 2972 1163 3010 non
1177 2957 1242 3010 dixit
1254 2957 1369 3026 Spiritus
1383 2965 1502 3024 sanctus,
1520 2958 1668 3012 Psallamus
1682 2971 1744 3012 cum
1758 2957 1829 3012 Pro·

1032 3027 1169 3107 phetahoc
1184 3027 1281 3082 antillo
1292 3029 1383 3085 modo.
1396 3028 1467 3096 Quid
1475 3028 1539 3084 alst
1554 3027 1734 3098 Hieronymus
1744 3027 1828 3081 etiam

1031 3097 1058 3151 td
1072 3097 1146 3168 quod
1156 3113 1248 3152 verum
1258 3107 1375 3164 cratete
1392 3101 1480 3155 tatere
1490 3114 1540 3169 pro
1551 3097 1701 3152 eruditione
1711 3097 1829 3168 legentis

1031 3167 1200 3232 adnotatum,
1217 3168 1302 3223 noluit
1320 3167 1436 3224 infulciri
1447 3170 1707 3240 incorporatextus,
1719 3168 1785 3248 quin
1801 3176 1830 3224 et

1031 3238 1207 3292 temerarium
1220 3238 1326 3293 censuit
1343 3238 1389 3310 qui
1403 3239 1455 3294 hoc
1479 3237 1590 3294 lecerat.
1608 3237 1687 3305 Quod
1707 3253 1733 3291 si
1745 3237 1829 3292 etiam

1031 3316 1170 3378 receptum
1193 3308 1323 3378 situnne,
1346 3316 1375 3364 ut
1399 3308 1480 3363 aliter
1497 3309 1655 3380 psallamus,
1681 3323 1762 3380 quam
1783 3308 1830 3364 ille

1033 3377 1123 3432 forsan
1136 3379 1259 3445 verterit,
1280 3387 1326 3434 aut
1340 3381 1532 3449 interpretatus
1553 3378 1642 3444 luerit,
1667 3378 1724 3432 vult
1738 3386 1830 3434 vetus-

1033 3456 1115 3502 tatem
1130 3449 1301 3503 auctoritatis
1315 3465 1416 3506 nomen
1429 3448 1564 3505 obtinere.
1581 3449 1725 3505 Scientiam
1738 3448 1831 3504 laudat

1033 3518 1253 3588 Scripturariuro,
1275 3521 1355 3574 ritum
1364 3519 1583 3577 ecelesiasticam
1610 3519 1668 3574 vult
1688 3520 1828 3575 temerari.

1068 3589 1152 3643 Varis.
1162 3591 1242 3642 ld-
1254 3591 1557 3662 Etnosaoncoquoseet
1566 3588 1829 3661 ampliasllieron„

1037 3656 1144 3714 164
1152 3660 1259 3716 Noaest
1270 3662 1466 3733 nobbcumqui
1475 3663 1549 3717 sciat
1562 3677 1701 3733 uusquequo
1712 3668 1741 3714 ut
1750 3660 1831 3716 intel·

1034 3729 1103 3802 ligas
1118 3745 1172 3784 non
1187 3745 1249 3785 esse
1271 3732 1446 3802 prophetam,
1469 3732 1515 3804 qui
1533 3732 1614 3786 sciret
1627 3729 1708 3785 linem
1730 3730 1830 3786 horum

1032 3799 1173 3869 malorum,
1191 3808 1217 3855 et
1231 3816 1373 3873 quousque
1389 3801 1441 3856 sint
1456 3801 1590 3858 saeviture.
1608 3801 1710 3857 Verum
1724 3817 1757 3856 ex
1771 3803 1830 3856 lie-

1033 3888 1107 3943 hraeo
1123 3888 1166 3943 bic
1180 3889 1249 3944 velle
1277 3889 1320 3944 ille
1336 3904 1433 3944 sensus
1453 3903 1575 3961 congrue
1598 3888 1660 3945 elici
1676 3897 1765 3960 potest
1778 3875 1831 3948 aba

1032 3970 1079 4018 ran
1095 3969 1132 4022 *ru
1146 3969 1207 4022 uva
1223 3970 1380 4020 vanavana
1395 3974 1479 4014 trarvu
1490 3974 1573 4014 roasa
1588 3974 1625 4014 au
1639 3973 1832 4030 uxn,praeser-

1032 4029 1080 4083 tim
1096 4029 1118 4083 si
1140 4029 1325 4099 legereturuu
1338 4045 1385 4094 on,
1401 4044 1449 4100 pro
1471 4041 1562 4096 wan,
1580 4029 1626 4084 ubi
1642 4037 1705 4084 sunt
1726 4031 1830 4086 eadem

1032 4099 1139 4166 litterae,
1155 4113 1310 4171 quanquam
1333 4099 1503 4171 frequentius
1532 4102 1559 4154 in
1584 4101 1621 4155 od
1641 4099 1832 4171 interponatur

1033 4183 1095 4224 vau.

993 4276 1020 4336 D
1068 4241 1152 4294 Vnus.
1171 4243 1213 4296 ta.
1223 4270 1258 4282 -
1271 4241 1310 4297 lla
1324 4241 1416 4296 madio
1431 4243 1498 4297 stou
1516 4250 1561 4298 tua
1574 4245 1605 4297 ia
1618 4242 1715 4311 finem.
1732 4241 1830 4297 lliero·

222 4313 306 4370 Vnus.
324 4317 350 4369 a.
366 4345 401 4355 -
427 4316 559 4439 cogitatio
579 4331 675 4372 eoram
693 4317 788 4372 simut,
809 4317 982 4373 Concordant
1032 4325 1130 4394 aymus
1145 4310 1279 4366 demedio
1292 4310 1336 4366 vel
1350 4317 1379 4364 ut
1394 4310 1483 4366 codex
1500 4312 1580 4366 Fabri
1590 4311 1716 4380 habebat,
1728 4313 1761 4368 ia
1775 4329 1833 4368 mc-

185 4383 375 4456 liieronymus,
392 4385 456 4440 Chal
477 4401 543 4450 mus,
558 4385 712 4452 Nebiensis,
730 4387 889 4454 Pellioaaus,
905 4396 931 4443 ct
944 4389 982 4442 iu·

184 4455 978 4530 terpretespmcajetano,dumtransterumposterteoram,

123 4565 128 4580 .
184 4524 228 4580 vel
238 4524 293 4592 filit
307 4543 413 4582 aarum.
429 4526 483 4581 Sed
499 4527 644 4592 Protensis,
675 4527 798 4596 Sanctus,
815 4530 978 4594 llunsterus,

184 4594 293 4650 Felinus
308 4605 334 4650 et
348 4596 507 4667 Campensis
521 4597 684 4662 maluerunt,
699 4601 774 4670 sequi
790 4600 921 4669 quosdam
938 4615 979 4653 ra-

184 4663 272 4734 binos,
301 4675 467 4736 exponentes
503 4668 665 4724 vocabulum
693 4669 737 4724 hic
760 4670 887 4740 positum,
915 4680 978 4729 mil

183 4749 283 4800 mutar,
296 4737 504 4808 depopulemur,
514 4737 761 4794 sivesaeuiamusia
773 4756 827 4796 aas.
836 4741 979 4794 adnotavit

181 4813 271 4862 amen
287 4807 398 4864 Sanctus
413 4823 495 4878 posse
508 4823 579 4874 esse,
595 4817 642 4864 aut
662 4809 696 4865 de
716 4810 935 4898 radicaturum,
951 4810 979 4864 id

182 4911 224 4958 est
237 4903 325 4971 filias,
347 4903 525 4976 intelligendo
547 4907 732 4976 posteritatem
750 4923 800 4978 per
822 4906 916 4974 tilium,
933 4917 979 4962 aut

182 4972 217 5028 de
230 4973 323 5028 radice
338 4985 384 5032 aar
398 4989 497 5044 tauxa,
516 4976 589 5047 quod
605 4985 645 5030 est
661 4977 846 5051 depopulatus
859 4983 910 5046 est,
922 4979 977 5034 sic·

182 5058 234 5113 qne
250 5044 364 5099 redemit
379 5045 503 5101 laborem
517 5053 650 5102 nostrum.

216 5132 360 5212 Quiescera
377 5135 519 5203 sociamus
533 5151 629 5190 omnes
640 5135 698 5191 dias
709 5139 851 5206 sestosllei
865 5142 975 5193 oterro.

177 5201 327 5267 Protensrs,
344 5205 660 5261 carrtbassaraatomuia
670 5209 776 5276 templo
790 5209 877 5262 Deiin
890 5213 975 5263 tarra.

178 5269 302 5339 Sanctes,
323 5289 372 5342 pro
388 5276 510 5346 templis,
522 5275 588 5329 dixit
598 5277 782 5332 tabernaculo
792 5298 801 5344 ,·
813 5279 974 5344 llunsterus,

209 5355 359 5422 aaqopas‚·
385 5344 547 5414 interpretes
572 5361 620 5416 pro
644 5347 774 5415 Cajetano
803 5354 976 5414 aunuentas;

203 5424 340 5480 ampensrs
355 5414 512 5484 complexus
528 5424 569 5470 est
583 5424 707 5488 utraque,
725 5420 867 5489 attempta
888 5427 915 5473 et
931 5434 975 5474 so-

180 5482 353 5561 lemnitates.
371 5485 448 5540 llunc
464 5485 551 5540 locum
566 5494 622 5540 tam
644 5488 754 5558 copiose
767 5504 849 5558 equam
873 5489 975 5544 erudite

176 5551 303 5607 discussit
318 5553 497 5628 llieronymus
513 5557 546 5610 ad
557 5556 668 5612 Suniam
683 5567 709 5612 et
725 5558 866 5613 Fretellam
882 5567 910 5614 ut
925 5575 974 5613 no-

1031 4380 1076 4436 dw
1092 4383 1172 4436 sirius
1193 4383 1237 4436 tui
1259 4397 1439 4438 consumans.
1458 4382 1570 4438 Sanctes
1585 4391 1612 4438 et
1626 4384 1782 4438 llunsterus
1797 4384 1831 4437 ad

1031 4466 1128 4505 sensus
1142 4449 1333 4523 integritatem,
1351 4459 1379 4506 ut
1393 4451 1445 4506 sibi
1458 4452 1594 4522 videntur,
1612 4453 1734 4524 quaedam
1750 4452 1832 4508 addi-

1031 4521 1148 4575 dierunt.
1165 4524 1204 4576 tlc
1219 4529 1303 4576 totum
1320 4522 1484 4577 versiculum
1495 4529 1624 4593 repetam,
1635 4538 1690 4594 quo
1703 4532 1831 4594 appareat

1031 4591 1094 4662 quid
1110 4591 1162 4645 sibi
1177 4591 1259 4646 velint
1274 4592 1402 4663 apertius.
1421 4593 1468 4647 llle
1490 4593 1528 4648 sia
1547 4609 1553 4647 ι
1573 4595 1605 4650 Ut
1626 4592 1693 4677 quid
1715 4595 1829 4650 reducis

1030 4677 1149 4717 marsum
1163 4665 1243 4717 taam
1262 4667 1290 4716 ct
1305 4663 1454 4718 dexteram
1468 4680 1483 4719 e
1497 4663 1588 4719 medio
1608 4678 1688 4720 santus
1704 4667 1757 4730 tui,
1772 4681 1831 4720 aaa

1030 4732 1125 4787 edacis
1142 4733 1271 4788 inimicas
1286 4733 1475 4788 consumenda
1488 4739 1499 4790 t
1510 4733 1577 4790 ilinc
1588 4749 1643 4789 non
1652 4734 1781 4790 abhorret
1791 4735 1831 4790 al-

1029 4810 1085 4857 ter:
1097 4803 1187 4871 Quare
1197 4805 1302 4859 auertis
1312 4818 1430 4859 monum
1441 4807 1521 4859 tuam
1532 4807 1560 4859 et
1570 4804 1720 4860 dexteram
1731 4809 1830 4860 tuom?

1028 4876 1125 4943 profer
1139 4889 1201 4928 eam
1211 4877 1244 4928 ut
1256 4873 1364 4928 bostem
1379 4887 1539 4929 consumas.
1552 4873 1676 4930 varietas
1684 4875 1785 4946 pendet
1796 4891 1829 4930 ex

1029 4969 1335 5039 postremovocabulum
1344 4954 1582 5042 abscisumquod
1591 4985 1755 5028 σοασιιικσνσ
1766 4989 1830 5044 per-

1028 5039 1122 5108 ficere,
1145 5041 1239 5108 finire.
1269 5043 1303 5096 Et
1322 5041 1471 5095 secundum
1501 5057 1622 5096 normam
1647 5043 1832 5114 grammatica

1029 5109 1160 5173 Hebraea,
1178 5119 1218 5164 est
1230 5112 1303 5166 modi
1317 5111 1470 5181 imperativi
1499 5111 1541 5166 vel
1552 5109 1683 5180 infinitivi,
1699 5114 1734 5167 oh
1749 5112 1833 5183 idque

1028 5187 1090 5248 apte
1112 5180 1225 5234 vertitur
1247 5182 1380 5249 finiendo,
1407 5181 1449 5236 vel
1473 5183 1672 5248 consumendo,
1698 5184 1759 5252 fiai,
1784 5193 1832 5237 aut

1028 5265 1172 5316 consutae,
1189 5267 1343 5322 quanquam
1361 5252 1542 5321 Hieronymus
1560 5251 1658 5306 littera
1686 5253 1758 5309 baud
1773 5269 1836 5310 ser-

1028 5320 1104 5374 viens
1133 5319 1230 5374 dixerit
1260 5337 1308 5391 per
1331 5321 1696 5393 participiumcoasumeas,
1723 5323 1832 5379 etiamsi

1028 5405 1082 5444 non
1107 5390 1141 5443 sit
1164 5391 1343 5460 improbabile
1359 5391 1446 5462 ipsum
1470 5391 1571 5465 legisse
1590 5380 1658 5454 aba
1674 5407 1774 5458 consu,
1803 5395 1832 5450 in

1028 5461 1196 5532 verboquod
1210 5469 1347 5531 nuncupat
1362 5463 1412 5516 cal.

1066 5557 1149 5612 Vsus.
1169 5561 1209 5612 tl.
1228 5559 1312 5614 -Tu
1328 5559 1664 5628 confirmastiinuirtute
1682 5565 1730 5618 tuo
1747 5579 1830 5620 more
