3946 6070
151 259 221 314 liat

152 384 265 457 igunae,
326 385 335 438 i
359 393 433 442 reete
454 387 580 443 dicuntur
601 387 768 457 desolatorii,
789 407 822 446 ea
844 392 992 453 rationeA

152 471 234 526 quam
246 464 272 510 tr
310 456 330 510 it
344 456 524 529 Hieronymus
544 460 572 514 in
596 461 777 515 Commentar.
797 483 808 513 a
826 462 877 517 Pro
899 463 949 518 de-

153 525 300 593 solatoriis,
317 527 413 598 inqnit,
436 531 610 594 carbonibus,
639 531 667 585 in
694 533 808 588 ltebraeo
833 536 950 617 ἀρκευθί-

152 625 204 672 vor,
218 604 299 658 habet
312 622 319 670 ;
333 602 519 662 desolatorem
533 615 598 677 ριιιο
620 618 646 665 ει
673 612 701 665 in
729 613 794 680 lsa.,
823 631 884 686 cap.
908 631 947 680 tv,

152 701 214 740 esse
229 683 385 764 carbonem,
401 685 446 755 qui
460 685 493 740 ad
514 685 583 740 labia
603 689 661 758 ejus
682 691 812 759 delet-tur,
834 702 862 748 ut
883 713 948 766 pur-

151 763 199 828 get
214 761 275 808 ultra
291 771 352 825 quae
366 754 513 826 loquendo,
529 757 586 812 sive
601 761 823 834 optimaqureque
835 767 948 822 tacendo

151 833 334 881 contraxerat.
351 826 384 878 Et
398 827 449 881 boe
473 829 563 899 itaque
587 831 734 887 carbonem
757 835 872 890 similem
896 841 948 892 de-

149 903 286 968 precatur,
302 903 331 950 ut
344 896 423 951 detur
438 898 463 952 ei
485 899 569 954 carbo
590 902 625 956 de
646 904 742 958 altario
768 906 826 969 Dei,
850 909 895 977 qai
916 909 944 962 in

149 968 208 1036 ejus
222 966 300 1020 labiis
314 976 487 1037 peccatorum
511 970 683 1028 solitudinem
707 973 796 1044 saciat,
817 978 844 1030 id
866 987 906 1032 est
928 996 944 1032 a

150 1037 223 1092 vitiis
238 1053 300 1091 eum
315 1046 425 1107 praestet
440 1038 568 1094 alienum.

187 1108 275 1162 Vens.
291 1110 317 1161 5.
329 1109 516 1166 -lncolatas
535 1129 613 1168 aneas
635 1117 818 1186 prolonpatas
840 1122 892 1173 art.
911 1121 944 1174 Et

149 1178 329 1250 Hieronymus
339 1179 471 1235 similiter.
490 1182 635 1250 Pratensis,
649 1186 742 1242 incola
755 1190 801 1258 sai
810 1190 941 1246 Etruriae.

584 261 867 320 COMMENTARIUM
881 263 917 319 lN
932 263 1100 322 PSALMOS.
1117 297 1151 308 -
1166 267 1261 324 PSAL.
1279 270 1362 326 CXX.

1736 279 1804 336 lli·

1002 411 1122 480 Sanctae,
1140 414 1303 484 liunsterus,
1320 413 1486 486 Campenses
1506 422 1536 474 ac
1556 417 1709 475 Pellicanus
1733 419 1799 476 reli·

1002 491 1119 553 querunt
1134 483 1222 552 ipsum
1250 485 1414 541 Hebraicum
1441 497 1516 576 ‘lim
1543 503 1680 561 assensa,
1708 507 1798 562 quan·-

1000 603 1082 659 quam
1097 588 1249 645 Pellieanus
1264 589 1336 660 dicit,
1353 607 1453 662 nosco,
1471 610 1609 664 exponens
1632 597 1800 668 capadoces.

1000 659 1163 729 Interpretes
1178 677 1227 731 pro
1243 660 1379 730 CaJetano,
1394 679 1446 733 pro
1460 679 1589 719 assensn
1611 667 1712 722 babent
1732 685 1800 739 pro·

998 733 1134 853 pagatim.
1161 732 1318 788 Translator
1340 743 1431 788 tamen
1455 735 1491 789 ad
1513 735 1693 806 Campensem
1725 739 1801 808 ponit

999 816 1034 855 no
1054 802 1151 872 iscam,
1165 805 1362 874 proloapatar.
1392 805 1525 861 Ceterum
1552 817 1628 893 '‘th
1655 822 1796 876 ιιιιεειιιιιι,

998 907 1064 961 citra
1087 910 1312 976 controversiam,
1339 911 1462 966 Hebraeis
1494 919 1583 978 sonat,
1607 914 1796 985 proloapauit.

999 977 1077 1031 Unde
1105 979 1281 1052 Septuaginta
1308 981 1476 1038 dellexerunt
1502 982 1673 1054 participium
1710 994 1798 1070 'litim

998 1096 1134 1208 ιιιερριεῑε,
1150 1087 1333 1157 proloupatas
1347 1092 1399 1152 est,
1416 1095 1442 1144 ει
1464 1104 1561 1144 sensus
1589 1089 1672 1166 longe
1699 1089 1798 1148 melius

999 1169 1053 1224 qua
1074 1170 1121 1216 ra,
1472 1187 1475 1191 ·

729 1348 1014 1462 PSALMUS
1054 1360 1212 1464 CXX.

218 1549 319 1592 rsxnxn
337 1551 452 1594 rnunus
468 1555 475 1593 ι
494 1559 505 1590 ι
535 1555 676 1597 eamcam
694 1557 835 1602 annonara.
862 1569 873 1598 ι

186 1642 285 1698 Levavi
322 1645 415 1700 oculos
434 1661 518 1700 meos.
542 1645 634 1720 [dug.,
664 1649 784 1722 ¹alcuin]
822 1653 943 1709 Titulus:

147 1731 298 1786 Canticum
308 1733 458 1801 pradaam.
471 1733 545 1788 ldem
557 1735 657 1802 titulus,
666 1739 711 1809 qui
724 1755 814 1808 supra.
827 1741 861 1794 Et
872 1742 944 1798 idem
959 1747 985 1806 Β
1032 1766 1116 1822 pm·
1133 1772 1159 1822 3·
1177 1799 1211 1808 ,,
1229 1791 1239 1820 ,
1263 1771 1325 1824 Non

145 1817 290 1884 sensus,id
303 1827 345 1873 est
354 1820 487 1875 canticum
495 1823 673 1891 ascensionis,
690 1827 838 1883 ascendere
855 1838 943 1884 autem

144 1913 187 1961 est
201 1905 229 1959 in
244 1906 331 1962 Deum
345 1907 492 1978 proficere.
513 1909 654 1967 Proiectus
677 1929 745 1986 ergo
767 1917 867 1988 gradus
891 1927 940 1973 εει.

143 1993 286 2050 Secundus
302 2011 367 2051 rero
382 1997 484 2066 gradus
499 2005 540 2052 est
554 2007 646 2068 petere
663 2001 780 2057 divinam
803 2003 943 2060 detensio—
994 2054 1000 2065 .

143 2097 217 2148 nem,
232 2083 275 2138 eui
289 2083 328 2137 nil
340 2100 421 2154 posse
436 2084 545 2141 obviare
560 2097 735 2155 monstratur,
748 2091 795 2162 qui
821 2109 942 2165 congrue

143 2169 317 2242 praemissum
331 2173 447 2242 gradum
462 2175 593 2244 sequitur.
619 2177 667 2230 Cui
693 2178 763 2231 enim
783 2180 817 2234 de
839 2183 941 2235 mundo

143 2259 252 2313 exeunti
265 2259 387 2329 pericula
401 2271 557 2332 occurrunt,
568 2279 717 2334 exposcere
729 2265 808 2322 (lebet
819 2268 941 2323 divinum

142 2347 286 2401 auxilium.
311 2349 438 2421 Congruo
466 2367 531 2422 ergo
553 2352 598 2422 qui
622 2369 703 2424 supra
728 2357 853 2426 gemebat
872 2357 941 2412 inter

142 2435 278 2490 malorum
293 2436 416 2506 insidias,
433 2438 476 2493 bie
491 2448 584 2494 contra
596 2457 643 2495 eos
654 2451 714 2496 orat
726 2443 825 2510 juvari.
847 2444 940 2517 [nug]

140 2524 203 2578 Non
228 2523 300 2578 enim
324 2533 365 2579 εει
387 2525 527 2596 imperitus
547 2537 573 2584 et
597 2529 774 2600 improvidus,
802 2533 870 2586 sieut
895 2533 940 2588 ille

141 2609 345 2682 paterfamilias,
373 2613 460 2685 quiin
484 2616 634 2686 Evangelio
657 2619 744 2673 nescit
765 2621 874 2691 quando
899 2619 940 2675 lur

142 2709 272 2756 ventatrus
281 2701 324 2765 sit,
341 2709 366 2756 ει
380 2703 479 2756 dormit
491 2705 600 2774 illailla.
614 2709 704 2762 ιιιιιιί.
721 2709 755 2760 lit
773 2707 834 2763 ideo
850 2708 938 2779 ipsum

141 2789 230 2844 subito
251 2798 363 2859 occupat
386 2791 461 2857 liora,
487 2808 536 2861 per
564 2811 644 2864 quem
674 2793 860 2866 significantur
888 2797 937 2864 illi,

141 2877 188 2948 qui
215 2887 411 2948 presumentes
437 2879 471 2933 de
499 2881 689 2951 cupiditatibus
710 2883 766 2936 suis
786 2893 812 2938 et
833 2885 938 2940 deliciis

140 2965 220 3034 bajus
236 2965 329 3021 saeculi
343 2965 494 3022 diffluentes
509 2975 611 3023 tument
626 2979 651 3024 et
669 2971 810 3043 eriguntur
838 2972 937 3027 adter-

140 3069 188 3108 sus
203 3052 328 3108 humiles.
341 3054 373 3108 lli
385 3064 446 3109 sunt
460 3055 504 3126 qui
520 3057 547 3110 in
562 3058 658 3112 diebus
673 3060 731 3112 Noe
746 3060 860 3122 nubunt,
882 3061 936 3114 du-

139 3150 214 3206 cunt,
231 3149 256 3196 et
271 3141 406 3198 aedilicaut
421 3145 531 3214 (rllattb.
549 3149 641 3216 xxxv),
657 3147 683 3199 id
704 3147 808 3218 estqui
831 3164 934 3217 prursu-

138 3238 215 3285 munt
230 3231 264 3285 de
279 3231 322 3284 his
338 3231 383 3303 qui
397 3233 455 3287 haec
483 3233 541 3288 Deo
565 3233 721 3302 praeierunt.
751 3235 785 3288 Et
813 3235 874 3290 ideo
889 3251 937 3290 eos

138 3320 345 3390 conprehendit
360 3321 436 3387 hora,
457 3322 505 3375 sed
533 3319 603 3376 filios
631 3322 699 3377 lucis
727 3339 782 3378 non
808 3340 936 3394 eompre-

138 3408 242 3472 hendit,
259 3407 323 3480 quia
337 3425 445 3480 semper
459 3408 572 3481 vigilant
587 3417 776 3480 exspectantes
791 3413 937 3466 Dominum

138 3513 216 3551 suum
233 3497 508 3568 quandorevertatur
523 3499 600 3568 (Lae.
625 3499 687 3570 xit).
710 3499 782 3554 Talis
808 3509 849 3556 est
874 3501 934 3566 iste,

139 3584 344 3656 quioculosad
366 3587 452 3641 Deum
480 3586 560 3641 levat.
582 3587 696 3642 latentia
724 3605 773 3643 nos
800 3589 834 3644 ad
864 3590 936 3644 idem

138 3687 263 3728 monens.
279 3673 384 3728 llodns.
401 3673 553 3747 [Cassiod]
568 3675 711 3746 Bipartitus
735 3685 776 3732 est
804 3679 934 3747 psalmus.

138 3761 228 3816 Primo
251 3761 323 3816 levat
344 3762 438 3817 oeulos
463 3770 490 3817 et
513 3770 583 3818 orat.
603 3763 729 3820 Secundo
753 3765 826 3837 qnod
850 3766 937 3821 orarit

137 3848 262 3913 affirmat,
280 3850 427 3904 ostendens
447 3851 572 3906 virtutem
601 3853 692 3907 auxilii
719 3853 869 3924 impetrati,
886 3855 933 3920 ibi,

136 3937 414 3994 Dominascaatodit.
428 3937 479 4007 Qui
495 3955 562 4011 ergo
574 3957 665 4010 supra,
688 3941 766 4012 quasi
789 3941 935 3997 inclinatas

137 4025 273 4090 clamavit,
300 4026 357 4095 jam
385 4027 522 4098 respirans
550 4028 643 4083 oeulos
671 4029 707 4084 ad
740 4029 935 4086 intercessores

137 4123 247 4170 sanctos
263 4115 360 4184 elevat,
376 4115 471 4171 dicens
487 4134 494 4170 ε

171 4239 257 4294 Vnus.
276 4243 301 4293 l.
318 4262 381 4288 -c
411 4239 509 4296 Levavi
538 4241 632 4296 oeulos
659 4257 736 4296 meos
764 4243 792 4296 in
816 4250 933 4307 montes,

33 4367 39 4378 .
135 4328 237 4382 «unde
251 4327 341 4383 veniet
356 4327 482 4382 auxilium
508 4329 583 4384 milri.
604 4351 614 4378 ι

171 4435 270 4490 Leunoi
280 4435 455 4491 oculosmeoe
475 4435 616 4490 interiores
630 4436 666 4490 ad
676 4441 785 4492 montes
805 4435 933 4506 spiritua·
949 4456 975 4514 D

133 4523 185 4586 les,
197 4522 293 4595 [llier.‚
306 4521 389 4595 Aug]
402 4523 435 4577 ad
445 4531 563 4589 sanctos,
576 4525 621 4594 qui
631 4524 706 4594 prius
717 4523 859 4578 illuminati
870 4533 932 4578 sunt
1000 4577 1005 4588 ,

134 4611 193 4667 sole
217 4610 338 4680 justitiae,
366 4627 417 4682 ρει
444 4627 511 4682 quos
540 4621 641 4681 apertae
669 4619 731 4666 suut
774 4612 929 4682 Scriptura.

135 4699 469 4756 Uadeaenietoaaiiiam
493 4701 573 4768 milti,
586 4701 649 4772 quia
668 4700 702 4753 de
720 4700 866 4769 scripturis
882 4717 931 4755 eo-

131 4804 194 4843 rum
209 4787 237 4841 in
251 4788 301 4842 hac
315 4787 368 4842 vita
383 4788 512 4842 auxilium
528 4788 669 4854 lrabemus,
682 4789 730 4842 scd
743 4795 848 4842 nonest
860 4805 931 4858 prae-

133 4875 306 4930 sumendium
321 4875 354 4930 de
369 4876 432 4944 illis,
445 4876 499 4931 imo
513 4877 547 4932 dc
564 4877 680 4931 Domino
695 4893 755 4940 sun,
772 4876 833 4947 quia

170 5002 373 5057 Versa-1«
403 5000 539 5055 Auxilium
562 5017 651 5054 meum
675 5016 689 5053 a
718 5000 856 5055 Domino:
885 5001 931 5072 qui

134 5113 146 5138 ι
169 5087 233 5145 lecit
248 5089 346 5145 eoelum
361 5096 388 5144 ει
403 5097 512 5144 ιειιειιι.
529 5113 540 5136 ι»

997 1555 1068 1610 hunc
1082 1555 1224 1622 mnndum,
1239 1557 1285 1628 qui
1299 1565 1389 1628 potest
1402 1555 1535 1612 auxiliari.
1562 1556 1623 1627 lpse
1651 1565 1694 1612 est
1720 1558 1792 1613 enim

996 1645 1045 1714 qai
1054 1645 1124 1713 fecit
1140 1646 1242 1700 etaiam
1257 1649 1287 1702 et
1316 1650 1433 1703 terram.

1348 1771 1394 1826 det
1416 1770 1442 1824 in
1464 1770 1673 1826 commotionem
1694 1771 1793 1841 pedem

995 1875 1005 1904 ι
1029 1863 1123 1922 tuum;
1139 1872 1227 1927 neque
1244 1857 1371 1912 dormitet
1386 1858 1433 1930 qui
1447 1859 1564 1914 custodit
1579 1866 1614 1913 te.
1636 1883 1646 1906 ι

1029 1969 1088 2024 Noa
1103 1970 1158 2024 det.
1176 1969 1321 2044 [Cassiod]
1337 1974 1427 2027 Laetus
1440 1973 1492 2028 iste
1507 1974 1542 2028 dc
1557 1973 1602 2028 tali
1615 1972 1725 2029 auxillio
1740 1973 1793 2028 sibi

993 2055 1045 2125 rpsi
1072 2057 1197 2128 loquitur.
1227 2059 1309 2128 Quasi
1337 2060 1409 2115 dicat
1434 2078 1441 2115 :
1476 2061 1547 2129 Quia
1588 2060 1717 2117 auxilium
1749 2069 1791 2118 eet

993 2141 1118 2210 Domino,
1130 2153 1158 2200 ut
1169 2163 1236 2218 ergo
1246 2146 1341 2202 lirmus
1349 2149 1386 2202 sis
1394 2148 1423 2202 in
1433 2149 1564 2220 gradibus
1576 2165 1583 2204 τ
1595 2151 1655 2206 Noa
1672 2149 1719 2206 dcl
1737 2151 1792 2208 Do-

992 2235 1089 2289 mirrus
1100 2235 1197 2305 pedem
1209 2239 1301 2302 taam,
1313 2235 1340 2291 id
1356 2245 1397 2291 εει
1411 2237 1615 2308 cogitationem,
1628 2239 1661 2292 ia
1670 2251 1792 2294 commo·

992 2323 1107 2388 tionem,
1126 2329 1154 2376 ut
1167 2323 1249 2376 cadas
1264 2339 1313 2393 per
1328 2323 1494 2394 superbiam,
1505 2340 1557 2397 qua
1569 2325 1666 2381 cecidit
1675 2324 1792 2398 angelus

991 2418 1017 2464 et
1032 2410 1066 2464 de
1082 2410 1181 2480 angelo
1197 2409 1282 2466 laetus
1293 2419 1334 2466 est
1343 2411 1481 2466 diabolus.
1502 2413 1547 2468 Sic
1572 2413 1644 2466 enim
1665 2413 1700 2467 ad
1721 2428 1789 2483 per-

991 2495 1138 2552 ficiendum
1153 2513 1206 2552 non
1222 2507 1312 2554 moret
1340 2499 1439 2570 pedem
1463 2500 1515 2554 nisi
1544 2499 1672 2566 ebaritas,
1697 2499 1733 2554 ite
1755 2501 1790 2556 ad

990 2587 1142 2640 cadendum
1154 2587 1292 2656 superbia.
1310 2587 1436 2642 Charitas
1450 2588 1523 2642 enim
1545 2587 1580 2642 ad
1599 2587 1790 2644 celsitudinem

991 2673 1068 2730 Μ
1077 2674 1110 2730 7
1121 2675 1237 2729 humiles
1248 2675 1381 2745 provehit,
1399 2674 1529 2745 superbia
1543 2674 1630 2730 elatos
1644 2673 1789 2732 inmittam

989 2762 1085 2832 vergit.
1103 2763 1170 2818 Dico
1180 2779 1186 2816 τ
1198 2764 1258 2817 Non
1269 2763 1314 2818 det
1323 2764 1421 2834 pedem
1430 2763 1457 2817 in
1465 2763 1687 2830 commotionem,
1698 2780 1788 2837 aeque

988 2851 1068 2904 etiam
1080 2851 1212 2906 dormitet
1227 2851 1312 2923 (qaod
1327 2852 1415 2906 minus
1429 2853 1481 2921 est)
1505 2853 1553 2923 qai
1571 2852 1739 2918 custoditio,
1760 2853 1790 2908 id

988 2947 1097 2993 estnon
1113 2939 1181 2992 sinat
1197 2947 1224 2992 ιε
1238 2939 1363 3011 pigritari
1376 2940 1403 2993 in
1418 2937 1482 3002 lide,
1499 2938 1573 3010 quia,
1589 2933 1611 2994 s'i
1636 2940 1737 2994 dormit
1759 2940 1787 2995 in

988 3034 1013 3080 te
1029 3025 1106 3092 fides,
1125 3026 1225 3080 dormit
1240 3027 1267 3080 in
1284 3033 1309 3081 te
1324 3027 1455 3081 Christus,
1471 3026 1553 3082 Fides
1567 3027 1641 3080 enim
1655 3025 1684 3080 in
1704 3027 1787 3083 corde

954 3105 1044 3180 Otuo,
1063 3113 1185 3167 Christus
1201 3114 1285 3168 estin
1301 3115 1454 3169 cordetuo.
1470 3113 1617 3186 [Cassiod.,
1635 3113 1732 3186 illlam]
1753 3116 1789 3170 Et

987 3201 1085 3256 dieitur
1100 3201 1152 3255 hoc
1176 3201 1210 3254 ab
1235 3202 1351 3256 hnmana
1379 3200 1585 3268 consuetudine,
1622 3209 1652 3256 ut
1678 3201 1787 3272 quando

986 3289 1075 3344 lessus
1103 3297 1194 3344 custos
1221 3289 1358 3356 domnitat,
1389 3289 1489 3345 lurtum
1516 3289 1623 3360 patitur.
1652 3289 1788 3346 Dormitat

987 3395 1053 3434 vero
1068 3378 1200 3444 Christus,
1218 3378 1325 3450 quando
1337 3378 1364 3432 in
1380 3377 1433 3434 sade
1448 3377 1613 3449 tepescimus
1628 3395 1635 3432 z
1651 3377 1716 3434 talis
1743 3385 1785 3434 εει

986 3467 1045 3537 ipsa
1059 3467 1138 3521 nobis
1153 3467 1246 3538 quales
1260 3483 1312 3522 nos
1336 3467 1372 3523 ei.
1399 3467 1504 3523 Deinde
1533 3467 1575 3522 his
1597 3467 1705 3523 duobus
1732 3467 1786 3523 duo

986 3555 1038 3609 alia
1053 3555 1149 3622 reddit,
1166 3556 1259 3611 dicens
1275 3573 1281 3610 :

1023 3679 1106 3732 Vsus.
1124 3680 1149 3733 i.
1165 3711 1200 3718 -
1216 3703 1227 3726 «ι
1246 3680 1317 3735 Εεεε
1337 3695 1392 3734 non
1421 3679 1576 3734 dormitabit
1605 3696 1693 3751 neque
1721 3681 1785 3736 dor·

989 3789 999 3814 ι
1018 3766 1082 3822 miot
1099 3767 1143 3838 qui
1159 3767 1276 3822 custodit
1290 3766 1384 3821 lsrael.
1403 3787 1415 3815 ι
1871 3763 1875 3770 “

1024 3875 1090 3927 Ecce
1105 3890 1162 3928 aon
1173 3872 1349 3928 dormitabit.
1369 3869 1463 3943 {Aegl
1479 3870 1520 3925 Ad
1534 3873 1586 3927 hoe
1610 3873 1682 3928 enim
1710 3875 1784 3945 quod

986 3959 1052 4014 dixit
1067 3975 1121 4014 non
1136 3960 1272 4026 dormitet,
1289 3958 1370 4014 relcrt
1383 3975 1440 4014 aaa
1455 3959 1638 4026 dormitabit,·
1662 3960 1784 4016 adalind

985 4063 1052 4102 vero
1065 4047 1137 4118 quod
1152 4047 1226 4113 dixit,
1244 4061 1298 4100 non
1313 4046 1359 4100 det
1374 4045 1402 4100 in
1411 4046 1630 4114 commotionem,
1642 4045 1726 4102 relert
1736 4063 1785 4103 ae·

985 4152 1037 4207 pac
1052 4135 1182 4190 dormiet.
1197 4133 1281 4203 Qttasi
1296 4135 1368 4190 dicat
1384 4153 1391 4188 :
1408 4135 1442 4190 Ut
1456 4142 1547 4191 autem
1561 4135 1609 4190 tibi
1632 4149 1686 4190 non
1714 4135 1781 4191 dor-

985 4224 1059 4289 miat,
1078 4231 1145 4284 esto.
1177 4222 1354 4294 lsrael-quia
1368 4239 1433 4280 ecee
1456 4239 1511 4278 non
1535 4223 1785 4298 dormitabitneque

985 4312 1101 4366 dormiet
1117 4313 1165 4384 pai
1179 4313 1300 4368 custodit
1310 4313 1408 4378 lsrael,
1420 4311 1448 4367 id
1459 4319 1500 4367 est
1515 4312 1637 4368 Christus
1666 4313 1711 4384 qui
1738 4329 1785 4368 eu-

985 4401 1067 4455 stodit
1082 4401 1168 4470 primo
1184 4416 1234 4470 ρει
1247 4399 1337 4464 sidem,
1353 4409 1416 4470 post
1440 4400 1564 4455 videntes
1588 4416 1638 4471 per
1652 4400 1782 4472 speciem.

985 4489 1013 4544 Si
1028 4505 1093 4559 ergo
1107 4506 1156 4560 per
1175 4487 1293 4559 speeiem
1308 4489 1428 4542 nondum
1442 4496 1530 4560 potes,
1548 4503 1597 4558 per
1609 4486 1690 4542 fidem
1701 4487 1782 4555 vide;

984 4593 1007 4631 ει
1022 4577 1117 4632 faciem
1134 4577 1191 4645 ejus
1207 4576 1299 4630 vidore
1318 4593 1373 4631 non
1399 4575 1484 4642 vales,
1508 4575 1636 4648 quoniam
1659 4573 1697 4630 ibi
1717 4592 1783 4647 ερε-

983 4666 1050 4728 eies,
1067 4665 1216 4735 posteriora
1237 4665 1295 4732 ejus
1321 4663 1392 4718 vide.
1424 4664 1481 4718 Hoc
1510 4663 1582 4717 enim
1610 4663 1711 4719 dictum
1741 4673 1784 4721 est

982 4754 1068 4825 lloysi
1083 4769 1098 4806 a
1113 4753 1239 4818 Domino,
1255 4751 1387 4834 quaerenti
1403 4750 1501 4806 taciem
1515 4751 1574 4820 ejus
1588 4751 1682 4808 videre
1699 4770 1705 4807 :
1723 4753 1782 4810 Noa

982 4843 1273 4915 potuertideresaciera
1284 4840 1498 4907 meam,sedato
1517 4841 1548 4896 ia
1569 4841 1710 4910 foramine
1729 4856 1780 4913 ρε-

985 4935 1046 4996 trae,
1056 4934 1083 4984 et
1092 4933 1235 5003 protopam
1247 4929 1400 4985 tedeetera
1412 4927 1485 4994 mea,
1504 4932 1532 4984 et
1542 4931 1701 5000 posteriora
1720 4945 1783 4986 mea

983 5019 1096 5082 videbis,
1109 5017 1485 5090 catapertraaaierolliaod.
1506 5017 1622 5088 xxxta).
1644 5015 1696 5086 Qui
1715 5033 1781 5089 ergo

983 5123 1038 5162 non
1046 5114 1134 5176 potest
1145 5106 1237 5160 videre
1248 5105 1354 5173 faeiem,
1364 5105 1517 5176 posteriora
1528 5105 1629 5176 videat,
1637 5121 1698 5160 cum
1707 5113 1779 5160 tran-

169 5197 321 5252 Auxilium
336 5212 428 5252 racem
439 5203 513 5250 esta
541 5197 722 5265 Domiaopcr
749 5211 806 5261 cos,
837 5195 931 5268 [litigi
982 5193 1782 5264 sierit.PertransivitenimChristusperpassionemamorle

132 5285 195 5359 quia
210 5284 277 5340 ethi
292 5285 326 5340 de
347 5283 515 5354 plenitudine
531 5283 588 5352 ejtts
616 5283 751 5354 accipiunt
779 5285 871 5340 ilcan.
886 5285 906 5348 tl
924 5301 930 5338 :
983 5284 1016 5337 ad
1032 5283 1133 5346 ritam3
1150 5283 1195 5353 qui
1221 5283 1350 5336 transitus
1378 5282 1514 5336 Hebraico
1543 5282 1641 5337 dicitur
1668 5284 1781 5354 pascha.

130 5375 160 5429 in
176 5389 245 5445 quos
260 5382 350 5428 tamen
364 5373 416 5427 nisi
431 5373 506 5427 leves
520 5372 613 5427 oeulos
629 5389 677 5442 per
691 5373 855 5442 Scripturas,
878 5389 931 5427 non
984 5373 1084 5426 Pasclta
1100 5371 1208 5441 quidem
1219 5377 1327 5441 putatur
1341 5387 1471 5442 graecum,
1496 5371 1573 5443 quasi
1597 5371 1708 5442 passio;
1732 5371 1781 5429 sed

130 5463 330 5528 admoveberis,
342 5469 371 5515 ut
385 5461 420 5516 ab
436 5477 468 5516 eo
487 5460 657 5515 illumineris.
686 5461 725 5514 llli
755 5477 820 5533 ergo
849 5461 931 5515 mini-
983 5477 1048 5515 vere
1065 5459 1207 5514 llebraeutn
1223 5467 1273 5525 est,
1290 5459 1317 5512 id
1334 5466 1376 5513 est
1395 5459 1533 5513 transitus.
1561 5460 1590 5513 ln
1615 5460 1667 5516 boc
1696 5460 1781 5515 voluit

129 5549 181 5606 stri
200 5567 206 5604 :
223 5551 296 5606 Deus
310 5556 399 5605 autem
414 5557 508 5605 auctor
522 5557 562 5604 εει
587 5548 798 5614 illuminationis,
827 5549 872 5620 qai
892 5557 932 5604 est
983 5549 1104 5604 Christus
1119 5547 1214 5610 videri,
1229 5547 1257 5602 id
1268 5555 1309 5602 est
1325 5547 1409 5614 credi,
1431 5563 1485 5603 non
1499 5548 1582 5604 modo
1599 5548 1627 5601 in
1650 5564 1683 5604 eo
1705 5549 1777 5620 quod

130 5641 178 5696 lux
193 5654 269 5706 vera,
285 5637 440 5695 illuminans
454 5653 562 5693 omnem
577 5637 715 5694 hominem
730 5637 883 5692 venientem
905 5638 933 5692 in
983 5645 1103 5692 mortuus
1118 5645 1168 5705 est,
1183 5644 1212 5692 ut
1227 5643 1253 5692 et
1268 5636 1353 5708 iniqui
1368 5637 1490 5704 credunt,
1516 5637 1565 5692 sed
1593 5637 1665 5708 quod
1687 5650 1779 5692 resur-
