3930 6066
168 159 220 214 tat

872 157 975 215 PETRI
995 152 1174 212 LOllelilll

1769 167 1822 224 728

171 292 261 340 rantes
276 285 304 340 in
320 287 390 354 Deo,
400 287 476 342 abeo
486 287 646 357 adjuventur
659 285 693 340 ad
709 284 877 356 implendum
886 281 1006 355 opereA
1020 281 1180 352 promittere
1197 284 1225 340 in
1240 285 1284 341 die
1301 286 1453 354 auditionis,
1471 295 1498 344 ει
1511 287 1639 345 deserere
1653 289 1681 344 in
1696 289 1741 346 die
1754 297 1817 347 ten-

172 373 311 430 maudeta.
328 374 406 442 Dico,
423 374 577 447 exquirant,

208 497 293 552 Vsss.
312 501 354 553 to.
371 527 404 540 -
421 497 638 554 «Nehantsieut
649 505 740 569 patres
751 512 865 562 eorum;
882 511 970 568 gene-

176 606 187 633 «
205 585 272 640 ratio
287 601 372 658 prave
387 592 413 641 et
428 601 606 657 exasperaus.
627 607 638 639 r

210 690 248 747 Ne
260 691 334 759 fient
348 693 424 748 sicut
438 696 535 764 potres
558 708 665 759 eorum,
682 692 829 766 [Cassiod.
845 687 971 760 illenim]

175 777 280 834 scilicet
292 778 388 845 Judaei,
405 779 509 837 scilicet
522 783 669 853 generatio
683 797 781 852 prove,
799 795 859 851 quae
874 778 971 833 verita-

175 872 230 922 tem
245 882 299 922 non
314 868 428 938 recepit,
453 872 482 923 et
499 885 671 940 exasperans
694 869 790 937 Deum,
812 868 881 922 adeo
900 866 970 920 utin

175 953 344 1011 Salvatorem
372 963 550 1020 armarentur,
582 955 655 1027 qnod
684 955 731 1011 init
766 971 848 1027 super
875 969 972 1010 omnes

175 1041 346 1099 acerbitates.
370 1042 448 1099 Unde
468 1059 518 1114 per
541 1043 711 1099 Ezechielem
732 1043 865 1099 Dominus
880 1041 969 1098 dicit:

178 1129 289 1195 Vadaei
299 1131 343 1187 dic
353 1131 449 1188 domui
463 1135 657 1204 exasperanti,
675 1138 727 1188 etc.
740 1131 852 1202 (Erech.
865 1147 894 1199 u,
907 1131 969 1200 xu).

175 1217 209 1271 Et
224 1218 397 1291 quiapraea,
412 1219 476 1276 ideo
491 1227 532 1275 est
590 1233 598 1244 ·

212 1359 297 1415 Vsus.
313 1363 355 1415 ιι.
371 1383 434 1409 -ιι
460 1361 604 1418 Generatio
629 1377 688 1433 quae
714 1377 768 1418 non
794 1361 896 1418 direxit
924 1376 972 1418 cor

1022 365 1139 422 tationis.
1151 367 1185 423 Et
1200 368 1252 425 hoc
1266 377 1307 425 est
1321 371 1400 442 quasi
1410 369 1563 443 praeludere
1577 373 1669 444 armis,
1687 375 1757 430 atad
1771 375 1820 430 ho·

1020 468 1080 508 rem
1093 456 1248 511 certaminis
1262 457 1334 514 nolle
1349 475 1484 532 pugnare.
1501 457 1578 528 Quod
1592 461 1714 528 veroait,
1725 461 1817 517 intan-

1021 541 1116 597 dentes
1130 551 1158 598 et
1172 544 1307 600 mittentes
1322 562 1425 616 arcum,
1447 562 1510 604 cum
1523 548 1613 620 potius
1626 549 1751 605 rideatur
1766 550 1817 606 de-

1021 629 1086 685 bere
1101 630 1211 699 dixisse,
1236 633 1407 691 intendentes
1422 651 1515 692 areum
1537 644 1563 692 et
1576 637 1715 694 mittentes
1730 639 1816 711 sagit-

1021 725 1073 774 tas.
1089 717 1151 775 Non
1176 720 1250 776 enim
1271 737 1353 778 arcus
1375 723 1495 790 mittitur,
1522 723 1570 780 sed
1585 724 1620 781 ab
1634 740 1700 782 arcu
1715 723 1817 797 aliquid

1021 806 1142 874 mittitur,
1166 807 1281 881 figurate
1302 811 1403 867 dictum
1428 811 1606 882 accipiemus,
1623 813 1761 870 mittentes
1775 829 1819 869 ar·

1022 908 1094 961 eum,
1121 895 1185 968 quia
1208 897 1311 968 aliquid
1330 899 1437 954 mittunt
1458 915 1531 956 arcu.
1553 900 1601 956 Vel
1628 900 1762 964 obscurus
1776 911 1818 957 est

1022 983 1089 1038 ordo
1108 983 1265 1055 verborum,
1289 993 1318 1041 ut
1342 986 1392 1043 ista
1416 987 1450 1042 sit
1474 988 1543 1044 ordo
1560 1003 1566 1044 :
1583 989 1759 1045 Intendentes
1775 1004 1818 1044 ar-

1022 1085 1084 1127 cum
1108 1080 1134 1127 et
1153 1072 1301 1142 mittentes,
1324 1074 1455 1131 subaudis
1478 1076 1598 1149 sagittas.
1622 1077 1752 1132 Nonnulli
1776 1087 1816 1132 ta-

1022 1174 1085 1215 men
1100 1159 1189 1216 Graeci
1203 1161 1313 1218 codices
1327 1163 1436 1230 hahent,
1452 1163 1625 1221 intendentes
1639 1174 1666 1221 et
1680 1165 1818 1222 mittentes

1023 1247 1151 1315 arcubus,
1166 1257 1195 1304 ut
1210 1249 1269 1306 sine
1290 1250 1457 1307 dubitatione
1472 1250 1668 1309 subaudiamus
1686 1253 1813 1326 sagittas.

1023 1336 1074 1392 Per
1096 1336 1166 1393 lilios
1189 1354 1255 1394 vero
1279 1339 1411 1411 Ephrem,
1427 1340 1473 1413 qui
1487 1339 1576 1397 dictus
1590 1349 1631 1397 est
1646 1348 1674 1397 et
1686 1342 1817 1413 Ephraim

103 1459 107 1471 .
178 1461 304 1516 ‘suum
319 1455 346 1504 e,
361 1449 667 1506 nonestcmduuscum
681 1451 739 1506 Deo
755 1449 969 1522 spirilusejusu,
1022 1431 1106 1479 totam
1128 1423 1202 1480 illam
1225 1435 1334 1500 gentem
1355 1428 1551 1484 amaricantem
1572 1429 1687 1502 intelligi
1708 1429 1817 1486 voluit:

1023 1519 1131 1584 aparte
1146 1519 1231 1570 totum
1255 1514 1426 1587 significans.
1452 1514 1532 1585 Quod
1549 1516 1611 1572 ideo
1632 1525 1682 1585 est,
1703 1517 1768 1589 quie
1782 1517 1818 1575 ab

216 1580 434 1680 aeneamque
448 1596 505 1637 non
518 1579 626 1679 aereae
640 1596 687 1636 cor
708 1596 802 1678 taem
828 1578 883 1651 [Gt
908 1578 969 1678 min,
985 1599 1067 1693 Burs
1089 1601 1260 1672 potissimum
1294 1601 1395 1676 aliquid
1427 1604 1492 1659 noni
1518 1605 1814 1676 exspectaremus.

176 1667 310 1765 0⁸⁵⁵}0du
335 1667 454 1735 ficum-⁸
480 1667 565 1741 nug]
589 1669 616 1723 ld
644 1675 686 1723 0⁵2
708 1669 835 1767 d¹⁸²⁰l}⁸·
859 1667 908 1722 Vel
933 1677 971 1722 Μ
1023 1688 1092 1744 Sunt
1106 1691 1178 1748 enim
1194 1691 1227 1747 de
1243 1691 1290 1747 illo
1305 1690 1359 1747 filio
1373 1690 1474 1763 Ioseph
1489 1692 1554 1760 uati,
1572 1692 1615 1749 cui
1629 1694 1713 1750 Jacob
1735 1693 1820 1750 bene·

176 1763 328 1854 Qum-²
351 1756 517 1856 1d⁰⁰UPs³Y⁸
532 1763 574 1812 θεῖ
588 1756 875 1855 3⁰⁰⁰¹³²i⁰2q¹¹¹³⁰⁸²
889 1770 971 1854 gene·
1022 1783 1117 1839 dicens
1142 1780 1279 1837 dexteram
1307 1779 1445 1852 imposuit,
1477 1780 1600 1852 quemuis
1623 1780 1657 1835 ad
1681 1781 1818 1836 sinistram

177 1850 247 1942 ratio
263 1859 391 1915 quianon
406 1844 503 1944 direxit
518 1859 568 1901 cor
583 1861 673 1944 suum,
689 1851 716 1900 et
731 1860 753 1899 ει
768 1859 877 1943 monum
888 1843 923 1898 ad
933 1843 974 1898 ὼ·
1023 1869 1178 1935 εοιιειιιιιιο,
1195 1876 1221 1923 ει
1236 1868 1361 1923 ldanasse
1372 1865 1642 1939 majoriiilioloseph
1657 1869 1816 1941 preposuit,

176 1947 247 2030 V¹¹f⁸r
271 1939 300 1986 ¹¹²
324 1947 354 2030 ⁵?
373 1940 533 2006 ⁰⁰sr¹8⁸f⁴³‘·
560 1933 709 2032 D¹⁵¹f³l¹¹¹m
733 1948 806 1988 ‘mm
819 1947 867 1988 ⁰⁰?
879 1931 972 1995 habe‘·
1023 1959 1131 2031 quando
1146 1955 1302 2013 cancellatis
1319 1955 1446 2011 manibus
1466 1955 1573 2028 utrique
1588 1956 1735 2024 benedixit,
1752 1957 1819 2012 dex-

175 2036 222 2091 (iffl
236 2033 322 2091 llile
336 2019 473 2080 ιΰῑθῙῙθθῑθ
486 2035 541 2076 ¹¹⁰⁰
555 2028 676 2092 ⁰⁰ffli¹¹v
693 2029 720 2077 el
734 2037 795 2093 ‘luae
809 2028 907 2076 flatum
921 2020 972 2076 ‘¹⁰'
1022 2053 1108 2101 teram
1122 2060 1203 2116 super
1217 2042 1356 2115 Ephraim,
1374 2051 1400 2098 ει
1415 2042 1552 2098 sinistram
1567 2060 1649 2116 super
1662 2046 1819 2101 blanassem

176 2114 229 2175 oet,
242 2123 298 2164 non
312 2107 427 2180 perficit.
444 2109 499 2165 Cur
514 2108 575 2163 talis
590 2118 632 2164 est
647 2109 693 2164 illa
707 2108 872 2181 generatio?
883 2113 920 2175 et,
945 2107 973 2162 id
1023 2142 1158 2200 smmum,
1173 2133 1205 2188 ,d
1227 2132 1368 2188 dexteram
1384 2131 1511 2202 ponendo
1527 2131 1607 2204 (Gen.
1623 2133 1734 2203 ΜΝ),
1750 2132 1819 2188 Cum

177 2203 219 2252 θεῖ
233 2195 378 2296 (Ψίθιπθη
393 2202 436 2253 ³⁸²
445 2198 571 2254 ΜΨ
584 2197 973 2296 ⁶“m09951’i7‘52u30juf2if1
1022 2229 1112 2278 eutem
1130 2221 1188 2277 baec
1210 2219 1296 2274 tribus
1319 2219 1363 2275 hie
1384 2219 1518 2290 culpetur,
1540 2235 1592 2276 nec
1617 2219 1777 2292 apparuisse
1790 2221 1821 2275 in

176 2292 219 2383 ⁰5²
233 2301 256 2340 ⁵¹
270 2293 336 2384 ”⁸¹¹⁰
361 2287 523 2384 quandoque
545 2285 615 2342 bene
639 2292 734 2385 suasu)
759 2301 818 2385 ¹¹⁰³,
837 2293 973 2357 ⁸⁰q⁰¹ev¹²
1023 2325 1055 2366 ee
1070 2309 1222 2364 ostenditur
1243 2306 1315 2379 quod
1334 2307 1380 2362 illa
1395 2307 1550 2365 benedictio
1563 2308 1748 2380 promittebat.
1766 2310 1819 2364 Pa-

174 2389 210 2429 01·
227 2373 276 2472 Vll
290 2383 327 2429 Μ
345 2391 351 2430 ²
368 2374 432 2430 ¹⁶0⁰
455 2374 516 2429 ¹²¹¹⁸
540 2382 581 2430 θεῖ
605 2382 755 2448 lienem&
773 2385 846 2446 ‘lum’
863 2389 918 2429 ⁰⁰¹¹
932 2381 973 2428 est
1022 2405 1059 2454 tet
1081 2397 1166 2453 Jacob
1188 2403 1252 2451 tune
1275 2393 1421 2467 figurasse,
1452 2396 1526 2468 quod
1555 2396 1698 2452 novissimi
1726 2404 1821 2453 essent

174 2461 296 2518 creditus
310 2477 372 2518 cum
397 2464 456 2518 Deo
477 2461 586 2534 spiritus
600 2463 669 2533 ejus,
685 2462 818 2535 quianon
834 2461 975 2516 habebant
1022 2485 1111 2558 primi,
1127 2492 1154 2541 e,
1168 2484 1248 2556 primi
1258 2483 1522 2555 novissimifflanp
1535 2487 1598 2556 xx),
1613 2501 1662 2556 pe,
1672 2485 1821 2542 adventum

174 2548 268 2616 fidem,
283 2565 343 2649 puae
366 2550 526 2621 impetraret
540 2551 612 2624 quod
626 2550 671 2606 lex
685 2551 810 2622 imperat,
827 2549 876 2605 sed
893 2549 973 2621 quasi
1022 2572 1179 2630 Summis·
1194 2573 1235 2628 De
1250 2587 1303 2645 quo
1317 2572 1436 2628 joann„
1450 2572 1487 2627 ,it
1502 2589 1509 2626 ς
1527 2571 1581 2640 ng
1594 2578 1657 2645 μω,
1677 2589 1722 2630 m,
1739 2577 1820 2629 „em-2

175 2638 349 2736 exoperibus
359 2637 492 2707 justitiam
503 2638 667 2711 querebant.
685 2637 802 2736 Quobd⁰
811 2645 900 2693 ³¹¹¹&ss
911 2651 973 2693 Μ
1022 2663 1245 2732 antecesserint
1255 2660 1402 2732 eratione.
1417 2661 1447 2732 ι).
1460 2659 1506 2717 Sic
1515 2667 1542 2716 et
1552 2661 1621 2717 Abel
1638 2661 1732 2731 majori
1741 2659 1821 2716 fratri

176 2732 272 2796 spiritu
293 2725 344 2781 Dei
364 2733 503 2798 operante,
529 2725 640 2797 spiritus
664 2724 781 2782 homims
800 2731 971 2797 cooperatus,
1022 2749 1150 2820 palam,
1164 2747 1213 2804 fui,
1224 2749 1307 2820 (Gen,
1328 2747 1821 2820 „)‚1„,015m,015(mmm,

177 2819 241 2868 tune
263 2811 292 2868 ht
307 2813 381 2885 quod
403 2815 476 2873 Deus
496 2814 585 2884 jubet.
608 2815 708 2870 Ethoe
722 2829 777 2870 non
791 2812 893 2869 sitnisi
908 2827 972 2869 cre·
1022 2837 1075 2894 ,ob
1088 2837 1161 2892 Esau
1176 2837 1340 2908 magam„
1360 2852 1420 2893 suo·
1447 2837 1525 2891 prius
1545 2844 1636 2893 ,amen
1649 2844 1715 2893 ,mo
1730 2837 1816 2909 (cm.

178 2899 269 2958 dendo
292 2900 320 2956 in
341 2917 404 2958 eum
426 2902 472 2974 qui
492 2899 625 2972 justificet
640 2901 752 2974 impium
769 2918 776 2958 ε
793 2917 875 2974 quam
891 2899 972 2956 iidem
1024 2925 1126 2996 mn),
1143 2932 1170 2980 ω
1183 2925 1285 2980 phare,
1311 2927 1417 2991 gamm,
1442 2925 1487 2996 qui
1507 2923 1582 2995 psius
1606 2939 1716 2980 mgnum
1731 2926 1823 2981 ,misit

177 3003 233 3046 non
255 2989 349 3046 habuit
371 2991 513 3064 generatio
532 3007 616 3063 prava
639 2997 666 3046 et
684 2989 848 3047 amaricans.
864 2982 1010 3046 EtideoC
1026 3015 1106 3083 (Gen,
1128 3015 1259 3084 mm),
1281 3014 1316 3068 E,
1339 3011 1428 3070 David
1448 3010 1576 3068 stau-ibus
1599 3013 1656 3068 ,113⁵
1669 3013 1822 3083 majoribus

178 3077 335 3134 dictumest
352 3097 359 3134 :
375 3079 436 3135 Non
451 3085 494 3134 est
507 3079 625 3135 creditus
640 3094 701 3136 cum
715 3079 774 3134 Deo
785 3077 895 3150 spiritus
903 3079 972 3148 ejus.
1025 3101 1126 3173 (1309,
1151 3102 1213 3172 χει)
1229 3117 1236 3154 :
1252 3100 1291 3158 sic
1314 3100 1415 3172 populo
1438 3100 1604 3170 ludaeorum,
1626 3101 1755 3173 praelatus
1778 3109 1822 3158 εει

176 3161 262 3217 ιιιιιιε
283 3161 356 3216 enim
380 3161 432 3217 hoc
454 3160 611 3232 expressius
634 3161 699 3216 dicit
714 3167 742 3216 ut
757 3159 891 3233 significet
905 3175 974 3232 gra·

177 3248 243 3305 tiam
257 3250 318 3315 Dei,
334 3266 394 3321 quae
409 3264 464 3306 non
478 3251 566 3305 solum
583 3247 647 3305 lacit
672 3248 857 3305 remissionem
873 3261 974 3319 peeca-

178 3344 280 3403 torum,
305 3339 354 3392 sed
373 3345 399 3392 ει
418 3337 562 3402 cooperari
577 3335 640 3392 iacit
654 3336 707 3391 sibi
720 3335 843 3407 spiritum
858 3335 975 3392 hominis

178 3424 300 3480 inbonis
322 3425 463 3496 operibus,
486 3423 565 3497 quasi
588 3424 698 3490 diceret,
715 3439 769 3480 non
783 3422 900 3480 eredidit
917 3425 976 3479 Deo

179 3511 288 3584 spiritus
313 3513 381 3583 ejus.
406 3511 516 3568 Habere
530 3511 602 3568 enirn
617 3527 680 3568 cum
694 3512 753 3567 Deo
767 3511 893 3584 spiritum
913 3527 975 3568 cre·

179 3599 275 3668 ditum,
292 3609 333 3657 est
344 3616 399 3656 non
409 3599 523 3658 credere
534 3599 657 3671 spiritum
669 3615 749 3655 suum
760 3600 884 3656 sineDeo
893 3615 976 3670 posse

180 3687 272 3745 facere
287 3687 429 3760 justitiam,
459 3688 502 3745 sel
526 3687 628 3760 aliquid
651 3688 726 3758 boni,
752 3688 800 3744 sed
822 3704 884 3744 eum
906 3689 973 3755 Deo,

181 3775 254 3848 qnod
278 3785 320 3833 est
339 3777 453 3834 eredere
475 3776 503 3833 in
516 3777 603 3833 Deum
620 3793 626 3832 :
643 3776 716 3850 quod
739 3776 830 3848 utique
852 3776 914 3847 plus
935 3784 976 3831 est

180 3879 264 3936 quam
287 3865 399 3922 eredere
421 3866 490 3921 Deo.
512 3865 581 3922 Nem
606 3855 742 3922 eredimus
763 3865 844 3920 etiam
862 3863 973 3930 homini,

182 3952 231 4010 sed
247 3969 301 4009 non
325 3953 352 4008 in
375 3953 523 4010 hominem.
549 3955 580 4008 ln
594 3953 681 4009 Deum
694 3953 805 4009 credere
817 3961 863 4024 est
875 3951 900 4008 ei
913 3968 976 4008 ere-

184 4040 274 4097 dendo
287 4041 425 4097 adhaerere
441 4041 475 4096 ad
488 4041 558 4097 bene
572 4041 748 4112 operandum.
765 4039 843 4097 Unde
857 4043 974 4112 Aposto-

182 4128 225 4184 lus
242 4146 249 4182 :
269 4128 453 4198 Qteiadboeret
463 4131 528 4196 Deo,
540 4145 615 4184 anus
630 4131 749 4202 spiritus
760 4132 803 4185 ert
817 4146 883 4186 cem
892 4129 943 4184 illo
954 4128 980 4198 (l

186 4217 246 4274 Cor.
261 4216 311 4288 rr).
336 4216 383 4271 llla
398 4223 488 4271 eutem
503 4215 650 4289 generatio,
667 4216 744 4285 eujus
758 4216 911 4287 exemplum
927 4230 975 4271 ce·

1024 3189 1141 3262 populus
1165 3179 1343 3244 christianus.
1359 3188 1454 3244 Totam
1466 3188 1556 3260 itaque
1583 3197 1693 3260 gentem
1707 3203 1821 3260 pravam

1025 3291 1042 3332 a
1050 3284 1129 3348 parte
1144 3291 1205 3333 esse
1221 3274 1387 3348 significans,
1404 3276 1441 3331 ait
1457 3294 1463 3330 :
1480 3276 1569 3331 Etiam
1584 3274 1631 3332 lilii
1644 3277 1765 3349 Ephrem
1778 3278 1822 3332 iu-

1025 3365 1167 3420 tendentes
1182 3373 1209 3420 et
1231 3365 1367 3420 mittentes
1389 3379 1494 3430 areum,
1520 3363 1547 3419 id
1570 3374 1612 3421 est
1632 3379 1696 3422 arou
1718 3364 1822 3437 aliquid

1025 3454 1172 3508 mittentes.
1194 3452 1254 3522 Vel,
1279 3452 1451 3508 intendentes
1473 3467 1567 3508 areum
1581 3461 1608 3508 et
1622 3453 1758 3510 mittentes
1773 3469 1820 3509 sa-

1026 3540 1118 3613 gittas,
1135 3540 1161 3596 id
1181 3549 1222 3597 est
1235 3541 1423 3612 promittentes
1438 3556 1547 3596 servare
1561 3541 1663 3614 legem,
1674 3549 1769 3612 aperte
1779 3541 1823 3596 ‹u-

1025 3638 1118 3686 centes
1135 3645 1141 3684 :
1163 3629 1264 3686 Omnia
1278 3645 1449 3702 praecanere
1463 3628 1572 3685 dixerit
1587 3629 1666 3685 nobis
1685 3631 1823 3686 Dominus

1025 3719 1163 3790 {nemetes
1178 3721 1206 3774 at
1221 3717 1368 3774 audiemus
1383 3717 1585 3787 (tiendum).
1599 3717 1731 3773 Conversi
1747 3727 1821 3787 sunt,

1025 3807 1110 3861 idest
1130 3804 1297 3871 deiecerunt,
1322 3805 1350 3859 in
1373 3804 1418 3860 die
1442 3804 1515 3872 belli,
1533 3804 1636 3860 scilieet
1649 3805 1820 3861 tentationis.

1026 3895 1105 3950 Unde
1121 3893 1193 3950 Osee
1206 3893 1337 3965 propheta
1351 3899 1389 3949 art
1404 3910 1411 3946 ε
1429 3893 1565 3965 Ephraim
1574 3896 1669 3965 foetus
1684 3897 1725 3949 eet
1740 3896 1824 3966 panai

1025 3982 1153 4040 columbe
1167 3983 1304 4054 insipiens
1319 3981 1392 4051 (Ose.
1409 3983 1469 4052 vn),
1481 3980 1577 4054 liliam,
1589 3979 1672 4055 Aug]
1685 3981 1749 4053 quia
1759 3998 1826 4052 pro-

1025 4070 1182 4127 missionem
1199 4070 1361 4126 obedientiae
1374 4084 1429 4124 non
1445 4068 1557 4136 auditio,
1569 4067 1617 4124 sed
1631 4069 1743 4125 tentatio
1758 4086 1823 4142 pro-

1027 4158 1082 4214 bat.
1098 4158 1138 4215 lta
1152 4157 1279 4214 conversi
1294 4157 1442 4229 suntquis

182 4305 302 4360 vandum
316 4312 366 4360 est.
379 4303 417 4358 Et
432 4303 454 4358 si
469 4302 583 4360 eredidit
594 4305 661 4372 Deo,
673 4312 825 4360 nontamen
835 4304 863 4359 iu
876 4305 1015 4392 Deum,D
1062 4301 1147 4357 Vens.
1167 4303 1210 4354 te.
1227 4330 1262 4341 -
1283 4321 1295 4350 ι
1324 4299 1386 4355 Νοιι
1414 4299 1602 4356 custodierunt
1629 4307 1823 4356 testamentum

183 4392 246 4463 quia
268 4407 323 4448 non
338 4390 392 4448 fide
407 4391 521 4448 adhaesit
536 4393 604 4459 Deo,
620 4399 650 4446 ut
663 4392 698 4446 ab
712 4407 745 4448 eo
760 4399 858 4448 sanata
872 4407 975 4464 ooope-
1028 4409 1040 4440 s
1061 4389 1130 4458 Dei;
1147 4396 1173 4444 ει
1187 4388 1216 4442 in
1230 4387 1292 4462 lege
1306 4389 1366 4458 ejus
1380 4387 1524 4444 uoluerunt
1538 4387 1688 4444 ambulare.
1710 4409 1722 4438 ι

181 4488 296 4548 raretur,
311 4487 475 4552 cooperante
489 4479 516 4534 in
533 4496 563 4536 se
579 4480 645 4536 Deo.

217 4605 304 4660 Vens.
321 4609 365 4662 ii.
381 4635 416 4644 —
432 4625 443 4654 s
460 4603 518 4660 Filii
542 4603 662 4676 Ephrem
685 4605 857 4662 intendentes
871 4613 897 4661 ει
910 4605 972 4660 mit-

184 4714 195 4744 ι
212 4699 300 4749 tentes
314 4708 418 4760 arcum,
434 4693 559 4750 conversi
574 4702 635 4749 sunt
649 4693 677 4748 in
696 4693 740 4749 die
756 4693 828 4749 belli.
850 4718 860 4742 n

215 4800 282 4856 ritis·
295 4799 428 4872 Ephrem.
454 4798 575 4871 [llaym.‚
592 4799 675 4871 Aug]
690 4798 774 4868 Quasi
789 4799 862 4856 dieat
878 4816 885 4853 ε
907 4799 975 4854 Vere

176 4902 262 4962 prata
278 4895 305 4943 ει
326 4887 450 4954 distorta,
473 4887 641 4959 quinetiam,
657 4884 704 4942 filii
717 4888 846 4958 Ephrem,
863 4888 897 4942 de
913 4887 975 4959 qui-

173 4977 225 5032 bus
233 4975 323 5032 minus
331 4975 660 5040 videretur,intendentes
668 4978 696 5030 et
705 4976 853 5031 mittentes
864 4991 973 5042 aream,

116 5133 120 5138 ⁵
176 5063 204 5120 id
218 5073 260 5121 est
274 5065 462 5136 promittentes
486 5079 593 5119 servare
608 5062 735 5118 mandata
750 5063 777 5117 in
792 5063 837 5119 die
856 5063 975 5119 anditio-

175 5152 229 5222 nis,
254 5151 357 5209 soilieet
381 5152 491 5224 quando
505 5153 578 5207 [teus
593 5151 627 5206 de
641 5151 733 5223 alique
746 5151 912 5208 adversitate
926 5168 975 5208 eos
1023 5201 1142 5272 justina

175 5239 327 5296 clamantes
350 5240 489 5308 audiebat,
506 5239 582 5312 quasi
597 5239 780 5311 praeludeutes
795 5239 888 5306 armis,
905 5258 974 5298 eon-

174 5329 327 5383 versisunt
339 5329 369 5382 in
385 5327 428 5384 die
443 5328 519 5393 belli,
538 5327 566 5382 id
582 5334 624 5383 est
637 5326 796 5384 deiecerunt
812 5328 838 5382 in
854 5327 898 5384 die
913 5337 974 5384 ten-

171 5413 292 5469 tationis.
315 5415 389 5469 Nihil
414 5415 487 5471 eninr
509 5422 551 5470 est
577 5415 650 5470 eliud
683 5417 797 5472 tendere
819 5430 924 5482 arcum,
949 5425 976 5472 et

167 5501 275 5560 mittere
300 5510 326 5560 et
350 5503 471 5560 converti
493 5503 521 5561 iu
545 5503 588 5560 die
615 5503 689 5574 belli,
716 5504 768 5560 nisi
787 5503 930 5560 attendere
947 5513 974 5560 et

1061 4497 1121 4551 Non
1137 4493 1331 4550 custodierunt
1356 4497 1563 4550 testamentum
1582 4494 1642 4561 Dei,
1658 4493 1752 4567 [Aug]
1766 4510 1822 4550 non

1026 4584 1099 4657 quod
1113 4599 1168 4638 non
1182 4591 1304 4654 possent,
1320 4582 1367 4638 sed
1383 4581 1446 4654 quia
1455 4581 1609 4638 noluerunt.
1621 4583 1699 4639 Unde
1709 4583 1821 4639 subdit:

1025 4674 1061 4729 Et
1070 4675 1102 4729 in
1113 4674 1170 4744 iope
1178 4673 1240 4744 ejas
1255 4671 1410 4727 nolmrunt
1422 4671 1577 4738 ambulare,
1591 4676 1617 4726 ει
1625 4670 1649 4726 si
1657 4671 1822 4744 quaudoque

1025 4761 1174 4827 ambulent,
1190 4767 1278 4815 tamen
1293 4759 1396 4826 uolunt,
1413 4757 1544 4830 quianon
1559 4774 1592 4814 ex
1610 4759 1693 4815 corde
1707 4758 1820 4816 iaciunt.

1025 4852 1117 4923 Agunt
1132 4848 1203 4905 enim
1218 4864 1280 4921 quae
1295 4847 1407 4903 mallent
1421 4862 1476 4902 non
1489 4847 1602 4918 praecipi
1617 4846 1677 4914 sibi,
1694 4863 1727 4903 ex
1738 4848 1822 4904 eorda

1026 4945 1115 4994 autem
1130 4935 1299 4992 nullomodo
1323 4933 1362 5002 iit,
1383 4935 1456 5006 quod
1470 4934 1499 4990 lit
1514 4951 1547 4990 ex
1561 4933 1707 4992 tormidine
1720 4952 1819 5007 poenae,

1025 5041 1079 5082 non
1104 5026 1248 5081 dilectione
1267 5023 1388 5094 justitia.
1413 5023 1495 5078 Pares
1519 5032 1686 5093 suntmann,
1703 5025 1821 5081 sednon

1025 5115 1118 5181 corde,
1144 5112 1267 5185 quinon
1291 5111 1418 5178 iurantur,
1445 5110 1542 5168 timore
1561 5127 1660 5183 poenae,
1685 5120 1712 5167 et
1726 5128 1822 5169 amore

1061 5309 1144 5364 vass.
1163 5309 1205 5361 ιι.
1222 5336 1256 5346 -
1273 5327 1284 5356 ι
1303 5307 1336 5360 Et
1359 5304 1435 5360 obliti
1459 5312 1521 5360 suot
1542 5303 1745 5362 benefactorum
1761 5307 1821 5375 ejus

1028 5416 1039 5449 ι
1057 5405 1083 5452 ει
1098 5394 1262 5451 mirabilium
1277 5395 1336 5463 eius
1350 5409 1411 5466 quae
1425 5393 1543 5449 ostendit
1557 5393 1606 5448 eis.
1627 5413 1638 5442 ι

1062 5504 1143 5558 Pane.
1160 5517 1199 5558 ιιι.
1227 5501 1312 5558 Vens.
1336 5503 1378 5556 ta.
1395 5531 1430 5539 -
1447 5521 1458 5549 ι
1475 5499 1578 5556 Coram
1587 5498 1712 5576 patribus
1727 5515 1820 5558 eomru
