3946 6070
139 235 205 295 teor

582 230 863 291 COllllEN'l'hlllUll
877 227 913 284 IN
928 223 1096 282 PSALMOS.
1113 255 1147 265 -
1161 221 1258 280 PSAL.
1275 225 1344 282 CIX.

1720 229 1791 285 tete

141 359 222 414 Pater
245 319 303 413 sire
328 357 464 428 Propheta
488 357 616 430 loquitur,
642 358 792 414 secundum
815 355 940 410 diversas
955 349 1165 411 habundanter
1173 349 1265 414 nutrit,
1283 348 1332 404 sed
1344 349 1415 404 unde
1426 349 1451 404 ei
1459 355 1488 404 ut
1497 351 1550 405 boc
1559 349 1720 420 possitiex
1742 349 1795 406 ha-

142 447 287 512 lectiones,
303 461 390 520 agens
405 447 440 502 de
458 444 558 501 Christi
582 446 693 502 deitate.
719 445 768 502 liic
791 444 855 500 item
878 444 945 500 Pre-

140 537 225 608 pbeta
239 533 361 608 loquitur
381 551 467 606 usque
495 535 532 590 ad
558 534 640 590 linem
668 534 776 605 psalmi,
801 549 889 606 agens
912 532 946 588 de

142 623 245 680 Christi
261 622 447 692 humanitate;
463 623 542 695 qnasi
555 623 629 679 dieat
644 640 651 677 ι
667 623 800 680 Dominus
815 621 882 676 dixit
891 622 947 677 Do-

140 713 217 768 mino
229 710 307 778 Filio,
324 711 391 768 sede
405 727 421 768 a
436 711 538 767 dextris
553 711 632 778 meis,
649 719 719 779 eto.,
729 711 805 767 dedit
824 711 904 766 etiam
921 709 948 765 ei

142 801 326 859 sacerdotium
341 809 481 858 aeternum.
499 801 571 856 Nam
594 802 729 858 Dumium
752 802 864 874 jurarit
886 799 945 869 tibi,

140 891 170 946 id
184 898 226 946 est
240 889 353 946 firmiter
366 889 493 963 promisit
511 889 569 956 tibi,
593 889 742 945 secundum
767 889 841 961 quod
864 896 893 944 tu
916 904 946 944 es

139 981 232 1036 horno.
267 978 362 1052 [hugi
389 977 495 1035 iurabo
520 978 593 1034 enirn
614 978 665 1033 Dei
686 975 885 1033 firmamentum
905 983 946 1032 est

143 1067 342 1140 promissionis.
359 1069 461 1124 Etaoa
473 1066 623 1138 paenitebit
634 1083 709 1133 eum,
721 1066 748 1121 id
763 1075 869 1122 estnon
889 1083 947 1120 mu-

141 1155 212 1211 tabit
226 1154 296 1211 sicut
309 1155 344 1211 de
359 1153 513 1211 sacerdotio
528 1157 620 1210 Aaron
635 1155 760 1228 contigit,
777 1155 848 1228 quod
872 1172 945 1226 prae-

142 1253 185 1300 ter
199 1261 277 1316 spem
290 1251 410 1300 nostram
430 1243 552 1301 mutavit.
568 1244 602 1299 lit
628 1242 728 1300 dicitur
751 1244 804 1300 hoc
828 1243 862 1299 de
887 1245 946 1300 Deo

140 1349 193 1406 pro
206 1349 283 1390 more
302 1341 407 1399 nostro,
432 1333 460 1387 in
481 1347 562 1405 quern
587 1332 660 1387 nulla
683 1332 757 1388 eadit
775 1332 942 1403 paenitentia.

141 1421 199 1478 Scit
212 1423 284 1478 enim
295 1422 360 1494 quid
375 1429 447 1496 agat,
464 1436 515 1478 nec
529 1429 615 1478 mutat
629 1421 783 1488 consilium,
806 1422 856 1476 sed
879 1437 944 1478 ver-

138 1511 176 1568 bo
190 1509 357 1582 paenitentiae
371 1509 482 1566 mutatio
497 1526 588 1566 rerum
612 1509 690 1565 aliter
712 1526 794 1582 quam
817 1510 945 1582 speraba-

139 1608 186 1656 tur
199 1599 382 1656 evenientium
406 1599 587 1674 significatur.
625 1598 711 1668 Quasi
739 1599 834 1656 dicat:
863 1600 944 1656 blodo

139 1689 218 1744 enim
229 1695 258 1742 tu
271 1703 332 1744 eum
346 1687 449 1760 aliquid
468 1687 580 1759 poenitet
608 1696 634 1742 ta
662 1686 771 1753 iecisse,
801 1688 877 1744 doles
905 1688 946 1743 la·
961 1707 988 1768 B
997 1711 1088 1782 9105,
1102 1713 1145 1765 m
1158 1711 1209 1765 pp,-
1223 1709 1317 1764 pam,
1332 1709 1468 1782 (philipp,
1480 1716 1510 1780 ῃ)

137 1785 213 1833 ειιιιιι
227 1777 300 1848 quod
317 1776 414 1846 iecisti,
431 1775 470 1833 sic
484 1777 592 1849 quando
616 1775 719 1848 aliquid
741 1777 814 1832 Deus
845 1785 947 1849 praeter

140 1881 224 1939 quam
238 1865 363 1922 homines
378 1874 489 1938 sperant
502 1873 587 1921 mutat
602 1865 629 1921 ln
644 1863 727 1932 aliud,
750 1865 884 1937 poenitere
917 1883 946 1924 se

137 1956 213 2022 dicit,
236 1971 324 2028 usque
347 1955 426 2022 adeo,
452 1963 481 2010 ut
500 1963 527 2010 et
544 1954 579 2011 de
595 1971 674 2026 poena
698 1963 789 2010 nostra
817 1955 948 2026 paeniteat

138 2043 417 2110 eum,sinosdexita
426 2043 772 2115 malanostrapoeuituerit.
794 2045 868 2115 lirgo
891 2059 945 2100 non

138 2131 365 2206 poenitebiteum,
382 2131 444 2204 quia
455 2131 596 2189 aliternon
607 2133 705 2204 evenit,
724 2147 805 2204 quam
816 2133 945 2206 speraba-

139 2231 192 2277 tur.
210 2222 245 2278 Et
259 2221 323 2294 quia
338 2222 427 2278 omnia
441 2221 504 2278 inde
519 2219 614 2294 gavisa
637 2229 708 2288 suat,
734 2221 799 2295 quid
821 2223 945 2292 juravit?

137 2312 214 2368 hoc:
236 2313 275 2367 Tu
288 2328 317 2369 es
336 2311 464 2368 sacerdos
487 2313 518 2366 ira
541 2315 692 2380 aeteruum,
714 2311 743 2366 id
765 2319 807 2367 est
817 2312 944 2368 sacerdos

136 2408 265 2468 aetemus,
277 2399 433 2457 secuudum
441 2399 568 2456 ordinem
577 2399 786 2468 Melchisedech,
798 2399 943 2472 [Cassiod]

137 2489 204 2561 quia
230 2503 328 2560 panem
358 2495 384 2544 et
412 2488 505 2544 vinum
535 2488 563 2542 in
589 2503 690 2560 corpus
718 2497 743 2544 et
781 2489 944 2562 sauguinem

137 2595 218 2634 suum
242 2577 414 2634 consecravit
438 2577 561 2633 Christus
585 2577 663 2647 cujus
686 2577 812 2636 sacrificii
844 2577 942 2634 simili-

136 2666 261 2724 tudinem
275 2666 405 2738 praemisit
418 2667 629 2722 Melchisedech.
646 2667 715 2723 ilinc
729 2675 836 2724 constat
852 2675 943 2723 uane-

137 2755 194 2810 isse
210 2754 334 2811 victimas
349 2754 501 2811 seeundum
515 2753 640 2810 ordinem
655 2758 755 2810 Aaron.

175 2889 261 2946 Varus.
278 2894 305 2944 e.
321 2919 355 2932 -
372 2911 383 2940 ι
401 2889 562 2945 Dominusa
584 2889 688 2944 dextris
712 2888 784 2953 tuis;
808 2887 942 2960 confregit

139 2999 151 3030 ι
173 2977 202 3032 iu
216 2977 260 3034 die
271 2977 319 3036 irae
333 2993 389 3034 suae
403 2995 495 3052 reges.
514 3000 526 3026 a

171 3095 319 3150 miuus.
335 3093 385 3150 me
398 3092 428 3147 aa
455 3093 598 3150 conversio
627 3093 662 3148 aa
689 3094 806 3149 mirem.
836 3067 973 3166 [aug.]0

136 3183 223 3254 Quasi
236 3182 310 3238 dicat
326 3197 332 3238 ε
349 3182 383 3237 lit
397 3197 414 3237 ο
441 3182 558 3238 Domine
585 3182 672 3251 Pater,
694 3181 739 3254 qui
765 3183 817 3238 hoc
828 3182 935 3251 jurasti,

135 3271 187 3327 iste
198 3271 329 3328 sacerdos
342 3270 388 3344 qui
397 3279 439 3326 est
446 3272 592 3338 Dominus,
604 3271 704 3326 sedens
714 3289 732 3327 a
741 3271 852 3328 dextris
868 3273 934 3339 tuis,

135 3359 181 3416 cui
193 3359 285 3416 dixisti
302 3377 308 3414 :
325 3357 397 3416 Sede
411 3374 428 3415 a
442 3359 546 3415 dextris
559 3359 638 3430 meis,
655 3362 795 3432 coafrapit
810 3360 854 3416 vel
867 3377 936 3418 eon-

135 3448 277 3521 quasaarit
292 3465 380 3520 repes,
397 3448 503 3504 scilicet
524 3448 594 3514 illos,
611 3448 658 3519 qui
682 3447 776 3504 volunt
798 3449 843 3506 vel
858 3449 936 3505 vole-

137 3539 205 3594 bant
218 3537 309 3593 delera
324 3553 424 3592 nornen
437 3535 547 3592 Christi.
563 3537 769 3608 Conquassavit‚
786 3537 869 3593 idest
892 3538 936 3594 in-

137 3625 231 3682 llrmos
246 3625 373 3694 reddidit,
390 3633 417 3680 ut
432 3641 487 3681 non
501 3633 614 3697 possent
642 3625 713 3697 quod
741 3625 879 3682 volebant.
905 3627 939 3682 Et

136 3715 191 3771 hoc
206 3713 270 3772 lecit
284 3715 316 3770 iu
331 3713 375 3772 dte
389 3715 441 3772 irre
456 3731 524 3785 rure,
549 3713 679 3787 [alcuin]
701 3713 728 3769 id
753 3721 793 3770 est
815 3723 936 3786 tempore

136 3803 254 3862 occulte
267 3803 326 3872 ire,
343 3802 453 3876 quando
468 3803 599 3861 cadentes
613 3819 696 3873 super
714 3803 843 3858 humilem
866 3803 936 3874 lapi·

133 3893 199 3948 dem
221 3901 448 3965 conquassantur,
477 3892 520 3948 vel
547 3892 583 3946 ad
612 3891 821 3948 excecationem
840 3891 884 3947 vel
902 3893 935 3948 ad

133 3981 354 4040 conversionem.
370 3980 465 4055 [hup]
484 3981 514 4035 ln
525 3979 628 4051 judicio
643 3989 734 4036 autem
749 3979 839 4036 tuturo
849 3981 936 4036 mani·

135 4060 243 4125 festius
260 4069 330 4142 lapis
362 4070 465 4126 cadens
498 4085 581 4142 super
612 4085 660 4124 eos
694 4077 824 4124 conteret.
858 4069 937 4125 Unde

133 4158 181 4230 qui
195 4157 340 4214 offenderit
354 4157 382 4212 in
396 4158 513 4229 lapidem
527 4157 601 4213 illum
623 4157 861 4229 conquassabitur,
887 4175 936 4213 su·

133 4263 185 4318 per
194 4263 276 4320 quem
286 4253 376 4302 antem
387 4246 525 4312 ceciderit,
536 4253 661 4303 conteret
670 4261 732 4302 eum
744 4246 934 4316 (bettharm).

135 4336 170 4390 lit
184 4350 267 4392 nunc.

172 4468 256 4526 Vens.
286 4472 313 4525 7.
343 4499 377 4512 -
408 4491 420 4520 ι
449 4469 585 4526 iudicabit
615 4469 643 4525 ia
682 4470 848 4535 nationibus,
882 4469 936 4524 im-

132 4580 145 4612 «
164 4559 249 4631 plebit
263 4558 366 4626 ruinas,
382 4558 574 4630 conquassabit
587 4558 674 4630 capita
689 4558 717 4614 in
740 4567 812 4614 terra
840 4558 937 4614 multo-

133 4669 146 4698 Ι
169 4663 237 4704 rttm.
257 4667 268 4702 ι

169 4763 312 4820 iudicabit
323 4763 356 4819 ia
369 4764 542 4832 mationibus,
560 4762 709 4834 (Cassiod.)
721 4763 749 4818 id
758 4761 835 4818 estin
847 4761 935 4834 genti-

133 4853 196 4907 bus.
211 4851 279 4906 Vide
295 4852 442 4909 verborum
456 4851 647 4924 proprietates,
664 4868 744 4926 reges
759 4850 860 4924 trangit
885 4865 936 4922 pro

132 4940 282 5012 superbia;
298 4941 415 5012 populos
427 4940 539 5010 judicat,
556 4941 584 4995 id
599 4948 642 4996 est
655 4941 733 5013 punit
742 4947 855 5012 propter
865 4955 936 4996 corn-

130 5028 227 5086 munia
239 5037 351 5100 peccata
365 5048 371 5086 ε
387 5036 516 5102 utrosque
540 5037 630 5085 manen
653 5037 682 5084 ut
701 5028 878 5085 humilientur
901 5029 936 5083 ad

132 5118 352 5177 conversionem.
369 5118 447 5176 Unde
462 5117 553 5174 subdit
568 5135 574 5175 :
590 5119 720 5191 Implebit
734 5121 845 5187 ruinas,
861 5117 936 5173 idest

132 5207 261 5275 humiles,
277 5223 332 5264 non
347 5216 462 5275 erectos,
478 5207 607 5265 cadentes
621 5206 725 5264 scilicet
735 5206 771 5263 ab
783 5205 934 5274 altitudine,

132 5313 188 5368 qua
202 5303 296 5353 contra
310 5297 447 5352 Christum
462 5314 492 5354 se
513 5305 672 5354 erexerunt.
700 5296 773 5352 Bene
792 5295 853 5352 dico
877 5294 935 5350 rui-

131 5401 195 5452 nas,
212 5385 274 5458 quia
290 5383 490 5461 conquassabit
499 5386 594 5459 capita
603 5385 772 5451 multorum,
789 5385 832 5440 vel
851 5384 936 5440 multa

129 5476 164 5532 in
182 5477 271 5541 terra,
283 5474 378 5547 (hug.)
393 5475 420 5531 id
435 5483 477 5532 est
491 5475 519 5530 in
533 5475 588 5531 vita
601 5474 661 5529 ista.
673 5473 722 5528 liic
732 5473 805 5529 enim
815 5472 850 5528 de
865 5473 935 5528 mul·

129 5562 166 5620 tis
181 5563 307 5635 superbis
321 5563 437 5620 humiles
453 5563 525 5621 lacit.
542 5562 690 5636 [Cassiod.,
706 5561 814 5635 lisym]
836 5561 887 5618 Vel
904 5564 935 5618 ia

131 5653 343 5726 terraaapiora,
359 5651 520 5723 alialittera,
541 5651 645 5710 scilicet
678 5667 739 5724 quae
775 5658 936 5724 peccatores

243 5741 364 5800 Parnon.
386 5740 479 5801 CXCI.

996 439 1110 494 militate
1124 437 1270 510 passionis,
1286 436 1321 491 de
1335 453 1390 508 qua
1404 437 1494 491 subdit
1509 455 1515 490 :

1031 547 1117 600 Vane.
1135 549 1160 600 8.
1177 567 1236 592 -ι
1256 545 1297 598 De
1311 550 1431 598 torrente
1446 543 1474 598 in
1487 543 1530 599 via
1551 543 1629 612 bibit,
1654 552 1798 616 propterea

998 655 1009 684 a
1028 633 1157 690 exaltavit
1173 640 1264 703 caput.
1283 653 1294 681 x

1031 742 1215 808 deterrente,
1233 737 1338 812 [hugi
1356 738 1383 793 id
1410 747 1451 794 est
1474 738 1508 794 de
1530 739 1603 794 lluxu
1627 741 1798 798 mortalitatis

995 837 1106 894 nostrae,
1123 835 1149 884 et
1164 829 1198 884 de
1213 827 1369 884 transitoria
1383 835 1411 882 et
1440 827 1475 882 de
1498 829 1653 884 turbulenta
1672 829 1800 902 passione

996 915 1064 974 bibit
1072 917 1221 986 nascendo,
1236 916 1387 972 moriendo.
1404 917 1553 988 (Cassiod,
1579 919 1664 990 hug.)
1688 920 1722 976 Et
1746 920 1800 977 hoc

995 1006 1028 1060 ia
1042 1007 1087 1061 uia
1102 1020 1182 1077 quam
1197 1013 1225 1060 ut
1240 1005 1321 1078 gigas
1336 1004 1463 1070 cucurrit,
1493 1023 1546 1078 qua
1573 1005 1626 1061 itur
1654 1007 1688 1062 ad
1717 1007 1800 1064 aliam

997 1094 1177 1150 mansionem.
1194 1095 1395 1168 Etpropterea,
1413 1093 1475 1167 quia
1492 1094 1650 1150 humiliatus
1660 1105 1711 1164 est,
1725 1106 1751 1152 et
1761 1097 1801 1154 ia·

996 1191 1055 1240 ctus
1070 1183 1203 1238 obediens
1220 1199 1307 1254 usque
1323 1181 1358 1238 ad
1373 1191 1499 1252 mortem,
1516 1183 1656 1240 exaltavit
1672 1183 1715 1240 vel
1726 1185 1800 1244 exat-

996 1272 1062 1328 tabit
1077 1274 1150 1327 Deus
1165 1276 1252 1344 caput
1267 1271 1336 1340 eiua,
1353 1270 1380 1326 id
1396 1279 1446 1338 est,
1461 1277 1579 1345 propter
1593 1274 1643 1330 hoc
1658 1276 1800 1332 exaltavit

996 1377 1060 1416 eum
1073 1362 1156 1430 Deus,
1173 1364 1203 1416 at
1216 1360 1293 1416 dedit
1308 1361 1354 1416 illi
1368 1375 1471 1417 acmen
1488 1361 1560 1433 qaod
1570 1366 1613 1417 est
1624 1379 1709 1436 super
1718 1379 1801 1420 omne

996 1465 1109 1517 camera,
1126 1454 1158 1504 ut
1174 1449 1205 1504 ia
1215 1451 1330 1504 narniae
1340 1450 1406 1504 lasa
1415 1466 1498 1505 omne
1506 1465 1580 1520 penu
1590 1453 1734 1520 flectatur,
1746 1469 1799 1508 cre-

998 1539 1122 1606 testium,
1141 1537 1321 1594 terrestrium
1335 1541 1363 1593 et
1378 1538 1570 1609 infernorum,
1588 1542 1617 1595 et
1631 1542 1723 1598 amois
1739 1541 1798 1598 tia-

996 1639 1051 1693 pua
1065 1621 1245 1689 confiteatur,
1264 1621 1330 1693 quia
1354 1621 1489 1677 Dominus
1511 1623 1591 1678 lesus
1614 1623 1742 1680 Christus
1766 1624 1798 1678 iu

997 1867 1130 1909 cohabito
1145 1867 1176 1908 lat
1189 1867 1319 1908 astutiam
1333 1866 1381 1906 clx
1397 1870 1404 1906 ἶ
1422 1877 1432 1900 a
1451 1867 1530 1908 DleT
1541 1868 1666 1910 110}leOE
1688 1871 1797 1912 mmo

1263 1939 1331 1990 ΙΕΟ,
1348 1939 1430 1990 ΒΕΒΕ,
1448 1945 1460 1974 t
1485 1933 1538 1981 ete.

1034 2042 1118 2096 Vsus.
1134 2042 1160 2094 t.
1177 2070 1212 2080 —-
1236 2039 1373 2111 Imprimis
1397 2057 1478 2096 nemo
1501 2040 1671 2098 Christianus
1693 2044 1798 2102 dubitat

998 2113 1066 2168 hunc
1101 2111 1218 2166 selmum
1232 2127 1294 2166 esse
1309 2111 1343 2166 de
1359 2111 1469 2168 Christo
1483 2112 1533 2168 Dei
1548 2112 1626 2176 Filio,
1643 2131 1675 2169 ex
1700 2115 1796 2172 hlattlr.

995 2199 1067 2238 xxrr.
1106 2181 1150 2237 uia
1164 2190 1255 2236 tamen
1270 2181 1375 2252 primus
1396 2199 1491 2238 versus
1511 2183 1589 2252 juxta
1611 2186 1795 2258 Septuaginta,

994 2253 1076 2325 longe
1096 2253 1203 2324 lateque
1221 2251 1365 2308 dissideta
1390 2254 1490 2310 cortice
1520 2254 1616 2310 litterae
1645 2255 1796 2326 Hebraicae,

994 2341 1080 2394 opera
1094 2323 1212 2395 pretium
1227 2323 1279 2378 erit
1293 2323 1321 2376 in
1335 2323 1456 2378 medium
1470 2340 1625 2396 proponere
1641 2334 1725 2382 totum
1734 2345 1795 2384 ver-

994 2412 1064 2462 sum,
1092 2393 1241 2450 secundum
1270 2393 1395 2450 diversas
1423 2395 1545 2450 omnium
1575 2397 1735 2464 versiones;
1764 2415 1798 2456 ac

994 2467 1093 2522 deiude
1110 2463 1300 2536 particulatim.
1329 2479 1549 2537 unamquamque
1575 2465 1733 2536 dictionem,
1761 2487 1797 2526 ex

993 2537 1087 2594 ordine
1116 2542 1255 2600 excutere,
1280 2535 1303 2590 si
1332 2537 1483 2606 poterimus
1510 2536 1660 2606 dijudicare
1691 2539 1797 2613 absque

993 2607 1177 2674 contentione,
1212 2607 1286 2662 uude
1317 2614 1391 2662 tanta
1418 2607 1567 2678 diaphonia
1599 2617 1662 2664 nata
1694 2610 1737 2678 sit,
1771 2620 1798 2668 et

993 2678 1220 2750 quemadmodum
1237 2683 1342 2732 tantum
1356 2675 1421 2732 fidei
1437 2686 1649 2746 sacramentum,
1665 2695 1682 2734 a
1696 2683 1798 2738 verbo-

993 2766 1055 2805 rum
1070 2765 1138 2805 sono
1154 2747 1326 2816 recedentes,
1342 2749 1459 2819 mystico
1474 2757 1500 2804 et
1512 2747 1727 2819 profundissimo
1752 2770 1799 2808 ex-

991 2821 1103 2876 tulerint
1118 2835 1212 2885 sensu,
1228 2819 1302 2891 quod
1317 2835 1372 2874 uon
1388 2819 1475 2889 potuit
1490 2817 1549 2874 sreri
1565 2819 1624 2876 sine
1641 2821 1734 2879 divina
1756 2841 1801 2880 re·

994 2891 1141 2954 velatione,
1157 2898 1233 2945 extra
1248 2905 1360 2944 earnem
1376 2898 1403 2945 et
1418 2889 1591 2962 sanguinem,
1614 2893 1687 2964 quod
1708 2902 1799 2950 autem

992 2961 1169 3033 Septuaginta
1186 2959 1286 3030 Spiritu
1297 2961 1473 3030 sanctopleni
1483 2959 1583 3016 luerint
1598 2979 1629 3016 su
1650 2963 1722 3018 erius
1732 2965 1797 3020 satis

990 3032 1082 3088 multis
1110 3030 1236 3087 robatum
1249 3037 1299 3085 est.
1329 3031 1415 3102 igitur
1430 3030 1469 3086 sic
1497 3031 1579 3086 habet
1640 3033 1797 3104 leronymus

985 3103 1063 3173 juxta
1102 3103 1218 3165 ebraeus,
1234 3102 1333 3172 populi
1348 3103 1391 3156 tui
1420 3105 1577 3173 spontanec
1593 3107 1678 3158 eruat
1704 3105 1737 3160 iu
1750 3107 1795 3162 dic

987 3173 1167 3246 fortitudinis
1179 3176 1245 3236 tatae,
1257 3173 1288 3226 ia
1296 3172 1436 3227 meatibus
1446 3173 1564 3238 soractis,
1580 3174 1661 3244 quasi
1669 3175 1702 3230 de
1711 3177 1796 3232 uulua

987 3246 1096 3302 orietur
1121 3244 1171 3298 tibi
1198 3259 1244 3299 ros
1278 3242 1476 3298 adolescentiae
1503 3246 1576 3310 tuoe,·
1610 3243 1740 3302 Nicolaus
1759 3247 1794 3302 de

987 3317 1069 3387 Lyra,
1084 3315 1181 3386 populi
1198 3313 1251 3378 tui,
1266 3311 1410 3385 principes
1422 3316 1474 3380 tui,
1492 3313 1578 3368 indie
1593 3315 1711 3372 uirtutis
1727 3321 1793 3383 tuoe,

987 3389 1019 3442 iu
1033 3388 1131 3443 deame
1146 3389 1256 3450 saucio,
1273 3384 1307 3440 dc
1318 3384 1438 3439 raaia-iae
1448 3400 1570 3451 aurorae,
1585 3383 1638 3441 tibi
1657 3403 1703 3443 ros
1724 3390 1793 3446 ada-

989 3458 1132 3514 lasceutice
1148 3459 1204 3512 tute
1220 3475 1228 3522 ,·
1245 3453 1369 3524 Serretes,
1381 3455 1501 3527 popalus
1513 3457 1580 3510 tuus
1591 3461 1691 3539 sponte
1701 3461 1795 3516 ueniet

987 3530 1018 3584 ia
1033 3526 1274 3598 dissertitudinis
1290 3529 1357 3594 ture,
1383 3527 1415 3580 ia
1433 3525 1696 3597 pulchritudinibus
1723 3547 1794 3586 sau·

987 3600 1109 3661 utitatis,
1125 3613 1163 3654 ea
1176 3600 1257 3653 utero
1272 3597 1306 3651 ab
1321 3611 1424 3651 aurora
1438 3597 1497 3668 suit
1512 3597 1562 3650 tibi
1572 3613 1617 3654 ros
1627 3601 1791 3658 natiuitatis

988 3673 1062 3735 tue,·
1078 3667 1227 3733 Prateuais,
1245 3667 1365 3738 populus
1380 3669 1526 3722 tatiscam
1541 3665 1736 3734 oblationibus,
1758 3673 1791 3726 iu

987 3741 1032 3796 die
1047 3739 1161 3795 virtutis
1176 3742 1241 3804 tuce,
1256 3739 1288 3792 iu
1303 3735 1446 3792 decoribus
1462 3737 1638 3804 sanctitatis,
1651 3755 1688 3793 aa
1708 3745 1790 3796 utero

987 3815 1067 3866 ortus
1082 3813 1124 3864 est
1149 3808 1200 3864 tibi
1221 3823 1266 3862 ros
1290 3807 1482 3876 pancratiaste
1515 3811 1597 3874 tuoe,·
1626 3808 1790 3880 interpretes

985 3896 1035 3951 pro
1050 3880 1189 3948 Caietano,
1204 3878 1325 3950 popalus
1340 3881 1417 3942 tuus,
1433 3879 1594 3950 spontanei,
1610 3878 1642 3932 ia
1660 3879 1707 3936 die
1729 3883 1789 3951 for

988 3952 1124 4007 titudinis
1143 3952 1210 4013 tue,
1226 3950 1258 4004 ia
1282 3945 1425 4003 decoribus
1446 3948 1622 4014 sanctitatis,
1648 3949 1681 4005 de
1704 3953 1787 4008 uulua

986 4037 1097 4079 aurore
1113 4021 1163 4076 tibi
1177 4019 1395 4075 rosaatioitatis
1406 4018 1653 4084 tuoerPellicanus
1663 4023 1788 4093 populas

988 4095 1053 4150 tuas
1066 4093 1220 4148 oblationes
1237 4090 1374 4156 liberatas,
1392 4089 1424 4144 ιιι
1436 4089 1483 4146 die
1496 4090 1612 4146 uirtutis
1629 4094 1685 4148 tuae
1698 4093 1730 4148 ιη
1740 4093 1787 4150 dre

987 4163 1096 4220 corbus
1111 4161 1286 4222 sanctitatis,
1301 4176 1339 4214 ea
1354 4164 1434 4217 utera
1447 4177 1567 4227 aurore,
1586 4161 1689 4219 tibiros
1707 4180 1788 4234 perae·

987 4235 1108 4290 rationis
1119 4237 1195 4298 tuan
1209 4232 1372 4296 liunsterus‚
1408 4233 1508 4304 opulus
1519 4235 1595 4298 taus,
1612 4237 1787 4304 spontanea-

986 4321 1051 4360 rum
1065 4309 1108 4360 est
1122 4305 1312 4367 voluntatum,
1324 4304 1356 4357 ia
1390 4303 1416 4357 ie
1430 4305 1574 4359 exercitus
1595 4304 1648 4372 tui,
1672 4306 1704 4360 ta
1725 4322 1789 4363 ma-

986 4375 1161 4448 puificcntiis
1177 4373 1353 4438 sanctitatis,
1377 4374 1411 4428 ab
1433 4378 1513 4430 utero
1533 4391 1653 4440 aurorae,
1676 4378 1790 4432 esttibi

987 4463 1033 4503 ros
1046 4446 1211 4502 natiuitatis
1222 4449 1295 4510 tuoe,·
1307 4443 1452 4499 translator
1468 4444 1503 4500 ad
1524 4444 1714 4515 Campensem,
1734 4463 1789 4518 pa-

986 4519 1072 4591 pulus
1086 4519 1182 4572 autem
1199 4519 1264 4571 tuas
1278 4515 1310 4569 ia
1325 4515 1369 4570 die
1382 4515 1520 4586 triumphi
1538 4516 1591 4584 tui,
1606 4520 1670 4571 uota
1688 4516 1787 4587 offeret

987 4590 1162 4646 cumsaacta
1196 4602 1287 4658 ampo.
1302 4584 1786 4643 Roseaimnativitatistuaeexutero

986 4675 1094 4716 aurorae
1110 4666 1160 4714 est.
1175 4604 1353 4727 iaraphrasis
1368 4656 1457 4724 hujus,
1472 4657 1593 4740 populus
1615 4661 1680 4713 aare
1698 4675 1785 4730 spou-

989 4735 1088 4788 taueas
1099 4729 1196 4800 offeret
1206 4733 1234 4784 et
1248 4727 1377 4782 liberates
1396 4727 1551 4783 oblationes
1574 4727 1624 4782 tibi
1638 4744 1690 4799 quo
1716 4733 1786 4784 tam-

984 4818 1052 4875 pore
1076 4799 1222 4873 apparebit
1246 4798 1451 4880 omnipotentia
1478 4802 1538 4862 tua,
1558 4802 1586 4852 et
1609 4798 1786 4855 omnimodus

986 4874 1036 4928 itte
1047 4873 1138 4936 decor,
1151 4871 1198 4943 qui
1214 4873 1241 4924 tc
1251 4869 1455 4934 comitabitur,·
1470 4871 1538 4924 autc
1553 4882 1687 4923 auroram
1707 4870 1784 4926 euim

986 4943 1088 4999 cecidit
1101 4941 1148 5014 qui
1165 4944 1192 4995 te
1210 4940 1448 5014 protiosissimum
1469 4939 1558 5009 jaciet
1578 4937 1715 5005 amnibus,
1741 4956 1787 4996 ros

985 5014 1148 5070 aabaitatis
1166 5015 1231 5066 ture.
1249 5009 1405 5076 Nebieusis‚
1414 5010 1536 5081 populus
1547 5011 1613 5064 tuas
1629 5010 1786 5066 uoluntarii

986 5086 1018 5140 iu
1034 5083 1078 5139 die
1087 5083 1204 5138 uirtutis
1221 5085 1288 5146 tuae,
1299 5082 1330 5136 iu
1340 5081 1483 5135 decumbas
1497 5080 1667 5142 sanctuarii,
1679 5095 1716 5136 ea
1725 5095 1787 5136 ma·

987 5155 1057 5211 triae
1071 5153 1105 5210 ab
1120 5167 1233 5221 aurora,
1247 5151 1298 5207 tibi
1306 5167 1350 5207 ros
1356 5151 1552 5230 adolescentiae
1563 5153 1628 5205 taoe.
1640 5150 1709 5230 tide
1719 5167 1788 5234 qua·

986 5234 1066 5282 tenus
1079 5224 1150 5280 inter
1163 5223 1240 5288 istos,
1256 5237 1312 5278 non
1325 5235 1418 5276 omnia
1431 5227 1602 5289 conveniant,
1618 5227 1699 5276 atram
1708 5239 1732 5278 ar
1741 5225 1785 5278 ai-

986 5296 1024 5354 hil
1039 5303 1083 5352 aut
1097 5311 1193 5368 parum
1208 5293 1243 5348 ad
1258 5291 1342 5348 Lxx.
1358 5291 1437 5346 Nunc
1463 5289 1571 5364 singula
1595 5299 1782 5350 retractemus.

989 5370 1098 5424 Tecum.
1124 5367 1200 5420 lianc
1214 5362 1373 5434 particulam
1402 5377 1497 5418 omnes
1525 5369 1642 5429 vamum,
1666 5365 1789 5437 populas

987 5443 1064 5506 tum,
1081 5445 1127 5493 aut
1140 5437 1237 5509 papuli
1253 5435 1305 5490 tui.
1323 5434 1403 5489 Certe
1416 5432 1444 5486 in
1460 5431 1528 5487 lleh.
1544 5439 1787 5502 protensiorem,

987 5519 1013 5565 et
1026 5526 1061 5582 po
1081 5510 1233 5573 utustaus,
1255 5521 1289 5561 ne
1305 5520 1359 5560 uno
1374 5503 1482 5576 quidem
1513 5502 1649 5560 elemento
1677 5507 1786 5562 distant.

988 5579 1050 5649 Quo
1083 5579 1106 5634 si
1121 5577 1202 5634 dictio
1218 5576 1354 5634 scribatur
1367 5575 1476 5648 punctis
1489 5589 1546 5630 nou
1568 5582 1660 5632 notata
1673 5586 1726 5646 est.
1744 5581 1790 5634 te-

986 5667 1061 5722 cum,
1077 5649 1121 5709 vel
1134 5649 1255 5723 populus
1278 5650 1353 5718 taut,
1370 5657 1437 5734 'titt
1452 5644 1591 5718 Siquidem
1603 5657 1670 5734 Jltlb
1684 5661 1790 5706 fflffltct

1644 5739 1677 5796 32
