3906 6056
149 156 219 211 ι333
487 151 742 214 colluctantur
760 155 798 213 IN
816 155 927 214 aelst.
947 158 981 215 D.
1002 159 1165 218 radat-
1180 162 1218 218 IN
1234 163 1289 220 ΕΡ.
1296 165 1353 220 cil)
1372 163 1458 222 RObl.
1728 169 1798 225 lael

149 279 263 350 donem,
278 288 308 338 ut
321 280 410 357 gratia
425 281 524 340 Christi
545 281 580 338 ad
601 281 777 339 salvationem
794 298 801 338 :
817 281 891 354 quod
909 288 951 338 est
963 281 989 345 A
1002 291 1028 340 et
1042 284 1095 342 boc
1108 287 1215 357 probat.
1229 287 1298 344 Nam
1309 289 1441 359 jndicium
1456 289 1507 346 Dei
1528 298 1571 347 est
1584 289 1746 364 procedens,
1763 307 1797 348 ex

149 369 240 428 dicere
256 388 264 426 :
278 371 341 427 Non
363 378 424 427 sunt
451 387 535 444 peres
559 385 649 428 oausae
671 385 776 438 eorum,
802 386 854 428 nec
868 370 948 428 etiam
998 388 1053 428 uuo
1067 381 1171 430 mutum
1185 374 1286 432 delicto
1310 378 1440 452 originali
1462 379 1497 435 ab
1512 379 1600 435 Adam
1615 378 1751 448 traducto,
1768 378 1796 434 ia

147 475 230 532 pares
244 466 307 515 sunt
320 458 433 516 effeetus
447 475 604 517 causarum.
629 458 709 531 Quod
723 458 761 515 ibi
783 459 946 516 ostenditur.
998 461 1252 520 condemnationem
1280 467 1430 538 corporalis
1472 474 1499 524 ει
1517 475 1644 524 eternae
1679 467 1790 524 mortis.

148 549 183 604 Et
196 563 252 605 noa
266 547 337 606 sicud
357 564 409 621 ρει·
432 565 516 604 naum
532 567 540 616 ;
556 548 605 605 sed
628 547 764 619 praemittit
779 563 834 621 quo
849 548 947 620 probat
1000 550 1098 607 Gratia
1112 555 1210 609 nutem
1225 552 1335 620 Christi,
1352 570 1407 610 nou
1430 571 1467 612 εε
1486 571 1542 612 uno
1562 563 1675 625 tantum,
1693 556 1742 612 sed
1755 573 1793 613 aar

146 651 245 694 causas
259 636 325 693 ddae
342 643 369 693 ει
393 635 494 693 Christi
514 652 570 692 non
591 653 652 693 εεεε
666 652 757 708 pares,
783 636 879 694 dicens
897 637 947 692 :Si
996 639 1098 696 multis
1106 639 1228 708 delictis,
1241 642 1365 712 procedit
1375 642 1657 716 injustificatioaom,
1668 645 1793 716 quianon

147 725 226 782 mim
240 726 327 783 anias
343 745 353 793 ‚·
369 725 448 798 quasi
458 724 532 782 dicat
547 743 554 781 :
570 725 640 782 Vere
654 741 710 782 nou
731 725 767 780 ita
782 731 823 782 εει
844 725 947 782 donum
997 727 1083 783 solum
1103 727 1230 802 ignoscit,
1247 731 1297 788 sed
1312 731 1391 788 etiam
1406 731 1542 801 justificat.
1553 733 1626 804 (tta)
1637 733 1672 788 Ει
1685 732 1794 789 attende

147 812 258 883 Christi,
274 822 302 870 ut
317 813 448 870 delictum
462 814 537 880 Adae,
555 814 620 886 quia
634 813 763 872 delictum
779 814 845 871 Adae
862 831 947 870 uuum
997 816 1070 888 quod
1084 816 1187 874 dictum
1201 827 1252 888 est,
1265 821 1410 893 judiciam
1420 837 1523 878 cauno
1533 821 1565 876 in
1581 821 1791 878 condemnatio·

147 909 198 969 εει,
218 900 278 975 lquo
305 901 384 958 multi
407 903 508 959 mortui
531 910 616 969 sunt;
641 902 742 960 Christi
764 919 831 960 vero
858 903 947 977 gratia
996 920 1071 971 nam,
1088 905 1162 978 quod
1177 923 1232 963 non
1257 907 1320 964 ideo
1333 909 1436 966 dictum
1460 917 1510 978 εει,
1528 909 1601 981 quod
1616 908 1682 964 illud
1705 908 1793 964 solum

146 991 287 1063 multiplex
303 999 354 1062 εει,
370 1007 425 1064 qua
443 989 521 1048 multi
548 988 686 1049 vivificati.
714 991 743 1048 Si
767 1007 835 1048 vero
862 1009 946 1048 unum
995 994 1068 1065 quod
1083 993 1253 1068 originaliter
1268 995 1382 1052 trahitur
1394 996 1421 1052 in
1435 997 1580 1067 judioiosit
1594 997 1790 1064 damnandum,

145 1078 276 1140 delictum
289 1079 390 1136 multos
404 1079 568 1137 mortificare
582 1079 678 1152 potuit,
694 1087 770 1152 pelet
784 1080 856 1153 quod
872 1081 946 1136 mul·
996 1082 1044 1137 sed
1060 1081 1218 1154 quinetiam
1242 1083 1320 1155 illud,
1337 1084 1359 1140 si
1374 1084 1462 1140 solum
1477 1085 1521 1153 sit,
1538 1086 1740 1142 damnationem
1754 1085 1793 1140 la-

147 1167 231 1241 tiples
247 1167 338 1240 giulio
350 1167 490 1226 vivificare
518 1169 604 1224 multo
627 1167 717 1242 magis
745 1168 842 1240 possit.
859 1169 946 1224 Causa
995 1168 1040 1225 cit.
1057 1171 1157 1226 Christi
1172 1179 1261 1228 autem
1276 1173 1374 1246 gratia,
1391 1189 1446 1230 non
1461 1173 1549 1230 solum
1564 1173 1630 1229 illud
1645 1173 1718 1246 quod
1733 1173 1791 1229 ori-

146 1257 220 1313 enim
234 1256 332 1313 Christi
355 1265 397 1313 εει
420 1257 511 1331 gratia
532 1256 686 1326 abundans,
714 1273 747 1313 ex
777 1273 830 1331 qua
855 1258 945 1313 omnia
994 1257 1324 1329 ginalitertrabitur,sed
1338 1261 1418 1317 etiam
1433 1262 1516 1317 multa
1536 1260 1653 1318 actualia
1669 1262 1788 1329 dimittit,

144 1344 219 1402 bona
233 1353 295 1401 sunt
308 1345 421 1413 homini,
446 1345 505 1402 siae
534 1362 587 1418 qua
601 1345 639 1401 nil
660 1345 741 1402 babet
766 1345 841 1403 boni.
858 1345 946 1402 Causa
995 1353 1022 1404 ει
1036 1347 1149 1419 insuper
1160 1347 1297 1419 justificat,
1314 1350 1399 1407 idest
1419 1350 1454 1406 de
1470 1349 1552 1422 impio
1566 1350 1640 1422 pium
1668 1349 1740 1419 iacit,
1757 1365 1790 1406 ac

147 1433 215 1492 hdae
236 1441 278 1490 εει
298 1442 440 1507 peecatum
454 1434 523 1490 illud
551 1433 695 1509 originale,
718 1435 796 1505 cujus
819 1434 860 1490 rei
884 1441 946 1490 sunt
994 1434 1097 1499 deiude¹
1114 1436 1148 1492 da
1162 1435 1234 1494 bono
1259 1438 1287 1494 iu
1310 1438 1408 1494 melius
1430 1437 1575 1510 prolicere.
1600 1440 1673 1495 Ecce
1699 1438 1728 1492 in
1746 1437 1789 1492 bis

147 1537 243 1580 omnes
257 1522 403 1580 carnaliter
416 1523 501 1597 geniti
517 1542 525 1589 3
541 1524 616 1596 (llo)
635 1531 736 1580 caetera
757 1532 870 1597 peecata
897 1524 945 1578 ba·
994 1525 1112 1580 ostendit
1127 1523 1240 1583 effeetus
1254 1542 1397 1582 causamm
1412 1526 1511 1583 Christi
1537 1534 1563 1584 ει
1576 1527 1644 1582 adae
1663 1527 1789 1598 dispares

147 1611 213 1668 bent
239 1628 272 1669 ex
301 1627 330 1668 se
352 1612 446 1682 multa,
473 1611 523 1668 etsi
552 1627 585 1668 ex
608 1612 655 1668 illo
684 1612 811 1688 originali
834 1611 887 1667 sint
910 1611 980 1706 adB
994 1629 1065 1670 εεεε.
1081 1613 1203 1671 Effectus
1218 1630 1309 1672 causae
1321 1615 1397 1682 hdae,
1414 1616 1441 1670 id
1456 1624 1498 1672 est
1511 1616 1616 1688 peccati
1632 1615 1790 1688 quodintu·

148 1700 317 1772 peccandum
333 1699 423 1774 magis
431 1701 521 1772 proni.
538 1701 762 1758 Praetereactiam
777 1701 820 1756 his
835 1700 880 1773 qui
894 1716 944 1773 per
994 1701 1034 1770 lit,
1050 1709 1092 1758 εει
1107 1719 1161 1759 oon
1176 1703 1264 1760 omnis
1279 1704 1429 1772 damnatio,
1455 1703 1503 1760 scd
1526 1720 1587 1777 quaa
1607 1720 1658 1776 pro
1673 1704 1720 1759 illo
1734 1719 1790 1761 uno

147 1789 284 1846 Christum
300 1789 469 1846 redimuntur
482 1790 667 1862 temporaliter
681 1789 755 1846 valet
769 1789 856 1847 lomna
872 1805 945 1846 rnor-
995 1790 1119 1847 debetur.
1147 1792 1214 1848 Sunt
1237 1793 1320 1858 enim,
1350 1799 1377 1848 et
1405 1809 1438 1848 ox
1462 1793 1562 1850 nostris
1591 1792 1701 1859 additis,
1732 1792 1793 1849 aliae

147 1876 183 1932 tis
196 1893 230 1935 ex
244 1877 332 1933 Adam
348 1897 356 1946 ς
371 1877 399 1932 in
414 1885 546 1934 aeternum
560 1887 650 1935 autem
665 1877 766 1934 valebit
781 1878 843 1935 vitae
859 1877 945 1934 iorrna
996 1873 1194 1936 damnationes.
1211 1879 1333 1938 Effectus
1344 1889 1434 1937 autem
1452 1881 1587 1936 donomm
1602 1880 1713 1947 Christi,
1729 1896 1792 1937 cum

147 1983 199 2040 ρει·
212 1967 359 2023 Christum.
375 1965 506 2038 Quamvis
534 1967 619 2040 igitur
634 1967 721 2023 Adam
747 1967 782 2022 sit
797 1966 885 2024 forma
900 1965 945 2023 iu·
995 1968 1109 2024 remotis
1124 1969 1251 2025 omnibus
1275 1969 1396 2042 peccatis
1416 1969 1597 2042 originalibus
1625 1977 1653 2025 ει
1679 1969 1794 2025 actuali-

147 2055 212 2123 turi‚
226 2055 288 2127 plus
298 2063 390 2112 tamen
403 2063 514 2127 praestat
529 2056 700 2128 regeneratis
715 2056 847 2125 Christus,
864 2071 945 2130 qnam
995 2057 1058 2126 bus,
1075 2059 1164 2113 omnis
1178 2058 1337 2128 iustificatio
1352 2067 1379 2114 ει
1400 2059 1457 2114 vita
1468 2065 1582 2130 aeterna,
1608 2057 1643 2114 de
1654 2074 1705 2132 qua
1717 2057 1793 2114 addit

148 2143 189 2200 cis
203 2145 341 2217 generatis
354 2144 443 2201 Adam
467 2152 608 2201 nocuerat.
634 2145 668 2200 Et
689 2145 760 2201 beno
784 2146 843 2202 haec
863 2160 946 2202 causa
995 2144 1023 2200 in
1038 2145 1164 2219 sequenti
1177 2162 1258 2202 versu
1275 2147 1418 2202 subdens:

148 2232 249 2334 emin
268 2232 465 2334 ⁰m¹iibu⁵⁵ii⁵
483 2233 605 2304 πεδί’
630 2233 695 2306 qnia
725 2233 748 2288 si
775 2249 855 2334 ⁰⁸¹¹,⁵³
880 2233 946 2334 ΑΨ
1032 2271 1118 2326 Varus.
1136 2272 1180 2326 li.
1195 2301 1230 2311 -
1246 2292 1258 2319 a
1277 2270 1306 2327 Si
1317 2275 1392 2328 enlm
1406 2271 1486 2326 unius
1495 2270 1596 2327 delicto
1611 2283 1793 2342 monsregna-

146 2322 275 2378 omnibus
289 2329 462 2388 suis-nocuit,
477 2329 541 2378 tuna
561 2329 589 2379 et
609 2323 668 2379 haec
681 2323 734 2380 hoc
758 2330 845 2394 potuit
868 2339 944 2378 suis:
998 2359 1066 2415 “vit
1080 2374 1131 2430 per
1153 2375 1247 2426 unum,
1264 2359 1347 2416 multo
1369 2360 1460 2435 magis
1486 2358 1681 2415 abundantiam
1696 2358 1793 2432 ΨΜ

147 2417 175 2467 ⁰⁸
188 2411 241 2466 ¹¹⁰⁰
254 2417 303 2480 ³⁵¹*
320 2411 345 2466 ’ἰ
360 2411 447 2510 ‘'mi“
463 2417 528 2478 Μ’
546 2410 625 2510 Ψῧί
638 2409 729 2510 ‘iim‘
746 2411 815 2510 ver?
829 2426 885 2467 ¹¹⁰³
904 2409 947 2512 ‚ita
998 2467 1010 2499 ι
1028 2455 1055 2504 ει
1069 2447 1225 2505 donationis
1241 2447 1385 2517 etjustitiae
1399 2448 1564 2520 accipientes
1584 2447 1612 2502 in
1626 2447 1680 2504 vita
1695 2463 1794 2521 ragna-

149 2505 191 2554 est
208 2497 312 2554 donum
326 2505 355 2554 ut
369 2497 507 2555 delictum.
534 2499 625 2568 Emm,
650 2499 679 2554 rd
696 2505 737 2555 est
761 2514 833 2571 quia,
857 2515 945 2556 antas
998 2557 1010 2586 ί
1029 2536 1097 2592 bunt
1109 2552 1159 2607 per
1172 2552 1255 2592 unum
1268 2538 1361 2593 lesum
1376 2537 1527 2593 Christum·
1551 2559 1562 2586 n

148 2586 268 2642 ¹²⁰¹¹¹¹¹¹¹⁵
282 2586 349 2642 '³⁶³⁰
363 2587 466 2644 dmm
491 2602 545 2642 ¹¹⁰⁰
570 2586 690 2660 ‘mm'
716 2593 768 2642 ‘³¹⁸¹
791 2603 845 2658 ¹9⁸¹
866 2585 946 2658 ΡΜ
1031 2643 1061 2699 ει·
1075 2643 1163 2711 earm,
1181 2643 1259 2716 qnasi
1279 2643 1354 2700 arear
1370 2659 1376 2699 ι
1394 2642 1488 2699 aaran
1502 2641 1602 2698 curan
1620 2641 1744 2714 procera
1767 2641 1796 2697 n

148 2675 299 2743 admiserit,
316 2675 345 2730 in
358 2683 484 2748 posteros
498 2683 589 2732 tamen
616 2691 671 2732 uon
690 2675 743 2731 uisi
762 2691 846 2732 unum
862 2675 947 2749 origi-
996 2731 1002 2743 ,
1051 2731 1056 2743 ,
1124 2732 1129 2742 ,
1503 2731 1508 2742 ,

147 2763 210 2820 nale
224 2763 384 2830 transmisit,
400 2765 498 2828 multi,
514 2763 619 2821 scilicet
637 2761 791 2820 omnesblii
806 2764 848 2820 sui
864 2779 897 2820 ex
912 2778 946 2820 eo
992 2729 1223 2832 ¹⁰⁵¹350²t¹⁰¹¹⁰¹ff¹’
1249 2739 1278 2832 ‚⁸¹
1296 2732 1368 2832 ben?
1390 2733 1442 2788 ¹¹⁰⁰
1469 2748 1525 2787 ⁸⁰¹⁵
1552 2738 1604 2830 ⁰⁸5
1633 2746 1683 2803 ¹³⁸¹
1711 2745 1794 2786 unum

995 2819 1140 2886 Christum,
1155 2835 1219 2892 qrrra
1234 2837 1256 2875 ει
1271 2820 1327 2890 ιιιε,
1354 2821 1381 2875 rd
1404 2828 1446 2876 est
1469 2821 1617 2885 damnatio,
1640 2834 1794 2891 perunum

149 2851 292 2910 carnaliter
306 2852 401 2927 geniti,
422 2853 531 2909 mortui
554 2857 633 2920 auat,
658 2852 686 2908 id
715 2859 757 2908 est
784 2859 945 2923 peccatores

150 2941 298 3008 consumti,
317 2941 378 3009 etsi,
394 2941 447 2998 hoc
461 2949 502 2998 es,
518 2948 590 3006 guno,
608 2943 703 3013 mm
724 2942 775 2997 Dei
784 2945 813 2996 et
827 2941 943 3007 donum,
995 2908 1084 2963 Adam
1099 2907 1156 2963 suis
1170 2916 1221 2976 est,
1238 2916 1300 2965 tuno
1315 2917 1341 2965 ει
1357 2909 1409 2964 boa
1427 2909 1515 2980 potuit
1529 2908 1628 2964 Christi
1642 2907 1727 2980 gratia
1744 2925 1751 2962 :
1767 2915 1794 2963 ει

1233 3039 1240 3060 ,
1258 2996 1319 3069 quia
1335 2997 1416 3052 etiam
1430 2997 1459 3051 ia
1488 2996 1569 3052 vitam
1593 3003 1724 3052 aeternam
1738 2993 1793 3050 du-

997 3084 1042 3141 ait.
1060 3085 1094 3139 Et
1108 3091 1194 3141 recte.
1223 3082 1414 3157 [Augustinus]
1437 3084 1532 3150 Enim,
1549 3082 1576 3138 id
1601 3091 1642 3138 εει
1665 3081 1737 3154 quia.
1767 3082 1795 3138 in

996 3171 1084 3228 unios
1113 3172 1226 3238 ἀειιειε,
1255 3171 1361 3226 etiamsi
1390 3171 1502 3244 propria
1534 3185 1588 3226 non
1616 3169 1793 3238 adderentur,

995 3277 1080 3328 mors,
1097 3259 1124 3316 id
1140 3268 1180 3316 est
1191 3259 1334 3316 dissolutio
1349 3259 1448 3316 enhuae
1463 3267 1489 3316 ει
1500 3258 1634 3331 comonis,
1651 3262 1791 3332 regnauit,

996 3349 1077 3404 etiam
1092 3355 1154 3404 ante
1168 3356 1285 3404 mortem
1305 3349 1448 3420 passiones
1471 3346 1602 3415 inferens,
1624 3364 1675 3421 per
1689 3363 1791 3414 anum,

994 3438 1092 3504 Adam,
1109 3437 1171 3509 quia
1187 3453 1256 3510 quas
1266 3437 1341 3493 uires
1355 3437 1448 3492 habuit
1462 3437 1490 3493 in
1509 3436 1567 3504 illo,
1583 3435 1611 3492 in
1624 3451 1721 3493 omnes
1744 3451 1794 3508 po·

995 3533 1083 3582 steros
1098 3526 1228 3597 exercuit,
1245 3542 1359 3600 quorum
1387 3526 1500 3582 materia
1525 3525 1570 3581 ille
1595 3524 1655 3592 luit,
1672 3524 1742 3581 εἰειιι
1767 3532 1793 3580 ει

994 3614 1074 3685 culpe
1089 3615 1149 3684 ejus
1163 3613 1248 3670 solius
1262 3614 1320 3680 fuit,
1337 3631 1399 3686 quae
1420 3615 1449 3668 in
1471 3629 1566 3669 onmes
1590 3611 1726 3668 transfusa
1739 3619 1791 3680 cst,

146 3029 175 3086 id
190 3036 232 3087 est
245 3030 394 3103 gratuitum
406 3029 519 3096 donum,
535 3029 578 3086 vel
597 3029 696 3101 matis,
712 3028 740 3084 id
754 3035 796 3085 est
820 3027 946 3085 remissio
960 3004 984 3064 ⁰
996 3012 1061 3052 vm
1075 2997 1128 3053 ¹¹⁰⁰
1142 3004 1231 3068 Ρθῑθει

146 3125 333 3190 peccatorum,
362 3125 390 3174 et
410 3117 521 3184 donum,
553 3116 655 3175 scilicet
683 3117 738 3172 alia
763 3116 835 3173 dona
858 3116 946 3174 sancti

147 3207 274 3278 Spiritus,
290 3209 381 3266 multo
391 3209 482 3278 magia
497 3207 661 3272 abundauit,
668 3205 697 3262 id
707 3213 748 3262 est
755 3205 840 3261 multo
855 3205 945 3278 magis

147 3295 290 3352 abundans
297 3295 414 3360 transiit,
426 3297 458 3352 ia
468 3296 575 3367 plures,
585 3295 613 3350 id
629 3301 670 3351 est
679 3309 775 3350 omnes
789 3293 859 3350 filios
874 3293 943 3363 ejus.

145 3376 296 3441 Abundans
310 3391 399 3440 autem
414 3389 440 3440 ει
459 3383 543 3453 major
562 3399 607 3440 res
631 3383 757 3439 omuibus
782 3382 839 3438 suis
857 3382 945 3454 magis

148 3471 272 3545 prodest,
287 3471 353 3544 quia
366 3487 422 3528 noa
435 3471 524 3527 solum
541 3470 608 3527 illud
635 3471 780 3545 originale,
798 3471 847 3526 sed
862 3471 945 3526 etiam

146 3561 239 3618 addita
254 3569 364 3633 peccata
378 3560 467 3616 solvit.
485 3561 542 3617 lloc
556 3567 647 3617 autem
661 3559 762 3616 donum
790 3559 886 3628 datur,
912 3560 944 3614 in

146 3651 335 3722 gratiabatur
346 3649 469 3707 hominia
479 3650 545 3706 losa
556 3649 671 3714 Christi,
683 3648 710 3703 id
719 3655 816 3719 estper
827 3647 944 3720 gratiam

147 3738 257 3795 Christi.
274 3736 393 3811 [Halmo]
408 3735 531 3794 Gratiam
552 3736 617 3794 dicit
639 3735 833 3808 perfectionem
857 3735 944 3791 virtu·
994 3703 1055 3768 ⁶²³5·
1071 3702 1123 3759 ¹¹⁰⁰
1138 3710 1180 3758 ³⁸²
1194 3711 1257 3759 “¹¹¹⁰
1272 3702 1405 3804 h⁰mi¹J⁰⁸‘
1423 3702 1623 3804 mmm
1637 3703 1692 3799 ⁰⁶9
1707 3715 1793 3800 ΙΨ

146 3835 203 3883 ,um
222 3842 283 3899 Μ
306 3825 333 3882 in
349 3825 456 3882 Christo
471 3824 580 3881 homine
602 3823 661 3893 suit,
678 3824 722 3896 qui
738 3839 786 3896 per
800 3840 876 3879 suam
891 3823 943 3880 bo·
994 3806 1024 3846 se
1039 3789 1181 3858 babentes,
1198 3791 1407 3847 abundantium
1418 3794 1530 3860 gratare,
1538 3788 1565 3843 id
1573 3795 1615 3844 εει
1622 3803 1792 3844 remissionis

146 3916 270 3984 nitatem,
286 3915 321 3970 dc
340 3931 387 3970 sua
411 3913 579 3985 plenitudiue
594 3913 674 3969 nobis
698 3911 801 3968 tribuit.
819 3912 894 3984 (ιιι)
909 3913 943 3967 lit
993 3886 1179 3979 p⁹⁰⁰⁸f⁰¹¹¹¹¹h
1196 3876 1314 3953 [Ham]
1330 3875 1616 3978 Abundamhffndid‘t
1632 3876 1694 3980 qm?
1709 3876 1791 3979 efi⁸f¹¹

992 3983 1105 4039 propria
1120 3968 1273 4023 solvuntur.
1303 3968 1338 4023 Et
1363 3966 1568 4033 abundantiam,
1586 3965 1747 4021 donataoms
1762 3966 1790 4020 id

146 4011 221 4070 note,
233 4005 341 4076 plures,
357 4018 412 4058 non
426 4002 464 4058 ibi
478 4002 543 4074 poni
567 4001 760 4073 comparative,
788 4001 838 4057 sed
858 4001 943 4056 ahso—
1119 4055 1124 4066 ,
1310 4057 1314 4068 ,
1367 4055 1399 4070 ,,
1445 4053 1451 4066 ,
1708 4052 1714 4063 ,
1755 4052 1761 4064 ,

994 4063 1035 4111 εει
1049 4057 1253 4112 charismatum.
1269 4058 1432 4128 etjartatta,
1443 4053 1787 4124 rdeatbonaeoperatroms.

145 4093 212 4162 luta,
229 4101 359 4165 tauquam
373 4091 478 4148 diceret
500 4092 614 4149 maltos.
631 4091 690 4146 Non
707 4089 779 4146 enim
794 4088 887 4161 plures
899 4089 943 4158 ju·
1158 4145 1163 4156 ,
1665 4142 1670 4156 ,
1762 4142 1768 4156 ,

145 4181 297 4239 stitioantur
312 4197 362 4252 per
376 4180 514 4240 Christum
530 4193 630 4252 ,quam
655 4179 873 4235 condemnantur
896 4193 944 4248 per
993 4145 1176 4246 Mf‘mmaiw
1187 4141 1790 4244 ''eim'‘”fi’erffnum'mmfflffm‘fmim

993 4236 1062 4299 vata,
1079 4240 1188 4298 aterna,
1214 4230 1403 4312 [augustiuus]
1417 4231 1444 4287 id
1459 4239 1501 4287 εει
1524 4231 1689 4287 aetemalrter
1702 4247 1730 4285 un
1745 4248 1789 4286 rn-

144 4271 233 4328 Adam
249 4289 256 4336 ;
274 4269 323 4325 sed
337 4269 374 4325 ita
388 4268 534 4326 dicendum
548 4276 590 4324 εει
612 4267 697 4323 multo
712 4266 801 4339 magis
816 4266 942 4322 abunda·
1105 4320 1111 4331 ,
1376 4320 1381 4332 ,
1442 4319 1448 4331 ,
1469 4320 1474 4331 ,
1765 4319 1771 4330 .

142 4358 190 4426 vit,
211 4366 240 4414 ut
255 4358 358 4414 donum
379 4357 477 4413 Christi
500 4355 599 4412 delicto
622 4355 689 4412 hdae
712 4361 886 4427 comparetur
914 4360 942 4409 et
956 4330 1177 4419 D⁶⁰rr⁰p¹¹⁰¹¹⁰·
1202 4321 1285 4378 M¹¹¹¹⁰
1308 4336 1408 4394 m³ff¹⁵’
1422 4321 1488 4377 ‘¹¹⁰¹‘
1509 4320 1560 4375 ¹¹⁰⁵
1575 4335 1704 4393 regnare’
1726 4334 1791 4391 Μ

145 4447 314 4520 praeferatur.
330 4447 418 4503 Adam
433 4445 533 4518 quippe
547 4461 581 4502 ex
593 4459 648 4502 uuo
659 4443 760 4500 delicto
769 4458 832 4500 reos
847 4441 942 4514 genuit
992 4409 1078 4464 ΜΟ
1092 4409 1180 4478 maim
1194 4417 1296 4505 ms*
1310 4407 1365 4476 ¹¹i⁰t
1382 4407 1513 4508 q⁰⁸m‚⁸i‘
1540 4407 1568 4506 ,in
1583 4422 1670 4479 '⁸⁸⁰⁰
1683 4406 1787 4507 ¹¹¹‚⁰¹¹i‚⁵·

992 4497 1042 4553 Vel
1065 4496 1151 4553 multo
1178 4513 1266 4569 magis
1290 4497 1443 4570 regnabunt
1468 4512 1496 4551 ru
1521 4503 1585 4563 urta,
1610 4510 1692 4568 quam
1707 4511 1789 4551 iners

992 4585 1118 4659 regnarit
1131 4601 1216 4656 mors,
1233 4584 1296 4658 quia
1310 4586 1337 4640 in
1352 4585 1407 4641 rita
1431 4584 1587 4658 regnabunt
1609 4583 1786 4652 aeternaliter,

991 4689 1067 4730 mors
1087 4682 1177 4731 autem
1211 4673 1336 4746 regnarit
1359 4673 1387 4728 in
1411 4673 1451 4729 eis
1471 4671 1658 4744 temporaliter
1681 4681 1788 4730 etcum

992 4761 1055 4820 fine.

144 4535 255 4606 multos,
270 4535 372 4591 Christi
386 4541 477 4591 autem
492 4534 591 4607 gratia,
607 4533 690 4589 etiam
705 4532 804 4589 delicta
823 4529 942 4604 proprior

143 4623 302 4691 voluntatis,
333 4640 393 4696 quae
416 4621 543 4696 originali
567 4621 654 4693 culpae
681 4621 781 4692 inqua
803 4619 861 4674 nati
881 4626 942 4674 sunt

144 4711 316 4781 addidemnt,
341 4711 422 4768 solvit
443 4719 526 4782 etque
548 4709 669 4768 donavit.
696 4708 784 4778 ldajor
806 4715 846 4764 εει
874 4723 941 4781 argo

145 4817 230 4859 causa
243 4799 343 4858 Christi
357 4816 437 4874 quam
465 4813 550 4856 carisa
572 4800 649 4856 Adae.
678 4799 713 4854 Et
727 4812 799 4854 utino
813 4796 883 4853 siout
898 4795 942 4852 hic

145 4890 263 4947 ostendit
273 4891 398 4962 dispares
412 4905 475 4945 esse
489 4887 601 4945 effectus
620 4903 785 4953 causarum,
803 4884 880 4958 quasi
901 4884 942 4940 di·
1028 4888 1113 4943 Vana.
1123 4891 1165 4954 ld,
1175 4891 1218 4942 ιι.
1235 4917 1269 4928 -
1285 4908 1296 4937 ι
1315 4887 1401 4959 lgitur
1416 4885 1486 4943 sicut
1499 4903 1551 4958 per
1565 4885 1644 4941 unius
1659 4885 1789 4942 delictum

146 4987 189 5036 cat
206 4996 213 5034 :
229 4979 290 5036 Non
317 4978 404 5034 solum
428 4992 520 5034 causae
544 4985 606 5032 sant
630 4976 766 5048 dispares,
789 4973 839 5030 sed
861 4973 942 5028 etiam
994 4997 1006 5028 ι
1024 4975 1299 5032 inomaeshomines
1315 4974 1625 5042 iriaondcmnationem,
1641 4973 1722 5031 sicet
1740 4989 1790 5046 per

146 5065 941 5138 effectusdtidestquia,nonsicutpcraaumpeccotam,
994 5065 1102 5120 «unius
1114 5063 1243 5134 justitiam
1258 5063 1286 5118 in
1301 5079 1396 5120 omnes
1419 5063 1544 5119 homines
1566 5063 1595 5118 in
1618 5061 1790 5133 justificatio·

146 5155 184 5225 fit,
196 5157 239 5214 ito
251 5156 286 5226 fit
299 5160 328 5212 ct
339 5171 387 5228 per
401 5155 516 5224 donum,
539 5152 589 5210 sod
613 5153 677 5225 plus
704 5151 734 5208 lit
747 5168 798 5224 per
820 5151 940 5214 donum,
995 5169 1086 5208 «nem
1110 5151 1182 5209 vita.
1210 5151 1285 5209 Sicut
1306 5151 1378 5208 enim
1403 5167 1453 5223 por
1474 5150 1686 5209 inobedientiam
1709 5151 1789 5207 unius

193 5329 252 5464 mig
268 5331 371 5450 1Αάιιριιιεῖἑ.
378 5327 668 5461 &pgilffir'lugfflmm
1028 5331 1097 5398 (itt)
1115 5331 1165 5398 ld.,
1178 5331 1202 5384 iu
1216 5327 1341 5383 anaunia

299 5435 316 5462 .,
672 5429 679 5445 .
