3878 6322
171 85 241 144 ttae
845 81 949 140 PETRI
973 81 1154 143 tonabant
1763 93 1843 147 tato

172 217 238 284 quot
251 216 343 265 essent
358 205 431 264 servi
446 207 492 280 qui
515 205 695 278 baptizarent,
712 206 764 262 sibi
780 206 865 264 tenuit
879 207 971 264 Domi·
983 211 1011 270 A
1021 226 1081 282 quae
1095 211 1232 268 tenebant.
1248 211 1307 268 lloc
1322 211 1394 268 enim
1409 219 1467 270 erat
1477 214 1617 286 proprium
1628 223 1654 271 et
1660 215 1839 272 detestabile

171 316 222 354 nus
237 305 397 369 potestatem
412 296 575 368 baptizandi,
602 297 692 352 servis
714 295 894 353 ministerium
919 297 971 353 de·
1021 310 1117 351 eorum
1132 295 1235 363 vitium,
1253 297 1326 369 quod
1346 297 1482 365 dicebant,
1513 315 1566 373 ego
1590 316 1650 355 sum
1663 300 1759 369 Pauli,
1778 315 1837 354 nec

172 387 224 442 dit.
243 385 272 441 Si
286 401 353 459 ergo
369 401 464 441 servus
479 384 544 442 dicit
567 401 597 440 se
621 385 766 457 baptizare,
792 393 868 443 recte
892 385 967 454 dicit,
1020 383 1083 439 illos
1097 401 1166 457 quos
1181 385 1208 440 in
1224 385 1372 443 schismata
1396 386 1548 443 dissiluisse
1572 389 1724 462 redarguit,
1754 389 1837 444 arbi-

172 475 221 530 sed
236 482 364 547 tauquam
378 473 502 530 minister
523 473 652 546 baptizet,
677 481 703 530 et
725 474 788 530 ideo
810 490 866 530 non
880 472 971 529 differt
1021 479 1079 528 tior
1093 465 1187 530 veram
1203 472 1284 531 tidem
1308 461 1488 532 habuissem
1510 478 1562 534 hoc
1586 477 1659 550 quod
1682 478 1835 542 dicebant,

173 563 231 620 sive
246 563 370 620 bonus'
349 579 406 619 sive
422 563 509 618 malus
524 563 568 620 cui
587 561 740 634 baptizandi
763 562 877 634 contigit
891 562 971 617 mini·
1020 576 1072 634 ego
1089 579 1148 617 sum
1163 562 1249 632 Pauli,
1275 571 1330 621 etc.
1357 565 1415 621 Hoc
1429 564 1501 620 anim
1531 565 1628 622 falsum
1647 574 1718 622 erat.
1743 565 1837 636 Quod

172 651 293 708 sterium.
311 653 338 722 (5
322 651 429 724 51nde)
444 651 526 708 etiam
541 667 622 708 nemo
632 651 706 719 dicit,
718 651 870 722 baptismus
881 667 969 718 meus,
1018 667 1083 708 vero
1098 649 1222 708 sciebant
1236 652 1373 709 Christum
1387 669 1439 726 pro
1463 671 1493 710 se
1519 671 1581 712 asse
1596 654 1774 722 crucifixum,
1803 663 1835 711 et

172 758 234 799 cum
263 749 353 797 tamen
381 741 462 810 dicet,
487 740 665 814 Evangelium
694 756 795 806 meum,
826 740 971 811 prudentia
1020 756 1050 795 se
1064 739 1092 794 in
1106 741 1164 810 ejus
1178 741 1299 809 nornine,
1317 758 1372 798 non
1386 743 1462 799 Pauli
1478 744 1639 815 baptizatos,
1664 761 1720 800 non
1747 761 1836 800 erro-

171 847 243 898 mea,
259 830 347 905 gloria
361 845 432 900 mea,
449 829 580 886 licethaec
591 829 644 884 sint
654 844 670 884 a
681 830 748 884 Deo.
765 831 796 883 lu
811 829 908 901 quibus
919 827 970 884 dil·
1020 827 1057 884 ris
1071 844 1174 896 eorum,
1191 831 1241 886 sed
1256 831 1341 888 divini
1364 832 1487 889 muneris
1501 841 1569 900 erat,
1595 834 1663 890 hana
1678 833 1731 890 Dei
1747 833 1833 888 veri-

172 918 286 976 ierentia
301 927 342 975 est
358 937 366 987 3
382 918 409 974 in
433 918 475 972 bis
500 917 572 974 enim
595 917 663 972 alius
687 917 741 972 alio
756 917 862 974 doctior
876 926 927 985 est,
944 925 971 973 et
1020 925 1101 973 tatem
1116 917 1145 972 in
1154 917 1295 992 iniquitate
1325 937 1436 976 suorum
1451 921 1630 977 schismatum
1642 922 1827 978 detinebant.

172 1009 240 1064 elius
255 1009 309 1064 alio
333 1007 430 1064 melius
455 1014 592 1078 operatur,
618 1005 646 1060 in
667 1005 891 1080 evangelizando,
916 1021 968 1063 nec
1019 1007 1072 1062 Per
1086 1007 1156 1063 hanc
1171 1024 1239 1080 ergo
1260 1009 1402 1066 veritatem
1426 1026 1509 1082 quam
1531 1011 1668 1082 tenebant,
1694 1011 1831 1084 ipsorum

173 1106 235 1154 sunt
249 1113 344 1154 omncs
363 1095 463 1168 aequali
486 1093 619 1166 sapientia
642 1095 768 1166 praediti3
790 1095 859 1150 alius
879 1101 970 1151 autern
1019 1094 1163 1152 falsitatem
1174 1087 1319 1154 convincit.
1344 1099 1454 1167 Verum,
1471 1099 1572 1172 quippe
1587 1100 1755 1171 baptismum
1774 1101 1830 1156 ba-

173 1187 227 1244 alio
250 1186 339 1260 magis
361 1185 486 1241 minusve
508 1183 670 1256 baptizatus,
696 1183 754 1240 sive
782 1184 817 1238 ab
840 1183 969 1240 interiore
1019 1184 1128 1252 hebent,
1144 1193 1170 1241 ει
1185 1201 1218 1242 ex
1239 1186 1298 1256 ejus
1318 1187 1442 1258 veritate,
1467 1195 1496 1243 ut
1520 1188 1689 1262 corrigerent
1712 1187 1829 1245 falsita-

174 1275 370 1347 siveamaj0re
385 1273 546 1345 baptizetur,
562 1272 617 1329 dici
630 1289 684 1329 non
699 1280 798 1344 potest.
1019 1281 1073 1328 tem
1083 1274 1118 1328 ab
1135 1274 1195 1345 ipso
1213 1274 1334 1342 audiunt,
1353 1275 1478 1348 nunquid
1496 1277 1606 1344 Paulus,
1627 1285 1679 1334 etc.
1702 1279 1829 1334 Prorsus

209 1365 318 1421 adhoc
347 1371 437 1419 autem
466 1363 540 1436 quod
568 1361 631 1418 dicit
650 1361 819 1436 Augustinus
833 1361 968 1418 Christum
1019 1361 1079 1418 fieri
1092 1371 1182 1434 potest
1195 1371 1225 1418 ut
1239 1364 1324 1436 aliqui
1340 1381 1434 1420 verum
1465 1365 1583 1422 habeant
1598 1365 1783 1437 baptismum,
1799 1375 1829 1422 ει

173 1461 337 1526 ροιεειειειιι
353 1451 479 1523 baptismi
496 1450 584 1507 servis
598 1466 680 1522 posse
691 1449 802 1506 dedisse
804 1448 969 1523 ,opponitur
1017 1467 1072 1507 non
1086 1468 1179 1509 reram
1194 1451 1418 1520 babeantddem,
1435 1453 1505 1510 sicut
1530 1453 1584 1510 isti
1607 1455 1659 1510 Ρει
1672 1455 1828 1511 veritatem

128 1542 133 1552 '
174 1544 214 1602 sic
228 1559 244 1599 a
259 1541 432 1640 quibusdam
451 1539 609 1596 Potestas'
588 1556 645 1596 sive
655 1539 775 1610 potentia
786 1539 836 1595 Dei
851 1539 1005 1631 essentiaB
1018 1557 1086 1614 ergo
1100 1557 1182 1614 quam
1196 1541 1333 1598 habebant
1348 1541 1458 1616 corrigit
1477 1542 1624 1600 falsitatem
1639 1560 1724 1616 quam
1739 1553 1825 1600 tena-

174 1627 266 1690 divina
280 1639 329 1698 est,
346 1629 478 1703 quianon
494 1636 536 1684 est
546 1629 619 1685 alind
630 1629 687 1685 Deo
699 1644 769 1698 esse,
782 1628 967 1699 alliudposse
1021 1630 1094 1698 bant,
1115 1630 1185 1686 sicut
1206 1647 1255 1702 ρει
1278 1630 1378 1687 Cbristi
1389 1633 1617 1689 resurrectionem
1629 1635 1827 1706 quamcrede-

175 1723 204 1780 Si
219 1735 286 1795 ergo
300 1735 356 1775 non
370 1719 456 1790 potuit
471 1717 511 1774 eis
534 1718 611 1786 dare,
636 1724 665 1772 ut
690 1725 780 1774 essent
802 1716 906 1789 quod
899 1733 967 1788 rpse,
1019 1718 1084 1774 baut
1105 1719 1202 1790 probat
1222 1719 1455 1777 resurrectionem
1477 1731 1646 1778 mortuorum
1667 1738 1753 1795 quam
1770 1739 1825 1779 ue-

174 1809 325 1883 necpotuit
338 1807 403 1864 dare
428 1823 510 1880 posse
535 1823 624 1874 suum,
650 1807 693 1862 vel
717 1805 864 1878 potentiam
880 1821 967 1872 snam,
1019 1807 1128 1878 gabant.
1147 1809 1173 1877 (6
1176 1810 1284 1879 )Ειειιι
1311 1809 1384 1865 enim
1406 1809 1478 1865 inter
1506 1827 1554 1868 eos
1568 1809 1615 1883 qui
1629 1819 1755 1868 mortuos
1776 1829 1824 1868 re·
1916 1803 1917 1810 '

174 1899 279 1958 scilicet
293 1914 354 1972 quae
368 1896 426 1969 ipse
449 1903 514 1952 est:
530 1895 658 1968 alioquin,
674 1895 697 1949 si
718 1893 866 1966 potentiam
891 1910 968 1950 suam
1018 1912 1132 1968 surgere
1146 1913 1202 1954 non
1215 1898 1371 1967 eredebant,
1396 1899 1542 1955 credebant
1568 1907 1658 1956 ιειιιειι
1679 1900 1824 1956 Christum

172 1989 259 2064 potuit
272 1987 312 2043 eis
337 1987 412 2053 dere,
429 2001 490 2058 quaa
519 1984 578 2056 ipse
603 1992 655 2051 est,
680 1985 767 2055 potuit
790 1983 830 2040 eis
851 1984 916 2039 dere
940 1991 969 2039 ut
1018 1985 1211 2042 resurrexisse.

172 2078 225 2150 ipsi
246 2083 338 2134 essent
352 2073 426 2147 quod
440 2073 499 2146 ipse
518 2080 570 2129 est.
594 2073 636 2129 Ad
661 2073 733 2145 quod
757 2072 873 2129 dicimus
896 2071 969 2146 quod
1053 2074 1139 2130 Vsus.
1156 2078 1253 2131 ll-l8.
1269 2107 1304 2117 -
1320 2077 1433 2135 Cretica
1445 2095 1497 2152 cqc
1520 2080 1575 2135 Deo
1589 2095 1661 2148 meo,
1677 2079 1751 2152 quod
1766 2096 1822 2136 rte·

173 2183 228 2223 non
243 2164 329 2237 potuit
343 2165 381 2222 ais
395 2162 518 2219 Christus
544 2161 623 2230 dare,
646 2170 675 2218 ut
699 2170 792 2218 essent
815 2161 889 2234 quod
909 2161 968 2232 ipse
1017 2165 1124 2220 minam
1132 2167 1479 2239 nestrumbcptiacni,niai
1488 2168 1617 2240 Crispum
1627 2171 1655 2224 et
1663 2169 1777 2237 Caium,
1786 2187 1822 2225 ne

172 2265 223 2327 est,
239 2265 266 2311 et
279 2263 369 2310 tamen
384 2251 470 2324 potnit
485 2251 524 2307 eis
540 2252 606 2307 dare
627 2258 787 2322 potestatem
812 2265 894 2322 quam
917 2251 967 2304 ha·
1017 2253 1079 2326 quis
1091 2253 1168 2310 dicet
1178 2255 1249 2328 quod
1262 2256 1294 2310 in
1310 2256 1424 2312 nornine
1438 2273 1498 2312 meo
1514 2255 1652 2330 baptizati
1664 2259 1746 2314 estis.
1763 2259 1821 2314 Bn-

171 2333 227 2413 bet,
244 2344 271 2401 id
286 2349 495 2414 estpotestatem
510 2355 564 2412 qua
579 2347 691 2412 possent
706 2339 843 2396 remittere
865 2354 967 2411 pecca·
1015 2342 1123 2413 ptiaoui
1133 2348 1229 2399 autem
1240 2347 1269 2400 et
1279 2345 1429 2417 stephane
1438 2345 1712 2402 domumdoeterum
1722 2348 1821 2404 nescio

170 2442 208 2504 ta,
224 2432 296 2508 quod
311 2432 370 2503 ipse
383 2430 459 2487 solus
474 2436 571 2501 potest.
588 2429 651 2485 llaec
667 2435 708 2484 est
733 2428 806 2484 enirn
829 2443 912 2500 qnam
926 2427 967 2482 di·
1015 2431 1726 2506 committam-uestrumbaptizaverimrtonentm
1737 2437 1820 2492 misit

172 2522 210 2581 cit
222 2527 385 2594 potestatem
401 2517 537 2591 baptismi,
553 2516 657 2574 scilicet
671 2525 792 2588 potestas
811 2515 967 2572 remittendi
1015 2535 1061 2576 me
1076 2519 1205 2577 Christus
1218 2521 1370 2594 baptizare,
1383 2523 1431 2578 aad
1442 2524 1645 2595 evangelizare,
1660 2540 1720 2580 non
1731 2527 1764 2580 t'n
1778 2541 1822 2580 aa·

170 2618 294 2685 peccata.
306 2608 395 2664 Potuit
410 2622 478 2680 ergo
493 2607 532 2663 eis
548 2607 614 2661 dare
638 2605 824 2662 auctoritatem
840 2605 967 2677 baptismi
1013 2610 1251 2682 pienticverbi,ct
1258 2625 1316 2666 noc
1327 2615 1481 2668 evacuetur
1489 2629 1563 2668 crux
1571 2612 1687 2669 Christi.
1700 2615 1817 2670 Verbum

170 2701 268 2774 quibus
282 2696 395 2754 contulit
409 2695 598 2762 ministerium,
614 2693 651 2748 ite
664 2701 756 2749 tamen
771 2700 800 2748 ut
814 2693 872 2765 ipse
887 2693 966 2765 prin·
1015 2699 1092 2754 anim
1102 2700 1384 2772 creciapcreuntibue
1393 2701 1642 2773 quidcmatnltitic
1652 2703 1819 2770 est,bieuu·

170 2787 266 2860 cipalis
279 2793 374 2842 auctor
388 2782 525 2839 existeret.
555 2784 719 2838 Potestatem
744 2797 811 2838 vcro
830 2798 885 2854 qua
907 2781 966 2853 ipse
1017 2791 1074 2843 lem
1089 2788 1137 2860 qni
1150 2789 1222 2844 actui
1238 2789 1324 2858 fiunt,
1341 2789 1419 2846 idest
1435 2789 1524 2856 nobis,
1540 2791 1590 2847 bet
1603 2791 1694 2848 uirtus
1706 2795 1760 2848 aet.

171 2883 221 2946 est,
239 2875 297 2932 sive
311 2888 393 2946 posse
407 2889 486 2928 suum
501 2872 574 2944 quod
594 2878 636 2926 est
658 2887 739 2926 snum
762 2886 833 2939 esse,
850 2871 890 2926 eis
912 2885 965 2943 po·
1053 2876 1166 2933 Cretica
1181 2893 1243 2948 ago,
1267 2885 1318 2933 etc.
1336 2876 1420 2946 Quasi
1439 2877 1530 2934 dicat:
1547 2879 1581 2934 Et
1595 2879 1659 2950 quia
1672 2879 1818 2951 baptismis

169 2965 255 3024 tuisse
268 2964 336 3020 dere
347 2977 402 3018 non
416 2960 541 3028 dicimus,
566 2960 681 3034 qualiter
703 2959 820 3017 dicimus
838 2976 899 3016 enm
914 2933 1000 3016 deo
1016 2964 1181 3038 gloriamini.
1198 2967 1258 3038 Ago
1271 2966 1374 3038 gratias
1387 2969 1442 3024 Deo
1457 2983 1529 3036 meo,
1549 2975 1614 3036 etc,
1630 2967 1728 3026 dehoc
1743 2971 1817 3043 quod

169 3053 242 3112 disse
257 3051 337 3109 nobis
352 3051 422 3108 scire
445 3049 517 3124 quod
540 3050 599 3122 ipse
623 3049 690 3118 scit,
714 3056 741 3104 ει
764 3047 873 3105 dedisse
897 3064 965 3121 pro·
1016 3055 1162 3110 neminem
1175 3058 1301 3110 vestrum
1316 3055 1538 3112 contendentium
1547 3057 1695 3130 baptizavi.
1703 3057 1817 3112 Nullum

166 3143 256 3217 pbetis
279 3140 421 3198 scientiam
443 3139 593 3195 futurorum
604 3155 684 3211 quam
707 3138 798 3208 babet,
814 3153 868 3194 non
892 3137 965 3211 quod
1016 3137 1088 3193 anbn
1102 3145 1220 3193 vestrum
1234 3137 1378 3208 baptizavi,
1394 3139 1451 3194 aiei
1463 3138 1591 3212 Crispum
1606 3143 1633 3195 ct
1645 3139 1755 3208 Caium,
1770 3141 1817 3213 qui

167 3231 246 3290 nobis
259 3229 367 3287 dederit
394 3244 456 3285 esse
471 3229 543 3301 qued
558 3228 650 3295 habet,
667 3226 711 3283 vel
724 3227 866 3298 prophetis
880 3228 965 3282 scien·
1015 3242 1071 3282 uon
1096 3234 1159 3282 suut
1187 3227 1221 3282 de
1241 3226 1416 3283 contentione
1442 3234 1544 3284 vestra.
1559 3228 1595 3282 Et
1616 3243 1670 3284 non
1684 3228 1748 3284 ideo
1763 3229 1818 3286 boc

167 3319 232 3376 tiam
246 3334 307 3391 quae
330 3324 373 3373 est
396 3316 514 3372 essentia
537 3315 638 3385 divina,
655 3315 704 3371 sed
719 3315 783 3386 qnia
797 3314 876 3372 nobis
889 3315 965 3371 dedit
1015 3315 1078 3371 dico
1093 3315 1158 3386 quin
1173 3315 1275 3372 bonnm
1288 3315 1321 3370 sit
1336 3315 1491 3387 baptizare;
1509 3317 1573 3388 sed,
1599 3334 1635 3373 nc
1656 3319 1719 3391 qais
1734 3318 1816 3374 dicat

168 3424 218 3481 ρει
231 3405 345 3480 gratiam
359 3403 431 3461 scire
445 3404 546 3474 future,
562 3420 623 3475 quae
636 3403 670 3458 eb
693 3411 797 3459 aeterno
818 3403 877 3476 ipse
889 3403 964 3460 novit
1014 3403 1085 3477 qood
1104 3401 1243 3477 baptizoti
1259 3405 1327 3460 estis
1341 3406 1371 3461 in
1395 3407 1510 3462 nominc
1520 3421 1591 3474 meo,
1607 3405 1642 3461 de
1656 3422 1710 3478 quo
1724 3407 1816 3480 magis

168 3504 274 3552 natura.
290 3494 343 3550 atii
357 3493 450 3550 dicunt
471 3500 631 3564 potestatem
654 3490 792 3564 baptismi,
816 3499 845 3547 ut
868 3492 895 3546 in
911 3508 964 3548 no·
1015 3491 1214 3565 gloriaremini.
1247 3493 1285 3564 (9)
1307 3493 1414 3550 Poterat
1439 3494 1558 3567 quidem,
1583 3501 1613 3549 ut
1634 3493 1737 3550 dictum
1759 3503 1814 3564 est,

168 3585 241 3642 mine
262 3599 356 3641 eorum
378 3582 489 3638 daretur
512 3581 673 3653 baptismus,
699 3581 726 3636 in
745 3597 799 3652 quo
823 3580 899 3638 fieret
922 3598 964 3638 re·
1013 3581 1145 3636 Dominus
1160 3582 1251 3648 lesus,
1270 3581 1293 3636 si
1308 3581 1438 3638 voluisset
1453 3582 1581 3655 baptismi
1595 3582 1816 3654 suipotestatem

167 3673 263 3731 missio
277 3679 461 3744 peccatorum,
477 3670 547 3727 sicut
569 3669 618 3725 tuit
639 3669 667 3725 in
686 3669 795 3726 nomine
810 3669 919 3739 Christi,
937 3678 964 3726 et
1013 3669 1079 3725 dare
1094 3669 1185 3738 alicui,
1207 3670 1250 3726 vel
1276 3670 1412 3743 aliquibus
1436 3671 1582 3743 praecipuis
1597 3671 1685 3727 serris
1699 3671 1766 3739 suis,
1784 3681 1816 3728 nt

167 3763 221 3820 hoc
235 3760 320 3834 potuit
334 3760 411 3829 dare,
428 3760 477 3816 sed
493 3759 588 3815 noluit.
1013 3759 1240 3830 quemadmodum
1256 3774 1305 3831 ρει
1319 3759 1423 3834 virgam
1446 3760 1589 3817 florentem
1610 3760 1815 3816 demonstratus

202 3850 335 3924 Nunquid
350 3850 468 3906 Paulos.
484 3847 569 3918 Quasi
576 3848 647 3904 dicat
659 3849 730 3905 :Vos
740 3847 829 3904 dicitis
839 3863 893 3922 ego
903 3865 963 3904 sum
1013 3843 1335 3913 estdaronsacerdos,ita
1346 3861 1396 3917 per
1404 3845 1516 3918 aliquod
1523 3845 1633 3920 signum
1643 3846 1815 3902 demonstra·

167 3938 252 4006 Pauli,
269 3953 322 4012 ego
336 3937 444 4008 apollo,
465 3944 518 3994 etc.
536 3935 591 3992 Sed
611 3936 734 4008 nunquid
757 3937 856 3992 Paulus
871 3939 963 3994 crcci-
1011 3937 1105 3986 rentur
1119 3931 1319 3988 excellentioris
1343 3933 1482 4005 dignitatis
1505 3933 1632 4002 ministri,
1654 3942 1680 3989 et
1695 3933 1813 4006 dispen-
1916 3975 1917 3986 .

159 4029 245 4099 (iana
260 4030 301 4084 εει
313 4025 494 4100 praealtam
506 4033 585 4081 estut
595 4025 629 4080 sit
643 4025 721 4082 vobis
735 4032 830 4082 auctor
844 4025 962 4081 salutis?
1013 4026 1119 4075 satores
1148 4019 1339 4092 mysteriomm
1368 4021 1415 4093 qui
1443 4022 1495 4078 soli
1508 4022 1647 4094 baptizare
1662 4022 1810 4079 deberent.

167 4118 224 4174 dut
243 4116 275 4170 in
290 4114 404 4171 nomine
422 4114 507 4170 Pauli
525 4115 663 4186 baptisati
677 4114 754 4182 ertia,
771 4114 874 4170 scilieet
890 4113 963 4186 quod
1013 4108 1077 4176 Sed,
1095 4107 1118 4163 si
1130 4110 1183 4165 hoc
1197 4109 1275 4165 fieret
1293 4109 1416 4182 ipsorum
1427 4111 1485 4180 jam
1501 4110 1654 4184 baptismus
1668 4111 1813 4168 diceretur

165 4210 276 4277 peccata
306 4201 471 4258 dimitterem
494 4201 593 4257 vobis?
617 4203 695 4274 quasi
719 4202 791 4259 dicat
807 4217 814 4258 t
830 4204 901 4259 Non.
923 4203 962 4274 (6)
1013 4196 1135 4268 quemvis
1149 4197 1219 4253 eise
1239 4199 1356 4256 Domino
1380 4199 1535 4267 attributus,
1561 4199 1633 4257 sicut
1655 4200 1813 4271 baptismus

167 4292 286 4351 Revocat
310 4290 371 4346 illos
394 4289 429 4346 ad
452 4306 536 4345 uuum
559 4306 659 4346 nomen
680 4289 726 4362 qui
747 4291 831 4346 multa
853 4291 998 4353 uominaD
1011 4285 1123 4341 ioannis
1137 4284 1195 4341 tuit.
1211 4286 1276 4343 ldeo
1296 4288 1443 4360 Apostolus
1465 4288 1522 4360 agit
1542 4289 1601 4344 Deo
1617 4288 1721 4362 gratias
1737 4289 1814 4361 quod

170 4379 222 4438 sibi
235 4379 325 4437 tacere
340 4378 478 4446 volebant,
494 4377 602 4449 repellit
616 4393 664 4434 eos
677 4378 711 4433 ab
726 4394 819 4435 amore
833 4379 959 4447 hominis,
1012 4373 1150 4430 neminem
1166 4390 1262 4430 eorum
1284 4376 1440 4448 baptizavit,
1465 4376 1512 4449 qui
1540 4383 1667 4449 tanquam
1681 4376 1759 4432 obliti
1783 4379 1812 4432 in

166 4478 195 4527 ιιι
206 4468 330 4526 Christus
345 4473 457 4524 ametur.
483 4466 567 4536 Quasi
581 4466 652 4523 dicat
667 4484 674 4521 :
689 4466 760 4523 Nolo
782 4475 811 4524 ut
824 4467 878 4525 mei
892 4469 959 4537 sitis,
1012 4463 1085 4534 cujus
1103 4464 1213 4520 nomine
1229 4464 1356 4536 baptizati
1372 4473 1473 4533 essent,
1498 4481 1549 4536 per
1564 4465 1701 4522 bominum
1717 4467 1812 4523 nomi·

167 4558 216 4615 sed
233 4571 339 4614 mecum
369 4556 438 4624 sitis,
463 4571 569 4612 mecum
592 4563 691 4626 estote,
719 4573 815 4613 omnes
830 4556 902 4612 illius
917 4575 962 4614 su·
1010 4567 1045 4606 na
1060 4568 1089 4608 se
1105 4552 1272 4609 dividebant.
1289 4553 1438 4610 Cumanim
1449 4561 1553 4609 tantum
1568 4553 1641 4610 valet
1656 4553 1810 4625 baptismus

167 4663 229 4704 mus
243 4646 290 4718 qui
303 4661 352 4717 pro
380 4644 460 4701 nobis
476 4643 619 4702 crucifixus
634 4651 685 4700 est.
700 4644 877 4701 Dimittuntur
889 4645 961 4702 enim
1011 4657 1061 4712 per
1075 4641 1215 4696 hominem
1229 4642 1470 4713 contemptibilem,
1487 4649 1614 4714 quantum
1629 4658 1680 4713 per
1697 4651 1811 4715 aposto-

165 4735 245 4792 nobis
258 4741 370 4807 peccata
381 4750 431 4806 per
444 4749 543 4789 nomen
565 4733 633 4802 ejus,
660 4749 713 4790 non
728 4750 779 4804 per
791 4750 891 4790 nornen
908 4734 961 4790 ali·
1011 4729 1068 4785 lum
1085 4729 1174 4800 datae,
1195 4729 1232 4786 ita
1246 4747 1297 4788 nec
1312 4731 1384 4786 illius
1399 4747 1451 4788 neu
1471 4730 1551 4800 illius,
1567 4729 1617 4787 sed
1631 4731 1732 4787 Christi
1747 4747 1811 4789 esse

167 4824 244 4894 etuas
258 4821 386 4878 bominis.
410 4821 488 4878 Unde
502 4822 622 4877 ioannes
642 4819 680 4876 ait
696 4837 702 4877 :
718 4823 810 4879 Scribo
825 4823 908 4890 vobis,
924 4824 961 4894 fi·
1012 4819 1196 4893 cognoscitur,
1213 4820 1287 4892 quod
1299 4819 1418 4876 Joennes
1428 4835 1476 4891 ρει
1494 4819 1616 4891 speciem
1630 4819 1765 4878 columbe.
1780 4838 1811 4878 se

166 4914 237 4979 lioli,
260 4913 326 4984 quic
340 4910 531 4967 remittuntur
545 4910 619 4966 vobit
645 4914 762 4982 peccata
784 4927 836 4984 par
858 4927 961 4969 nomon
1011 4905 1139 4963 didicisse
1153 4915 1276 4964 testatur.
1289 4907 1519 4964 Namsecuudum
1533 4907 1597 4980 quid
1608 4908 1680 4963 atiud
1694 4909 1811 4967 dixerit:

165 5002 326 5074 ejus(.¹occ.
339 5001 380 5071 ιι).
397 5000 436 5070 (1)
444 4999 478 5054 Et
493 5007 558 5054 nota
572 4998 645 5071 quod
660 5015 709 5070 ρει
720 5000 872 5056 hocverum
888 5002 961 5074 quod
1010 4995 1046 5050 Et
1060 5012 1108 5067 ego
1126 4997 1284 5054 casnetum
1301 5014 1367 5054 aum
1390 4998 1481 5069 (loun.
1496 4997 1527 5069 ι),
1544 5013 1599 5053 non
1622 4997 1703 5069 plane
1717 4998 1812 5068 video,

165 5091 294 5148 tenebant
307 5087 346 5144 illi
361 5086 503 5155 Corinthii,
517 5087 580 5145 tacit
589 5087 651 5144 illos
666 5089 829 5165 erubqscere
839 5090 874 5146 de
884 5087 961 5147 salsis
1010 5083 1063 5140 nisi
1077 5085 1139 5157 quie
1154 5085 1304 5143 secundum
1318 5085 1421 5160 aliquid
1435 5101 1498 5142 eum
1514 5085 1627 5154 sciebat,
1657 5093 1685 5142 ει
1708 5103 1812 5144 secum

211 5266 238 5328 a)
256 5270 337 5333 Augus
338 5267 418 5331 dnus,
430 5266 522 5319 tneod.
1044 5258 1151 5396 (g,
1102 5261 1138 5315 td.
1143 5262 1188 5328 ,tn
1202 5262 1258 5315 eod

1101 5330 1137 5383 ld.
1141 5330 1389 5396 „contrebaptlstas
1403 5331 1438 5385 lta
1450 5329 1518 5396 bapt.

209 5280 337 5397 1.(1,
317 5334 404 5398 inpsal
409 5347 510 5386 ..axau

209 5331 303 5468 'li
256 5399 305 5466 ld,
317 5400 578 5466 betntcobaptbmo.
