3870 6064
135 192 194 244 sar
608 169 1446 243 eonnnrtraatuumrstnnos-essuxxxnt'
1740 177 1791 232 aas

136 311 209 374 rice,
222 313 300 381 juxta
314 310 474 366 senentiam
494 308 649 382 Augustini,
664 325 713 381 pro
729 309 848 381 qualibet
862 307 942 376 hujus
956 307 1096 372 Alitterae,
1134 305 1162 361 in
1186 305 1275 362 activa
1308 314 1332 360 et
1353 303 1459 377 passiva
1487 302 1685 377 significatione
1711 311 1786 361 nint

137 383 241 438 saculi
256 381 433 462 amplitudine
447 386 528 453 atque
553 379 676 462 superba·
697 377 846 452 dignitatel
875 377 942 448 Qum
991 381 1071 456 ultor
1096 395 1131 450 Et
1146 403 1224 466 potes
1237 393 1330 466 legere
1343 409 1481 449 saansaan
1491 399 1696 456 catinensem,
1712 389 1789 461 prius

135 461 217 508 certe
233 461 335 524 quanta
350 453 458 516 celsior,
475 466 508 506 eo
530 450 711 522 periculosior
725 458 776 505 est.
807 449 942 518 Quantum
992 483 1088 547 active,
1104 481 1241 553 posterius
1256 481 1363 553 passive

136 539 211 580 nero
224 523 262 581 ad
276 523 408 578 rationem
428 521 588 586 ilcbraismi,
612 528 673 576 sunt
700 520 811 576 omnino
839 519 942 576 eadem

681 749 966 856 PSALMUS
1012 749 1240 872 XXXIII.

136 1057 245 1098 essm
258 1056 373 1096 rmnuas
389 1054 553 1096 :resimas
568 1053 652 1093 navia
667 1053 722 1093 can
737 1051 858 1092 nurtvtr
873 1052 941 1092 vau·
992 1051 1109 1092 caraem
1122 1050 1224 1098 meam,
1245 1038 1273 1089 et
1288 1033 1411 1088 meritis
1425 1034 1594 1103 senonicam
1610 1045 1714 1096 meam,
1731 1045 1788 1085 aaa

175 1127 236 1168 ΤΗΙ
252 1127 327 1168 ὃῑῐΰὶί
341 1125 432 1166 0οΝ
448 1124 604 1166 ssfflfflffl
632 1123 667 1164 ΕΤ
686 1122 790 1162 ⁰¹M¹⁸¹T
819 1122 887 1172 Μ
907 1122 942 1162 ΕΤ
993 1123 1127 1178 babebitis
1146 1123 1244 1188 vitam,
1267 1123 1299 1176 ia
1314 1120 1386 1176 vobis
1401 1121 1492 1190 (toan.
1510 1120 1570 1188 vr)‚·
1585 1117 1790 1172 aestimaverunt

178 1197 266 1237 ⁸⁸¹⁰·
288 1207 298 1228 ”
992 1210 1030 1264 illi
1045 1209 1116 1282 qnod
1131 1209 1311 1280 particulatim
1334 1222 1444 1263 carnem
1463 1207 1538 1264 daret
1556 1206 1591 1261 sd
1614 1203 1789 1260 manducan-

173 1288 346 1344 Bffledifflm
361 1288 521 1342 Dominum.
559 1284 663 1339 Titulus
691 1284 821 1339 Psaimm
857 1283 941 1338 David
991 1298 1066 1363 dum,
1088 1297 1211 1353 djoentos
1228 1314 1234 1350 ς
1252 1295 1389 1362 Quomodo
1408 1296 1453 1351 hio
1475 1299 1552 1366 potos
1573 1293 1651 1350 nobis
1671 1308 1789 1348 carne-m

138 1393 208 1433 cum
220 1377 346 1432 mutauit
355 1376 554 1430 vultumsaum
564 1389 660 1430 coram
672 1371 841 1436 abimelech,
855 1374 884 1425 et
897 1371 942 1425 di·
991 1401 1072 1441 soom
1082 1385 1149 1440 dare
1159 1383 1436 1440 admanducandum
1448 1387 1460 1437 ,e
1473 1384 1567 1437 pum
1578 1384 1620 1437 ege
1636 1381 1682 1436 tric
1696 1395 1788 1436 sermo

136 1465 221 1520 misit
238 1479 314 1529 cam,
331 1467 360 1518 et
373 1462 452 1528 abiit,
470 1463 564 1535 (hug.)
578 1459 681 1515 Titulus
695 1458 746 1513 iste
766 1465 881 1514 attentos
897 1457 940 1512 ia·
991 1472 1091 1544 (roto)⁸
1114 1472 1144 1526 ιη
1167 1471 1217 1527 1130
1240 1486 1348 1543 quoque
1369 1469 1517 1525 mutatione
1535 1467 1626 1524 vultus
1641 1465 1785 1524 affectabat

136 1553 187 1618 cit,
211 1561 240 1607 et
254 1551 394 1623 pulsantes
417 1550 563 1605 desiderat.
587 1549 621 1602 lit
643 1555 683 1602 est
698 1545 939 1603 tractnsdebisto·
991 1560 1122 1626 Christus,
1144 1559 1172 1614 id
1196 1567 1239 1614 esp
1260 1555 1358 1614 affectu
1380 1555 1578 1629 compassionis
1602 1555 1699 1626 plenus
1713 1563 1782 1621 erar,

137 1641 180 1694 5³
198 1639 264 1695 libri
278 1641 394 1711 Regum»
409 1638 455 1694 ubl
469 1637 598 1708 scriplum
611 1642 652 1691 0⁵¹
665 1634 740 1707 ‘1³⁰⁶
755 1650 816 1690 ⁰⁰⁸¹
832 1633 940 1708 ingeret
990 1649 1053 1720 quia
1082 1663 1243 1718 compassus
1273 1655 1314 1701 est
1336 1645 1414 1701 nobis
1442 1660 1529 1717 usque
1553 1644 1587 1699 ad
1610 1650 1733 1706 mortem,
1758 1651 1785 1698 et

136 1727 231 1784 David
248 1727 358 1783 Saulem
385 1734 590 1798 liel⁵ll⁰¹¹¹0rem
619 1737 710 1802 suum,
735 1723 941 1780 0⁰¹¹¹l1111808d
990 1735 1198 1807 tympanizabat,
1215 1734 1278 1805 qnia
1297 1741 1425 1789 extensus
1448 1733 1476 1788 in
1497 1746 1578 1788 rmce
1598 1730 1666 1787 sicul
1680 1729 1784 1785 coriam

137 1817 225 1872 Athis
242 1831 338 1888 regem
353 1814 439 1881 Geth,
457 1815 485 1870 id
500 1824 541 1870 θὸῑ
566 1817 705 1886 cujusdam
729 1817 818 1890 geniis
845 1816 940 1872 vicina?
990 1823 1017 1878 in
1032 1823 1117 1894 ligno.
1142 1824 1175 1878 Et
1198 1822 1250 1878 bec
1273 1821 1307 1876 ad
1326 1821 1395 1876 ostia
1417 1819 1543 1885 civitatis,
1557 1819 1585 1873 id
1600 1826 1641 1874 est
1655 1817 1689 1872 ad
1703 1817 1784 1874 cerda

137 1903 409 1978 regnoludaeorum,
429 1902 519 1976 ibique
542 1903 662 1961 latitabat
685 1915 714 1962 nt
735 1912 939 1978 persecutorem
990 1912 1048 1967 Deo
1071 1910 1175 1976 clausa,
1200 1918 1275 1964 ntea
1298 1925 1348 1980 per
1371 1924 1479 1966 crucem
1502 1905 1630 1978 aperiret,
1646 1904 1786 1960 serebatur
1854 1910 1860 1930 ¹

137 1993 206 2049 Saul
221 1993 347 2049 evitaret.
365 1992 580 2065 Suggestumest
598 2003 688 2050 autem
702 1995 741 2050 illi
765 1994 842 2068 regni
866 1993 938 2066 quod
989 1999 1115 2054 manibus
1139 1997 1205 2066 suis,
1222 1997 1294 2069 quod
1315 2013 1368 2051 non
1392 1997 1426 2051 ad
1445 1995 1563 2052 litteram
1576 2001 1665 2066 potest
1680 1991 1785 2064 accipi;

136 2082 216 2136 illum
236 2079 309 2152 apud
324 2096 355 2135 ὅθ
369 2079 493 2147 hflbereb
518 2080 564 2153 (lui
579 2099 707 2156 magnam
727 2089 867 2155 receperat
879 2082 938 2152 glo·
953 2059 1037 2144 Bsed
1053 2094 1116 2142 tunc
1131 2085 1253 2141 manibus
1269 2084 1416 2151 serebatur,
1434 2099 1494 2141 cum
1510 2099 1609 2154 corpus
1624 2089 1648 2138 et
1671 2079 1785 2152 sangui-

136 2171 210 2224 riam
235 2168 375 2241 inpcpulo
395 2168 561 2225 tudaeorum.
581 2169 615 2227 Et
642 2172 796 2228 dictumest
810 2169 848 2225 illi
866 2172 939 2226 :late
989 2191 1051 2231 nem
1067 2173 1186 2228 suumin
1202 2175 1286 2229 Coena
1300 2171 1430 2244 apostolis
1439 2171 1607 2243 perreriam
1617 2167 1786 2242 quohumili-

134 2263 180 2314 cst
194 2257 285 2315 barm
300 2257 347 2314 cai
361 2257 478 2314 charam
492 2261 624 2330 secernat
639 2261 774 2316 mulieres
790 2259 936 2324 Israelita,
989 2270 1072 2318 tatem
1093 2261 1247 2316 hominibus
1269 2259 1476 2316 admittendatit.
1494 2259 1591 2316 Salinae
1602 2257 1785 2314 decurrebant

135 2348 288 2402 disemos:
301 2345 369 2401 Saal
383 2347 522 2418 percussit
536 2347 751 2414 mille,ctlianid
765 2348 860 2403 decem
870 2347 939 2401 rnil-
988 2350 1017 2406 in
1036 2350 1157 2420 barbam,
1169 2349 1197 2403 id
1210 2357 1252 2404 est
1266 2348 1350 2403 verba
1363 2346 1503 2413 infantilia,
1524 2355 1550 2403 et
1564 2343 1670 2400 infirma
1689 2345 1784 2400 dicen·

137 2437 180 2490 lia
194 2435 220 2504 (l
227 2436 296 2504 lieo.
310 2431 593 2504 xxi).Quibnsauditis
603 2435 691 2492 David
702 2435 787 2492 sensit
796 2433 936 2500 invidiam,
988 2438 1023 2492 tis
1039 2454 1046 2492 z
1062 2440 1116 2494 lloc
1135 2441 1179 2493 est
1196 2451 1296 2507 corpus
1312 2452 1408 2492 meam
1422 2436 1531 2504 (ldatth.
1548 2433 1640 2504 xxvi),
1657 2431 1784 2505 tegebant

135 2529 162 2578 et
178 2521 269 2578 timuit
283 2536 387 2593 regam.
408 2520 474 2577 Cum
500 2523 571 2577 enim
598 2532 708 2595 propter
736 2524 807 2578 banc
821 2521 938 2598 gloriam
988 2525 1112 2582 virtutem
1137 2525 1204 2594 eius,
1228 2540 1289 2595 qnae
1311 2539 1360 2594 per
1375 2523 1488 2577 barbam
1501 2519 1671 2594 intelligitur.
1689 2521 1722 2575 Et
1736 2535 1786 2590 per

136 2601 390 2680 inviderecoiperit
404 2607 443 2664 illi
472 2611 546 2676 Saul,
575 2611 653 2666 valde
681 2612 856 2667 metuendum
882 2618 938 2666 erat
988 2613 1153 2670 haecomnia
1176 2611 1334 2683 procidebat
1353 2611 1469 2667 adestia
1484 2618 1579 2682 portae,
1594 2609 1621 2664 id
1637 2608 1782 2663 estbumi·

134 2698 227 2754 David
239 2713 273 2753 ne
288 2705 314 2754 et
329 2697 374 2753 ille
390 2713 437 2753 rex
464 2698 588 2770 adquam
611 2698 772 2771 confugerat
789 2699 870 2755 vellet
888 2716 937 2770 op·
987 2701 1070 2757 liabat
1084 2717 1113 2757 se
1129 2701 1163 2756 ad
1183 2700 1288 2756 initium
1299 2698 1362 2754 ndei
1382 2706 1501 2766 nostrae3
1517 2697 1615 2752 ostium
1631 2696 1703 2752 enim
1717 2709 1785 2767 pcr-

135 2787 259 2858 primere
281 2802 343 2840 enm
367 2801 447 2858 quem
471 2795 565 2856 posset
593 2787 628 2842 de
649 2787 738 2845 ticino
761 2789 867 2843 hostem
889 2789 937 2843 ha·
988 2797 1022 2846 tae
1044 2789 1148 2845 initium
1172 2794 1213 2844 est
1234 2786 1307 2854 fidei,
1331 2786 1403 2843 unde
1418 2786 1512 2858 incipit
1526 2785 1665 2855 Ecclesia,
1677 2792 1703 2841 et
1716 2797 1782 2856 per-

136 2873 383 2940 heracleanum
406 2881 539 2930 servaret.
570 2875 728 2946 (Hier.)hd
752 2891 833 2947 quem
856 2875 936 2931 etiarn
988 2879 1061 2934 venit
1076 2877 1111 2932 ad
1130 2875 1258 2948 speciem.

136 2963 203 3018 Saul
216 2963 328 3018 nuntios
342 2961 465 3028 miserat,
481 2962 579 3034 quibus
603 2963 686 3019 Achis
708 2963 826 3019 traderet
840 2963 935 3030 David,
1023 2967 1057 3021 Et
1085 2973 1127 3022 est
1155 2981 1251 3019 sensus
1280 2963 1348 3018 tituli
1372 2961 1454 3034 :IGl
1482 2962 1543 3033 int]
1576 2962 1699 3016 Psalmns
1730 2959 1780 3015 iste

134 3051 215 3106 atad
230 3049 402 3106 seducerent
417 3065 488 3118 atim,
512 3051 712 3122 qnemrolabst
728 3051 872 3116 occidere;
888 3053 937 3106 sed
988 3052 1142 3109 attribuitur
1161 3051 1257 3120 David,
1282 3050 1310 3105 id
1332 3059 1373 3106 ast
1396 3049 1512 3115 Christo,
1540 3048 1602 3121 quia
1625 3048 1743 3119 loquitur
1756 3054 1783 3101 et

134 3139 328 3195 misericordia
355 3138 419 3202 Dei,
447 3139 616 3210 providente,
655 3148 682 3194 et
704 3139 775 3195 viam
804 3141 937 3195 evadendi
988 3140 1015 3195 in
1044 3156 1077 3196 eo
1110 3139 1285 3195 Christianus.
1315 3139 1404 3192 Verba
1435 3137 1507 3192 enirn
1532 3136 1610 3204 hujus
1632 3135 1798 3206 psalmica·

137 3234 320 3292 monstrante,
349 3241 399 3297 per
421 3225 609 3300 figurationem
623 3226 723 3284 luroris
736 3227 937 3299 evasittllug.)
988 3227 1116 3283 membris
1129 3235 1155 3282 et
1169 3227 1249 3297 capiti
1269 3225 1444 3282 'conveniunt
1470 3223 1593 3279 Psalmus
1617 3223 1678 3279 dico
1697 3237 1784 3294 agens

136 3310 333 3367 humilientur
362 3311 464 3366 vultum
484 3327 564 3368 suurn
586 3327 677 3368 coram
707 3313 801 3379 hellis,
826 3311 937 3368 stalle·
988 3317 1023 3372 de
1047 3318 1099 3372 hoc
1122 3316 1194 3389 quod
1220 3313 1292 3382 lecit,
1316 3331 1381 3370 cam
1401 3315 1525 3369 mutavit
1551 3313 1662 3368 vetitam
1686 3327 1783 3377 saum,

133 3401 225 3456 stabat
235 3407 260 3454 et
269 3398 471 3470 tympanizabat
490 3401 527 3455 ad
546 3399 615 3455 ostia
638 3400 767 3468 civitatis,
785 3400 871 3456 ctiam
896 3400 936 3456 le·
950 3403 1080 3478 G[hng.]
1103 3403 1201 3470 idest,
1227 3411 1306 3458 velus
1328 3400 1492 3459 sacrificinm
1516 3401 1544 3456 in
1566 3415 1677 3469 norum,
1702 3414 1782 3472 quam

135 3489 250 3544 rebatur
264 3487 392 3542 manibus
406 3487 473 3552 suis,
494 3495 520 3543 et
544 3487 706 3558 procidebat
734 3488 767 3542 ad
791 3488 860 3544 ostia
873 3504 935 3560 por·
986 3493 1160 3548 mutationem
1185 3491 1211 3547 in
1235 3491 1317 3546 Coena
1338 3490 1466 3560 ostendit,
1485 3489 1550 3545 dum
1577 3488 1604 3544 in
1619 3489 1702 3544 Coena
1719 3503 1784 3543 cor-

135 3585 178 3640 ta,
197 3565 328 3630 etsalirr'e
342 3575 823 3647 decurrebantsuperbarbamejus.
847 3575 934 3646 Quem
985 3597 1036 3652 pus
1058 3596 1137 3637 suum
1161 3588 1188 3636 et
1219 3579 1380 3652 sanguinem
1403 3577 1543 3649 discipulis
1565 3577 1666 3634 docens
1690 3575 1780 3632 humi-

134 3681 197 3720 cum
229 3663 344 3718 vidisset
354 3679 403 3719 rex
427 3663 520 3728 achis,
546 3663 582 3718 ait
601 3664 687 3720 servis
703 3665 761 3720 :Ut
786 3665 851 3735 quid
869 3665 934 3720 mihi
985 3669 1089 3724 litatem
1112 3667 1320 3724 commendavit.
1347 3667 1459 3721 llutavit
1478 3665 1540 3721 dico
1559 3681 1654 3722 coram
1674 3664 1781 3720 abime-

133 3753 218 3808 istum
234 3752 407 3822 abreptitium
435 3751 601 3808 adduxistis?
623 3752 752 3823 Nunquid
787 3752 934 3808 intraturus
987 3757 1057 3823 lech,
1081 3756 1170 3811 idest
1194 3753 1409 3820 coramludaeis,
1426 3756 1455 3809 et
1472 3753 1582 3809 dimisit
1601 3768 1676 3820 eam,
1693 3750 1779 3806 David

135 3849 175 3896 est
189 3842 305 3896 domum
319 3840 423 3896 meam?
446 3840 529 3897 Etsic
553 3840 628 3896 illum
650 3841 761 3908 dimisit,
787 3841 934 3912 projiciens
985 3845 1151 3908 Abimelech,
1175 3843 1201 3898 id
1222 3850 1262 3898 est
1282 3841 1405 3896 Christus
1419 3839 1520 3895 dimisit
1535 3839 1653 3904 ludaeos,
1670 3841 1698 3894 et
1712 3837 1782 3892 abiit

134 3931 223 3995 illum,
253 3928 439 3986 etabiitinde
467 3928 552 3986 David
567 3927 720 3986 incolumis.
737 3931 835 4002 (llleo.
859 3930 933 4000 xxi.)
984 3931 1139 4005 adgentes,
1164 3931 1202 3985 ita
1224 3930 1305 3984 etiarn
1334 3944 1426 3984 coram
1448 3927 1530 3983 Achis
1549 3926 1672 3994 mutavit,
1692 3925 1720 3979 id
1738 3932 1778 3980 est

135 4015 177 4069 td
197 4014 270 4069 hanc
298 4013 441 4068 historiam
470 4013 576 4068 videtur
596 4013 731 4083 pertinere
745 4013 843 4086 {titulus
860 4032 866 4068 :
883 4030 934 4072 nec
984 4035 1076 4076 eoram
1091 4018 1194 4092 ignaris
1217 4016 1367 4088 discipulis.
1392 4015 1425 4072 lit
1443 4015 1535 4083 dehis,
1552 4013 1595 4071 vel
1609 4012 1776 4077 abimelech,

135 4103 287 4170 discordat,
316 4101 368 4157 nisi
398 4100 470 4181 quod
497 4099 545 4172 qui
571 4099 615 4157 hic
634 4100 732 4157 dicitur
763 4102 933 4173 llbimelech,
984 4107 1084 4164 dimisit
1099 4121 1171 4173 eum,
1188 4105 1284 4160 David.
1303 4106 1336 4159 tlt
1351 4105 1428 4170 abiit,
1444 4103 1473 4159 id
1486 4111 1527 4159 est
1541 4102 1580 4158 illi
1590 4102 1678 4176 ignari
1692 4101 1778 4157 disci·
1869 4074 1901 4115 '⁸

133 4190 209 4246 idem
231 4188 342 4261 proprie
369 4189 452 4246 hahis
483 4189 641 4257 vocabatur,
661 4188 733 4246 sicut
769 4190 796 4244 in
822 4191 933 4246 historia
982 4196 1039 4267 puli
1054 4195 1213 4250 dimiserunt
1239 4193 1386 4258 Christum,
1408 4209 1458 4264 pro
1472 4199 1575 4247 mutato
1589 4189 1732 4258 sacriticio,
1753 4198 1779 4245 et

134 4277 248 4351 legitur.
274 4275 406 4348 (neuin.)
421 4276 476 4333 Sed
500 4277 721 4348 Esdraspropter
734 4287 932 4334 sacramentum
984 4284 1108 4340 abierunt
1131 4290 1210 4338 retro.
1235 4281 1285 4338 Vel
1301 4281 1424 4338 Christus
1447 4279 1513 4335 abitt
1535 4279 1570 4335 ab
1589 4279 1694 4334 illorum
1713 4294 1777 4334 cor-

134 4381 234 4422 namen
242 4365 366 4431 mutavit,
378 4381 429 4422 nec
439 4365 612 4435 putetursola
622 4364 734 4420 historia
744 4366 860 4422 narrari.
874 4367 933 4422 Om-
983 4371 1064 4427 dibus
1076 4390 1083 4438 ;
1103 4371 1138 4426 ad
1152 4371 1278 4436 litteram,
1295 4377 1321 4424 et
1333 4376 1406 4440 patet
1420 4369 1456 4424 de
1469 4367 1570 4423 David.
1590 4366 1670 4435 Quod
1687 4373 1776 4420 muta-

135 4453 733 4525 amantmtntpuracoattayetantttttatt
742 4455 932 4528 &CX-(Aua)
983 4460 1021 4516 vit
1046 4459 1149 4514 vultum
1172 4475 1250 4512 suum
1271 4473 1365 4513 coram
1389 4457 1555 4520 abimelech,
1578 4461 1604 4510 et
1619 4452 1776 4508 ahimelech

135 4543 284 4599 Sciendum
294 4555 361 4615 ergo
372 4541 444 4613 quod
458 4540 546 4597 David
560 4541 706 4610 Christum,
724 4549 751 4598 et
767 4543 856 4598 vultus
871 4559 932 4598 mu·
983 4547 1084 4602 dimisit
1107 4562 1178 4614 eum,
1205 4555 1231 4601 et
1254 4545 1343 4601 David
1363 4545 1429 4600 abiit
1450 4542 1600 4600 incolumis.
1621 4542 1654 4596 Et
1669 4549 1711 4596 est
1725 4541 1775 4596 istc

132 4632 198 4686 tatic
220 4630 396 4685 mutationem
410 4630 510 4685 veteris
531 4627 656 4687 sacrificii
675 4630 703 4684 in
728 4647 828 4687 novum
844 4631 931 4704 signi·
982 4635 1102 4706 psalmus
1118 4635 1253 4691 secundus
1268 4633 1418 4705 eorumqui
1436 4647 1487 4703 per
1501 4629 1687 4701 imperfectum
1709 4629 1776 4686 scri-

133 4719 205 4774 ficat.
221 4718 354 4791 (alcuin.)
367 4717 450 4774 Vetus
464 4724 554 4773 autern
569 4717 733 4775 sacrificium
761 4719 859 4774 dicitur
873 4719 932 4774 vul·
947 4721 1082 4813 Dbuntar
1106 4721 1287 4793 alphabetum.
1313 4721 1436 4776 intentio.
1471 4717 1617 4791 [Cassiod]
1634 4718 1726 4772 blcaet
1739 4717 1775 4771 ad

133 4817 186 4875 tus,
206 4807 272 4880 quia
286 4805 422 4862 indicabat
451 4805 615 4862 voluntatem
625 4805 722 4874 liei,in
747 4807 837 4881 signo.
863 4809 930 4863 ltbi-
982 4826 1081 4866 novum
1108 4809 1271 4866 sacriticium
1292 4809 1421 4865 accedere
1437 4812 1490 4861 vl
1510 4815 1610 4874 mente,
1627 4821 1681 4861 non
1696 4804 1775 4876 pede.

132 4896 240 4952 melech
256 4895 450 4966 interpretatur
463 4896 555 4968 patris
565 4897 622 4950 raet
636 4913 754 4968 scortum
765 4895 845 4968 (Lac.
862 4897 894 4967 1,)
906 4906 932 4954 et
981 4899 1128 4971 [Cassiod]
1149 4898 1254 4954 hlodus.
1280 4897 1401 4966 Quatuor
1425 4903 1487 4951 sant
1500 4893 1657 4966 partitiones
1673 4911 1680 4948 :
1698 4891 1775 4947 Prius

131 4982 272 5058 significat
297 4983 418 5051 Judaeos,
452 4984 497 5056 qni
522 4992 598 5039 erant
620 4999 735 5056 regnum
760 4985 846 5056 patris
876 4987 929 5053 sni,
971 4983 1115 5058 'Propheta
1144 4987 1298 5041 summatim
1332 4985 1440 5040 laudem
1480 4981 1625 5054 praemittit,
1659 4995 1773 5036 monens

131 5073 236 5130 scilicet
246 5071 343 5139 David,
356 5073 403 5145 qui
417 5072 466 5127 luit
479 5072 674 5144 paterChristi,
701 5074 851 5129 secundum
868 5090 930 5130 car·
980 5082 1136 5130 mansuetos
1159 5075 1192 5128 ad
1214 5074 1296 5128 idern.
1320 5074 1455 5139 Secundo,
1488 5071 1523 5125 ad
1554 5068 1774 5124 communionem

130 5177 204 5228 nem,
211 5162 290 5230 jnxta
300 5160 380 5216 illud:
397 5153 519 5218 Etdabit
538 5162 663 5218 illilleas
673 5163 766 5217 sedem
775 5164 862 5218 Dauid
875 5180 928 5236 pa·
980 5163 1043 5218 nervi
1058 5161 1182 5218 sacrificii
1196 5161 1289 5218 lideles
1305 5162 1433 5229 bortatur,
1459 5159 1504 5226 ibi,
1521 5157 1655 5214 accedite.
1670 5157 1770 5223 Tertio,

131 5251 251 5305 trissai.
268 5249 544 5320 (Airg.llicclesiaest
562 5265 675 5322 regnum
687 5266 741 5305 non
752 5251 838 5306 David
847 5251 929 5321 patris
980 5251 1139 5321 incipientes
1161 5259 1253 5305 monet
1269 5248 1396 5320 aquibus
1416 5246 1579 5312 abstineant,
1600 5245 1647 5312 ibi,
1668 5247 1771 5302 venite.

130 5337 181 5406 sui,
198 5337 311 5393 sedilei
326 5338 424 5392 Patris.
444 5337 526 5393 hahis
550 5353 615 5392 vere
644 5337 839 5410 interpretatur
859 5357 927 5412 quc-
980 5337 1090 5408 Quarto,
1117 5338 1173 5410 agit
1196 5339 1230 5393 de
1254 5335 1470 5392 retributionibus
1495 5335 1628 5391 bonorum
1647 5343 1673 5390 et
1687 5334 1772 5390 malo·

130 5427 275 5490 madcest,
291 5426 422 5497 perquod
437 5424 627 5499 significantur
640 5428 709 5482 tardi
724 5427 762 5482 illi
790 5427 925 5499 discipuli,
979 5443 1047 5493 rum,
1063 5427 1110 5493 ibi,
1131 5427 1206 5483 oculi
1224 5426 1345 5482 Domini.
1370 5427 1393 5479 Λ
1412 5424 1492 5480 lattde
1516 5424 1607 5496 itaque
1626 5423 1769 5495 incipiens,

132 5515 231 5588 quibus
244 5529 307 5570 cnm
322 5515 427 5571 dicaret
450 5514 601 5571 Dominus:
619 5517 678 5574 Nisi
688 5517 928 5574 mandacaveritis
978 5515 1013 5572 ait
1027 5515 1161 5582 Christus,
1179 5523 1205 5570 et
1215 5515 1242 5570 in
1258 5529 1290 5571 eo
1301 5513 1481 5570 Christianus.
