3946 6070
738 59 758 105 0

163 171 228 240 tort

840 169 942 225 PETRI
960 166 1138 224 tonabant

1739 153 1811 207 tata

160 325 226 365 vero
240 306 313 379 quod
328 305 375 372 ait,
393 303 549 359 consolatus
564 317 634 369 sum,
651 298 782 356 referatur
808 294 957 353 cantabiles
971 297 1000 354 A
1010 293 1058 348 sed
1073 290 1172 347 iactum
1188 297 1229 345 est
1243 286 1309 342 mibi
1323 303 1338 341 a
1354 293 1389 354 te,
1408 282 1482 358 qnia,
1508 277 1716 350 justificationes
1735 285 1809 342 tuas,

158 395 224 451 mihi
238 401 315 451 crant
326 393 539 464 justificationes
555 400 617 457 tuae,
635 398 686 445 etc.

195 547 279 602 Vana.
296 546 390 616 llbb).
406 575 441 586 -
458 566 469 594 ι
487 545 591 599 Memor
603 541 640 598 lui
663 547 743 598 nocta
771 537 888 593 nominis
911 536 959 602 tui,

163 659 174 683 a
192 635 311 692 Domine
327 653 334 689 z
351 641 378 690 ει
391 631 525 690 custodiri
539 631 630 703 legem
644 636 728 686 tuam.
747 647 759 678 ε

195 759 297 815 Memor
311 759 365 830 soi,
381 773 398 813 o
413 758 538 825 Domine,
551 755 675 812 nominis
688 755 740 809 toi.
750 752 844 826 laag,
856 747 960 820 Amba]

164 851 197 905 lli
211 847 259 920 qui
273 847 423 920 gloriator,
453 848 485 901 io
500 845 616 902 Domino
631 844 769 915 glorietur
783 841 819 910 (ll
834 841 895 897 Cor.
918 839 959 905 x).

161 935 195 990 Et
209 936 262 992 boc
276 935 357 990 etiam
371 939 403 992 io
417 938 508 993 oootc.
524 935 585 988 Nox
600 939 642 988 est
653 931 687 986 de
700 928 862 985 mortalitate
872 935 898 983 et
907 926 961 982 rni-

163 1025 241 1094 seria,
259 1034 285 1080 et
301 1025 335 1080 de
348 1023 527 1094 superborum
541 1020 690 1093 iniquitate,
708 1027 734 1074 et
747 1019 781 1073 de
796 1017 876 1073 taedio
898 1033 962 1087 pec-

162 1120 293 1182 catorum,
307 1121 333 1168 et
344 1111 447 1167 deloco
457 1109 695 1182 peregrinationis.
716 1108 820 1162 Memor
839 1104 960 1162 260

163 1215 230 1272 ergo
246 1200 283 1254 lui
296 1199 413 1255 nominis
436 1198 474 1254 tui
497 1198 526 1254 ia
550 1204 639 1264 nocte,
666 1197 694 1251 id
718 1195 809 1251 estin
832 1193 962 1266 presenti

162 1303 290 1357 aerumna,
303 1288 484 1359 undecunque
495 1286 539 1355 sit,
547 1287 593 1341 ubi
601 1285 690 1358 magis
696 1301 775 1357 quam
787 1281 962 1354 inprosperis

161 1375 254 1445 qratia
264 1384 326 1431 sunt
340 1377 466 1448 agenda,
485 1383 511 1430 et
525 1374 616 1447 magis
631 1375 689 1428 Deo
700 1371 894 1428 adhaerendum
910 1378 959 1425 εει.

162 1455 224 1522 Νοιι
238 1447 281 1520 est
294 1464 367 1520 enim
381 1480 511 1538 magnum
527 1462 550 1518 si
564 1464 616 1519 hoc
627 1477 695 1534 agas
704 1461 733 1517 in
742 1459 889 1533 prosperis.
900 1458 959 1524 Vel,

163 1565 269 1610 memor
284 1553 322 1609 lui
337 1552 468 1620 innecte,
484 1553 518 1608 ad
532 1551 662 1620 litteram,
678 1565 733 1606 aon
747 1551 835 1606 solum
850 1547 877 1603 in
905 1547 958 1614 die,

164 1641 191 1700 ει
204 1641 256 1699 hoc
272 1650 314 1698 est
330 1641 475 1714 septimum
497 1641 668 1713 propositum
692 1638 778 1695 sancti
802 1637 864 1708 viri,
889 1633 997 1712 quodB

164 1747 220 1788 non
235 1730 321 1787 solum
337 1731 391 1797 die,
403 1729 452 1786 sed
467 1729 548 1786 etiam
562 1735 651 1797 nocte,
668 1728 695 1782 id
705 1735 747 1783 est
756 1726 960 1797 omnitempore

166 1819 291 1876 laudibus
306 1817 356 1876 Dei
369 1817 493 1888 intendit,
513 1819 584 1892 quod
608 1825 634 1874 et
658 1817 783 1873 omnibus
807 1814 962 1872 laciendum

165 1915 215 1965 est.
231 1904 318 1966 Nocte
343 1909 443 1981 quippe
467 1907 550 1962 Judas
570 1905 681 1962 tradidit
695 1905 851 1972 Dominum,
866 1905 961 1959 Petrus

164 1999 275 2070 negavit
288 1997 398 2068 (datto.
414 1999 507 2070 xxvi).
523 1995 572 2051 illo
587 2011 654 2070 ergo
668 2002 802 2064 tempore,
817 1991 907 2066 magis
918 1992 962 2047 in-

164 2085 293 2142 standum
308 2093 349 2142 est
363 2083 490 2142 orationi.
506 2077 571 2141 ideo
586 2092 678 2140 autem
697 2097 803 2138 memor
825 2081 871 2150 lui,
900 2081 963 2154 quia

163 2191 196 2230 ex
212 2175 269 2233 lieo
284 2181 334 2242 est,
352 2174 520 2248 quodetiam
536 2173 673 2230 custodivi
685 2173 772 2244 legem
783 2173 872 2240 luam,
885 2169 964 2226 aliter

162 2279 219 2320 non
231 2279 337 2319 memor
352 2279 452 2320 essem.
468 2261 518 2320 Vel
532 2262 569 2317 ita
582 2261 726 2328 continua;
744 2255 844 2333 [Aug]
858 2259 964 2315 Memor

162 2347 209 2418 liri,
225 2356 252 2404 ει
266 2348 306 2404 sic
318 2347 453 2404 custodivi
466 2347 557 2419 legem
578 2352 663 2412 tuam,
690 2360 772 2416 quarn
794 2359 848 2400 non
872 2351 964 2400 custo-

162 2435 247 2492 disset
263 2436 327 2492 siin
341 2437 439 2494 virtute
455 2451 504 2492 sua
520 2431 677 2492 confideret.

196 2583 281 2642 Vnus.
295 2583 376 2655 atilli)
386 2605 444 2632 -ι
462 2583 526 2639 Ηεε
539 2581 612 2640 lacta
627 2588 667 2638 cst
692 2579 766 2645 mibi,
795 2578 858 2649 quia
883 2575 964 2646 justi-

165 2693 176 2722 t
193 2669 333 2728 ficationes
346 2679 406 2727 tuas
421 2671 588 2743 exquisivi.»

195 2817 258 2872 llaec
272 2818 352 2887 [octo
365 2818 408 2870 cst
423 2815 496 2871 mibi
509 2813 605 2887 [Aug]
620 2811 785 2887 Ambiguum
806 2819 849 2868 est
866 2827 901 2867 an
925 2811 966 2866 di·

162 2911 249 2972 catur,
261 2903 320 2960 haec
335 2901 389 2972 lex,
406 2919 441 2959 an
470 2905 530 2958 base
543 2919 608 2970 nox,
636 2903 701 2974 quia
723 2909 867 2966 utrumque
890 2917 965 2972 prae-

1012 396 1066 437 noa
1081 396 1157 436 meas
1172 376 1314 450 exquisivi.

1259 485 1392 526 comario
1408 484 1437 524 rx
1452 480 1465 528 r
1481 481 1554 521 zaro.

1047 565 1131 620 Vana.
1148 567 1163 618 3
1180 562 1292 632 (ιι.)-
1303 561 1399 632 letique
1420 554 1551 628 agebunt.
1571 536 1682 614 inaraba
1709 567 1812 607 uentr-

1011 635 1084 703 zum,
1096 636 1148 690 hoc
1159 640 1209 700 est,
1221 633 1376 688 irriserunt
1394 645 1447 684 mc.
1467 627 1531 682 Haec
1552 640 1605 680 vox
1631 621 1747 678 Hebraea
1770 631 1814 677 est

1010 705 1149 761 abeodem
1162 705 1288 768 themate,
1297 717 1313 756 a
1323 715 1377 772 quo
1387 699 1518 771 particula
1527 695 1679 751 derisorum
1689 693 1717 748 in
1727 693 1811 748 llebr.

1011 785 1038 832 et
1049 776 1135 847 primo
1143 791 1225 832 versu
1235 773 1315 844 primi
1324 771 1433 843 psalmi,
1444 771 1479 824 de
1490 783 1544 840 quo
1555 765 1655 821 dictum
1666 771 1708 820 est
1724 782 1730 817 :
1757 763 1814 819 Sed

1011 855 1038 903 et
1053 863 1086 902 ex
1101 847 1193 902 llimhi
1203 844 1337 918 significat
1351 842 1454 899 collide
1468 838 1639 903 machinari,
1656 837 1815 892 etinsolcs-

1011 935 1073 1045 ἵετε
1089 922 1191 974 cootro
1205 917 1379 988 proximum.
1397 911 1475 967 Unde
1490 908 1644 974 Chaldaeus,
1676 906 1814 962 detraba-

1028 993 1080 1044 oot
1095 990 1175 1046 milti.

1047 1061 1132 1114 Vana.
1148 1055 1238 1129 8(56).
1251 1089 1285 1097 -
1295 1057 1358 1113 litae
1376 1057 1454 1128 scoto
1468 1055 1511 1108 est
1525 1051 1607 1106 mibi.
1624 1048 1744 1104 liaberet
1754 1048 1815 1105 Cae·

1011 1146 1060 1186 cus
1074 1130 1169 1186 nolunt
1183 1129 1239 1185 dici
1271 1145 1302 1183 er
1316 1127 1381 1182 lem.
1397 1141 1462 1198 gen.
1472 1125 1530 1179 boec
1538 1125 1617 1192 fucta
1628 1122 1680 1187 εει,
1691 1135 1815 1176 causan-

1012 1209 1055 1255 tur
1069 1201 1142 1256 enirn
1165 1216 1227 1256 esse
1251 1145 1418 1254 iactationem
1445 1193 1600 1257 absurdam,
1630 1190 1683 1244 nisi
1709 1190 1814 1262 aliquid

1011 1273 1166 1328 emendices
1180 1270 1344 1336 lorinsecus,
1370 1282 1468 1390 nemqe
1490 1265 1550 1320 baec
1572 1260 1734 1328 recordatio,
1767 1268 1816 1316 aut

1012 1341 1099 1398 simile
1123 1342 1272 1413 quidpiam,
1297 1356 1361 1396 oum
1381 1337 1437 1394 nihi
1471 1331 1642 1407 praecesserit
1673 1331 1708 1389 ad
1738 1331 1815 1404 quod

1011 1413 1097 1484 possit
1112 1413 1218 1468 referri.
1235 1414 1329 1483 quue
1344 1407 1489 1465 dicendum
1503 1421 1565 1460 cum
1579 1403 1653 1457 Hier.
1670 1403 1724 1458 liae
1749 1405 1813 1474 sco-

1012 1489 1074 1540 tom
1088 1487 1131 1540 eet
1145 1484 1226 1540 mibi.
1244 1484 1322 1538 Certe
1336 1481 1364 1535 in
1379 1479 1448 1534 Heb.
1466 1474 1638 1548 apertissime
1652 1489 1704 1529 vox
1719 1469 1816 1529 estle-

1011 1555 1077 1608 min.
1095 1572 1159 1628 gen.
1177 1565 1235 1614 ιιιιι
1250 1569 1332 1622 zora,
1349 1554 1406 1608 boec
1421 1549 1466 1604 vel
1477 1544 1816 1617 isto,etiamsiusurpetur

1012 1643 1062 1697 pro
1078 1635 1175 1680 neutro
1209 1623 1362 1696 nandoque,
1379 1628 1405 1676 et
1419 1619 1503 1691 aliqui
1519 1623 1628 1674 vertunt
1643 1615 1695 1672 boc
1717 1616 1814 1683 modo,

1012 1696 1058 1750 alii
1073 1697 1134 1752 isto.
1148 1698 1178 1751 ln
1191 1643 1289 1751 {raeco
1303 1702 1436 1765 praeterea
1452 1697 1493 1746 est
1507 1689 1572 1744 lem.
1590 1685 1665 1760 αὕτη.
1680 1686 1714 1742 Ει
1735 1703 1816 1758 quae-

1011 1776 1090 1832 rebas
1105 1792 1159 1846 quo
1174 1775 1327 1840 referretur,
1346 1773 1403 1827 baec
1418 1773 1497 1841 sacto
1512 1772 1563 1826 est.
1590 1768 1674 1822 lliror
1695 1765 1817 1822 Fabrum

1011 1863 1067 1902 non
1083 1847 1184 1901 vidisse
1198 1860 1308 1902 versum
1322 1860 1384 1900 mox
1404 1841 1622 1912 praecedentem:
1638 1853 1745 1893 tremor
1770 1838 1817 1908 soi

1012 1922 1093 1974 nocte
1108 1918 1232 1974 nominis
1247 1917 1301 1983 tui,
1318 1917 1345 1971 ει
1362 1911 1501 1970 custodivi
1523 1913 1610 1982 tegam
1628 1913 1717 1964 taam.
1732 1907 1816 1976 Quod

1012 1989 1106 2044 Caecus
1121 2004 1176 2043 non
1196 1988 1306 2056 viderit,
1337 1983 1476 2042 tolerabile
1505 1989 1555 2036 εει.
1583 1982 1641 2036 Νεε
1668 1994 1817 2050 possumus

1012 2068 1102 2115 tamen
1118 2058 1219 2115 relerre
1233 2059 1267 2113 ad
1281 2059 1381 2130 legem,
1398 2061 1466 2110 teste
1481 2053 1516 2108 D.
1532 2055 1602 2122 Aug.
1629 2051 1700 2106 Nam
1724 2048 1817 2106 recla-

1012 2137 1119 2186 marent
1134 2130 1222 2186 Graeei
1238 2127 1383 2184 efferentes
1397 2125 1478 2206 νόμον
1492 2123 1520 2177 in
1534 2138 1619 2177 masc.
1642 2121 1691 2176 sed
1716 2120 1817 2176 eodem

1013 2210 1159 2277 indicante,
1177 2210 1212 2265 ad
1226 2217 1334 2266 noctem
1349 2205 1505 2278 pertinebit,
1522 2213 1552 2261 nt
1576 2206 1634 2261 sit:
1663 2205 1725 2260 llaec
1755 2221 1817 2261 nox

1012 2285 1092 2354 sucta
1106 2286 1148 2338 cst
1164 2283 1246 2347 mibi,
1264 2281 1291 2335 id
1305 2286 1347 2334 est
1367 2279 1439 2334 mitt
1461 2279 1581 2350 profuit.
1594 2275 1644 2332 Vel
1654 2274 1817 2348 femininum

1012 2368 1062 2424 pro
1090 2361 1194 2418 neutro,
1229 2367 1261 2406 eo
1296 2365 1397 2422 genere
1439 2347 1570 2420 loquendi
1602 2362 1656 2418 quo
1704 2345 1816 2412 dicitur,

1014 2423 1111 2495 psalm.
1128 2438 1200 2477 xxvr
1217 2437 1224 2476 τ
1241 2437 1331 2476 onom
1343 2421 1416 2493 petii
1429 2437 1447 2474 o
1464 2419 1589 2486 Domino,
1605 2425 1634 2472 ut
1644 2416 1762 2487 amplius
1772 2415 1820 2471 de·

1014 2494 1131 2550 claretur
1145 2494 1173 2546 in
1200 2491 1379 2564 expositione.
1408 2489 1463 2546 Sed
1491 2497 1518 2544 et
1545 2491 1578 2544 l).
1609 2488 1689 2543 Amb.
1720 2487 1815 2555 habat,

1014 2565 1072 2620 baec
1088 2566 1234 2620 memorio.

1355 2644 1476 2700 Πιιιτιι.

1052 2729 1145 2785 Portio
1159 2743 1232 2795 mco,
1248 2728 1376 2793 Domine,
1398 2724 1544 2799 [cassiod.
1574 2723 1665 2792 Amb,
1696 2719 1818 2794 dicuin]

1015 2817 1046 2871 ln
1060 2818 1111 2873 bac
1125 2823 1221 2872 octava
1235 2815 1334 2880 littera,
1355 2813 1453 2871 taciem
1477 2812 1586 2870 Domini
1614 2813 1707 2868 ridere
1730 2817 1817 2881 optat,

1015 2905 1079 2979 quia
1093 2905 1229 2960 mendatis
1243 2905 1301 2975 ejus
1316 2915 1357 2960 ast
1371 2904 1528 2960 obsecutus.
1543 2902 1578 2956 Et
1592 2900 1654 2973 quia
1669 2900 1744 2972 quod
1766 2899 1820 2954 de-

159 2993 275 3048 missum
289 3000 346 3060 est;
363 2993 413 3048 sad
428 2992 524 3049 Graeca
537 2990 638 3048 locutio
654 2999 705 3056 est,
718 2990 790 3045 unde
800 2991 859 3047 baec
875 2997 964 3046 trans·
981 2994 1119 3075 osiderat
1134 2995 1245 3064 habere,
1258 2993 1373 3050 sollicite
1384 2991 1492 3065 satagit.
1509 2990 1575 3046 ldeo
1599 3003 1722 3061 congrue
1746 3003 1821 3059 prte-

158 3080 214 3138 lata
227 3089 278 3153 est,
294 3081 357 3140 satis
372 3080 474 3138 indicat
485 3096 540 3137 non
556 3080 667 3154 delego
691 3079 793 3136 dictum
816 3095 889 3136 esse.
901 3081 963 3136 lloec

1015 3083 1128 3139 mittitur
1141 3082 1230 3138 littera
1245 3083 1312 3138 tert
1327 3098 1387 3154 quaa
1401 3081 1594 3152 interpretatur
1607 3093 1703 3152 ponor,
1727 3085 1754 3133 et
1778 3076 1822 3132 in-

159 3174 239 3243 [octo
253 3174 296 3227 εει
309 3170 393 3228 mibi.
410 3171 475 3226 llaec
496 3169 569 3226 enirn
583 3184 735 3241 pronomen
749 3167 878 3225 feminine
901 3168 965 3224 dici·
1014 3171 1147 3244 telligitur
1162 3187 1248 3243 pavor
1261 3170 1411 3237 recidendi,
1424 3169 1473 3224 sed
1488 3167 1641 3225 sollicitudo
1655 3164 1820 3238 acquirendi

159 3259 202 3316 tur
217 3259 291 3330 apud
308 3259 423 3318 Grecos
451 3259 526 3330 (ιιι)
553 3259 625 3329 apud
649 3274 718 3330 quos
746 3258 791 3313 lex
819 3257 965 3314 masculini
1014 3261 1080 3317 illud
1096 3262 1197 3317 bonum
1213 3261 1287 3332 quod
1303 3267 1405 3332 sperat,
1422 3259 1495 3332 quod
1520 3257 1582 3330 quia
1605 3257 1632 3312 in
1654 3263 1751 3313 octava
1771 3271 1820 3311 re-

158 3347 268 3418 generis
282 3354 343 3414 est;
360 3355 386 3402 ει
401 3347 438 3402 ita
453 3354 559 3404 constat
572 3362 628 3402 non
641 3346 696 3404 dici
710 3348 769 3403 lraec
779 3347 833 3414 lex,
847 3347 896 3402 sed
906 3348 965 3402 brec
1014 3350 1190 3406 surrectionis
1205 3349 1390 3420 praestabitur,
1407 3348 1469 3404 ideo
1484 3347 1535 3403 istc
1557 3345 1714 3404 asenarius
1735 3344 1821 3416 poni-

158 3450 212 3491 nox
226 3453 233 3490 :
248 3436 307 3492 lraec
322 3443 363 3491 est
378 3450 450 3500 nox3
466 3435 493 3488 in
509 3451 561 3506 qua
586 3435 681 3491 bestiae
707 3435 782 3492 silvas
805 3443 912 3506 exeunt,
938 3443 963 3491 ει
1014 3446 1068 3505 tur,
1083 3438 1163 3510 quasi
1194 3437 1288 3494 dicat:
1319 3438 1541 3507 lmttfieotioocs
1570 3439 1635 3492 loos
1665 3434 1817 3506 exquisivi,

159 3530 315 3596 quaranta
338 3525 397 3578 Dec
414 3537 506 3580 escam
523 3522 585 3590 sibi,
610 3523 708 3595 inqua
730 3524 844 3580 Satanas
868 3523 963 3597 petivit
1014 3528 1106 3600 quino

157 3611 296 3684 apostolos
312 3628 409 3668 vexare
426 3611 495 3668 sicut
518 3609 647 3668 triticum.
674 3613 739 3669 llaec
763 3629 817 3670 nox
836 3613 963 3670 mortali-
1048 3616 1159 3671 verast
1178 3616 1245 3688 (aa).
1256 3637 1315 3668 -ι
1333 3614 1424 3672 Portio
1439 3629 1510 3678 mea.
1527 3612 1652 3680 Domina,
1668 3612 1735 3680 dixi,
1751 3625 1820 3668 cus·

158 3701 221 3756 tatis
245 3709 272 3756 et
298 3696 527 3773 peregrinationis
556 3701 635 3771 hujus
663 3701 801 3757 humilitas
830 3719 885 3758 non
912 3703 962 3758 ab·
1017 3705 1138 3760 «todire
1152 3705 1243 3776 legem
1258 3711 1341 3760 tuam.
1363 3729 1374 3752 n

157 3790 240 3846 surde
254 3789 415 3864 intelligitur
432 3808 439 3845 :
456 3791 503 3845 ubi
516 3789 635 3847 invicem
650 3790 735 3847 lateat
750 3792 833 3848 corda
855 3799 960 3848 morta·
1050 3794 1176 3859 Domine,
1193 3801 1222 3850 tu
1237 3809 1267 3849 es
1281 3795 1376 3867 portin
1395 3809 1468 3849 meo.
1498 3791 1601 3864 lamb,
1622 3791 1704 3864 Aug]
1728 3789 1820 3845 Portio

156 3875 233 3947 lium,
258 3879 305 3935 nbi
325 3878 538 3935 innumerabiles
558 3887 585 3935 et
610 3896 708 3953 graves
728 3880 852 3936 oriuntur
875 3887 963 3938 tenta·
1013 3890 1118 3954 aparte
1132 3881 1248 3948 dieitur3
1280 3882 1353 3937 unde
1380 3881 1491 3953 quidam
1520 3880 1582 3935 libri
1608 3879 1719 3944 babent,
1748 3881 1820 3934 Pars

157 3967 254 4024 dones.
271 3969 304 4024 Et
319 3975 370 4039 εει,
382 3969 481 4024 merito
494 3967 533 4023 lui
546 3983 660 4035 memor,
679 3971 863 4028 Etcoatodioi
874 3971 967 4041 lepem'
1013 3988 1086 4039 meo,
1104 3973 1228 4029 Domine.
1246 3969 1330 4040 Quasi
1344 3969 1416 4026 dicat
1433 3987 1440 4025 ε
1458 3967 1511 4024 tbi
1524 3969 1585 4036 boc,
1614 3967 1660 4022 alii
1682 3965 1748 4022 illud
1771 3966 1823 4022 eli-

157 4060 247 4124 taam,
263 4057 328 4129 quia
340 4056 401 4114 haec
413 4072 467 4112 nox
482 4057 510 4112 in
526 4056 679 4129 quamultae
690 4059 853 4115 tentationes
875 4059 964 4114 oriun-
1014 4069 1091 4134 gunt,
1108 4061 1180 4116 unde
1196 4060 1308 4126 vivant;
1324 4060 1373 4115 sed
1387 4057 1474 4131 portio
1491 4073 1560 4124 mea,
1592 4056 1637 4113 rel
1659 4070 1724 4127 pars
1745 4067 1820 4120 mea,

157 4145 300 4210 tunicata
314 4152 356 4200 est
371 4145 447 4215 mihi,
462 4145 490 4200 id
519 4153 561 4201 est
583 4161 632 4218 pro
658 4161 712 4212 me,
737 4153 766 4202 at
789 4147 961 4219 prodessem,
1014 4151 1088 4206 Deus
1104 4155 1156 4216 εει,
1173 4148 1245 4204 unde
1260 4163 1368 4219 semper
1382 4147 1472 4203 viram
1488 4146 1546 4202 sine
1561 4144 1626 4201 lina.
1643 4143 1732 4213 Quam
1753 4143 1823 4198 alie-

159 4238 188 4288 ut
201 4231 242 4289 sic
256 4231 358 4289 ducam
371 4248 426 4288 aon
442 4233 594 4304 superbire,
614 4251 667 4306 quo
682 4235 748 4290 vitio
762 4235 861 4292 cecidit
882 4237 964 4292 bomo
1014 4253 1065 4295 aus
1081 4245 1122 4294 est
1137 4251 1153 4292 a
1169 4236 1257 4305 vitiis3
1274 4252 1357 4310 quarn
1373 4243 1534 4308 segregatus
1547 4233 1582 4289 ab
1596 4232 1671 4289 omni
1685 4231 1748 4288 labe
1758 4247 1824 4302 pec·

161 4321 271 4378 inbanc
285 4329 408 4380 noctem.
427 4321 506 4378 Unde
520 4329 582 4395 post
596 4321 660 4379 dicit
677 4341 683 4379 :
699 4326 807 4380 Bonum
831 4329 873 4380 εει
891 4325 963 4381 mttt
1015 4326 1078 4394 cati,
1096 4341 1266 4398 quamrarus
1281 4324 1414 4390 interris,
1433 4323 1479 4396 qui
1508 4323 1561 4379 hoc
1586 4321 1679 4379 dicere
1706 4319 1819 4393 possiti

161 4413 234 4485 qood
246 4412 408 4468 humiliasti
421 4406 633 4480 otaotdlrcom
639 4414 861 4485 justificationes
881 4417 962 4482 tous,·
1018 4414 1091 4470 Nihil
1106 4415 1179 4470 enim
1193 4414 1287 4471 mundi
1309 4413 1353 4471 rel
1374 4412 1432 4470 vitii
1456 4427 1562 4469 amans.
1588 4411 1646 4467 lloc
1669 4409 1734 4466 dicit
1761 4415 1824 4463 tan·

162 4500 212 4556 aad
225 4516 309 4572 quare
323 4502 375 4559 boc
389 4502 404 4556 ι
417 4501 487 4570 Quia
497 4501 718 4574 justificationes
730 4506 794 4558 tuos
810 4504 979 4576 exquisivi„
1020 4519 1103 4576 quam
1117 4503 1192 4572 Levi,
1209 4504 1252 4559 cui
1267 4518 1322 4560 non
1337 4510 1378 4560 est
1393 4518 1454 4558 sors
1483 4501 1555 4557 inter
1582 4500 1690 4568 fratres,
1713 4497 1742 4552 in
1766 4513 1822 4569 quo

163 4603 317 4646 nonmaas.
347 4590 526 4659 tristificatos
555 4606 618 4647 sum
646 4591 735 4663 qratia
763 4608 813 4664 per
840 4593 965 4664 qratiam
1019 4606 1074 4649 non
1088 4600 1130 4648 est
1145 4591 1327 4665 corporalium
1341 4590 1495 4666 portionum
1511 4587 1656 4662 cupiditas,
1670 4601 1751 4660 quam
1765 4601 1823 4641 non

165 4677 254 4750 (Rmn.
270 4679 324 4750 ιιι.)
340 4675 390 4736 Vel
403 4679 455 4735 boc
468 4693 619 4750 pronomen
634 4680 706 4751 quod
721 4685 772 4746 εει,
791 4679 849 4736 haec
868 4680 965 4752 accipi·
1019 4681 1167 4737 inllammat
1181 4681 1274 4748 libido,
1292 4697 1345 4740 non
1361 4679 1481 4736 stimulat
1496 4677 1619 4745 avaritia,
1636 4691 1691 4732 non
1714 4673 1823 4732 effemi-

165 4771 218 4833 tur,
235 4765 311 4838 quasi
324 4765 462 4823 diceretur
476 4769 537 4837 hoc,
554 4775 584 4822 ut
610 4773 637 4822 et
650 4767 688 4822 ibi
715 4766 875 4823 femininum
891 4767 965 4825 aeci·
1020 4779 1065 4826 nat
1079 4769 1201 4836 lascivia,
1218 4785 1274 4825 aon
1288 4769 1430 4826 decolorat
1444 4765 1560 4834 luxuria,
1578 4781 1633 4823 non
1647 4764 1744 4822 sternit
1759 4777 1822 4818 am-

166 4853 442 4926 piaturproneutro,
459 4854 619 4912 ubidicitur
639 4855 732 4928 quod:
755 4858 967 4931 Unampetiio
1019 4859 1096 4927 bitio,
1112 4875 1167 4916 non
1179 4865 1297 4914 macerat
1311 4858 1421 4926 invidia,
1452 4873 1507 4913 non
1536 4855 1625 4929 aliqua
1651 4852 1825 4928 negotiorum

167 4944 286 5001 Domino
300 4945 389 5016 (Psoi.
404 4945 497 5014 xxva),
514 4943 587 5016 quod
600 4943 725 5000 usitatius
735 4945 966 5017 diciturperneu-
1020 4948 1183 5004 secularium
1199 4963 1261 5004 cura
1277 4947 1411 5004 sollicitat.
1427 4943 1520 5002 Ethlc
1542 4953 1583 5000 εει
1612 4959 1677 5002 rere
1706 4941 1770 5011 leri,
1797 4939 1824 4996 id

168 5036 250 5088 trum.
266 5035 307 5089 lta
320 5049 389 5106 ergo
403 5039 430 5088 ct
444 5032 488 5089 bic
503 5048 536 5089 ec
551 5031 631 5089 modo
645 5033 699 5090 dici
714 5034 808 5104 potuit,
820 5033 877 5091 brec
887 5038 968 5107 sactu
1021 5045 1062 5092 est
1076 5045 1241 5108 assumptus,
1257 5041 1286 5092 ut
1300 5035 1366 5091 mibi
1380 5036 1415 5090 sit
1428 5033 1586 5098 advocatus,
1613 5040 1640 5088 et
1668 5031 1703 5087 ad
1734 5031 1825 5087 Deum

170 5121 215 5176 εει
226 5121 299 5186 mibi
315 5139 321 5178 ι
339 5129 467 5193 tanquam
479 5121 580 5178 dietum
593 5127 674 5188 esset,
706 5123 755 5180 boc
784 5126 895 5195 sactum
924 5129 967 5182 ast
1019 5133 1155 5198 precator.
1169 5125 1242 5180 Talis
1252 5134 1310 5181 erat
1321 5125 1366 5181 ille
1377 5124 1423 5197 qui
1433 5123 1676 5180 dicebatzdorum
1687 5123 1825 5191 ctorpen·

171 5209 253 5264 mibi.
269 5211 303 5264 lit
316 5211 465 5268 cstsensus
479 5208 532 5268 hcc
555 5210 627 5283 quod
655 5226 738 5284 supra
766 5209 835 5279 dixi,
864 5212 967 5270 scilicet
1023 5219 1083 5271 tum
1094 5231 1151 5273 otoo
1160 5217 1202 5271 εει
1212 5214 1296 5283 mibi,
1320 5213 1391 5287 qood
1408 5217 1505 5270 autem
1531 5209 1616 5268 habco
1632 5207 1682 5265 bac
1698 5205 1752 5264 tttt
1765 5207 1800 5264 do
1817 5223 1824 5260 :

172 5297 245 5366 quad
253 5311 359 5356 memor
372 5299 600 5371 [btcteaetodtot
615 5301 702 5373 legem
712 5305 801 5368 taam,
808 5303 968 5373 factumest
1020 5304 1183 5360 innomine
1198 5305 1264 5360 lesu
1281 5302 1394 5370 δινιειι,
1412 5317 1494 5374 carpe
1504 5301 1533 5358 ει
1546 5297 1661 5356 amicta
1672 5295 1746 5368 (Aet.
1770 5297 1825 5364 ur.)

171 5385 252 5454 mitt,
268 5384 297 5442 id
311 5394 353 5443 εει
367 5389 440 5462 qaod
454 5387 697 5461 custodirilegcm,
712 5403 767 5448 non
781 5405 830 5463 per
842 5406 887 5448 ma
905 5391 966 5462 leci,
1022 5389 1071 5449 vu
1085 5390 1119 5448 de
1133 5391 1261 5463 praesenti
1282 5397 1371 5463 potest
1401 5389 1488 5463 accipi
1505 5408 1513 5444 ε
1543 5383 1634 5445 Partis
1661 5398 1734 5442 mea.
1766 5381 1825 5440 lto-

207 5536 280 5606 (171)
294 5537 368 5616 Alia-q
378 5541 457 5622 νόμος
466 5541 516 5614 νὺξ.
