3878 6322
113 163 178 217 tell
437 155 689 214 cohaactsNaa
708 157 745 212 ΙΝ
763 153 871 211 aelst.
892 152 926 208 b.
947 151 1063 209 PAULI.
1082 185 1116 195 -
1131 155 1169 210 IN
1187 154 1241 210 ΕΡ.
1262 154 1273 209 l
1291 155 1339 209 ab
1358 150 1438 208 COR.
1692 151 1761 208 tcta

118 287 162 342 lie
176 290 332 342 estaovum
344 265 591 339 testamentorum
600 297 661 338 meo
671 280 820 350 sanquine.
831 277 953 348 QuasiA
967 277 1010 333 his
1024 293 1086 350 quse
1099 278 1234 348 uidentur,
1247 278 1312 350 quia
1324 275 1394 334 fides
1408 276 1556 333 nonhabet
1570 273 1760 343 meritumcui,

20 377 26 414 i
116 371 189 427 dicat
208 388 215 424 τ
232 370 261 424 ld
277 368 350 441 quod
365 368 484 423 eontinet
498 367 542 422 hic
556 367 626 424 cclix
642 373 684 422 esi
697 379 775 420 meus
790 362 914 436 sanguiS,
965 369 993 422 h,
1023 384 1046 423 r,
1076 383 1104 438 p.
1134 383 1167 423 ex
1193 366 1255 440 [sic]
1269 368 1303 422 Et
1335 383 1369 422 ne
1398 367 1558 422 abhorreret
1580 363 1675 420 oculus
1690 363 1763 436 quod

21 467 27 502 t
118 461 145 514 in
161 475 215 532 quo
230 456 316 514 ebuso
327 456 504 514 consumatur
513 472 613 512 novum
623 461 824 518 testamentum,
837 451 865 507 id
875 458 916 506 est
966 463 1070 512 teneret
1107 471 1213 523 manus,
1244 464 1270 512 et
1289 472 1323 511 ne
1356 455 1390 510 ab
1409 453 1559 512 incredulis
1578 453 1658 508 nobis
1673 450 1763 507 insul-

118 547 243 605 doetrina
256 545 424 617 evangelica,
447 545 512 617 quia
536 551 727 600 testamentum
746 543 774 597 in
801 539 917 596 mortuis
965 552 1088 612 teretur3
1117 545 1145 600 in
1186 546 1237 600 bac
1265 545 1336 599 enim
1362 543 1454 615 specie
1479 542 1588 607 tradidit
1603 540 1683 598 99
1698 539 1763 613 quia

119 635 304 693 confirmatur.
317 635 376 702 Vel,
389 644 430 689 est
440 640 750 698 noxumtestamentum,
759 631 786 686 id
795 637 837 686 est
846 644 917 685 noxa
966 651 1011 689 res
1024 635 1104 703 hujus
1127 633 1229 705 speciei
1256 648 1414 704 expressam
1442 632 1525 687 habet
1556 631 1762 688 similitudinem

20 735 26 770 t
118 725 265 797 promissio
277 740 332 780 non
347 723 514 794 temporalis,
531 722 579 778 sed
593 720 772 778 uterniboni.
790 721 820 774 ln
831 717 917 774 reteri
966 737 1029 778 cum
1043 731 1158 795 utraque
1172 739 1201 778 re
1214 722 1294 792 hujus
1310 720 1490 786 sacramenti,
1507 728 1634 776 contenta
1657 721 1762 778 scilicet

21 823 25 860 l
120 813 191 869 enim
206 813 268 885 lege
282 811 404 870 carneha
418 808 862 877 offerebantur,etearnaliaJnxta
874 807 918 860 lit-
966 820 993 868 et
1017 810 1178 882 significata,
1204 818 1231 865 et
1257 809 1411 882 significata
1435 817 1462 864 et
1483 825 1538 864 non
1553 817 1688 864 contenta.
1706 811 1761 866 Res

119 911 203 957 leram
218 901 453 973 promittebantur.
470 901 499 954 ln
515 914 587 954 novo
610 906 701 954 autem
714 896 760 952 ubi
788 895 917 952 sacerdos
966 907 1092 956 contenta
1120 907 1146 955 et
1170 897 1323 972 significata
1346 906 1389 954 est
1415 913 1481 955 caro
1505 897 1605 954 Christi
1622 897 1761 970 'quamde

120 1000 161 1046 est
176 991 295 1056 victima,
312 988 423 1046 coeleste
439 996 478 1044 est
493 986 698 1060 quodoliertur,
711 993 737 1042 et
752 985 863 1042 coeleste
876 992 917 1040 est
967 989 1079 1062 Virgine
1098 987 1187 1055 traxit,
1216 995 1243 1043 et
1266 987 1378 1060 sanguis
1405 1003 1488 1059 quem
1515 1003 1566 1058 pro
1590 986 1669 1044 nobis
1683 986 1761 1042 ludit.

120 1080 193 1152 quod
208 1078 384 1149 promittitur.
400 1079 603 1134 Testamentum
614 1076 687 1130 enim
697 1089 797 1130 novum
808 1073 852 1129 vel
866 1089 916 1128 xe·
966 1079 1020 1133 lies
1048 1085 1137 1133 autem
1157 1075 1320 1149 significata,
1350 1084 1376 1130 et
1403 1091 1458 1131 non
1487 1082 1613 1132 contenta
1638 1083 1679 1132 est
1699 1075 1763 1131 uni-

20 1183 24 1218 :
120 1177 173 1234 tus,
190 1167 271 1223 etiam
287 1168 314 1221 in
330 1181 407 1222 sacra
422 1165 522 1237 pagina
545 1164 687 1235 accipitur,
717 1163 774 1220 sive
794 1161 917 1217 doctrina
966 1175 1008 1222 tas
1024 1166 1155 1222 Ecclesiae
1181 1164 1208 1220 in
1222 1164 1421 1237 predestinatis
1442 1164 1556 1232 vocatis,
1570 1163 1723 1233 justificatis
1736 1172 1763 1220 et

119 1257 147 1311 in
163 1272 216 1328 qua
230 1255 382 1312 continetur
395 1255 550 1326 promissio,
568 1261 645 1308 vetus
660 1252 704 1309 vel
722 1267 834 1320 noxum,
859 1249 917 1304 sive
966 1253 1136 1328 glorificatis.
1162 1255 1227 1310 Haec
1254 1261 1297 1309 est
1330 1251 1430 1323 duplex
1457 1267 1522 1309 caro
1546 1251 1654 1308 Christi.
1684 1252 1763 1309 Unde

120 1345 179 1415 ipsa
193 1343 349 1416 promissio.
366 1344 401 1398 Et
429 1343 517 1398 dicit:
536 1342 762 1414 Quotiescunque
789 1339 914 1404 sumitis,
967 1343 1043 1399 Hier.
1058 1342 1094 1397 ait
1111 1360 1118 1396 ι
1134 1341 1284 1413 Dupliciter
1312 1341 1471 1414 intelligitur
1499 1356 1564 1396 caro
1592 1340 1702 1407 Christi,
1719 1341 1763 1397 vel

120 1435 208 1505 [acite
223 1434 355 1490 lumem
365 1431 669 1496 ⁶0mm⁶m0r⁰iidtwms
687 1429 715 1484 id
729 1436 771 1484 esi
781 1428 917 1483 inmemo-
966 1433 1010 1487 illa
1025 1447 1086 1504 quae
1100 1429 1228 1488 crucifixa
1242 1438 1284 1485 est
1305 1439 1332 1486 et
1346 1429 1460 1500 sepulta,
1477 1429 1522 1486 rel
1544 1429 1592 1484 illa
1615 1428 1762 1501 spiritualis

120 1522 188 1577 riam
202 1521 337 1593 passionis
351 1537 419 1576 meae
434 1526 461 1575 et
475 1518 579 1574 mortis.
596 1516 778 1592 [Ambrosius]
792 1514 917 1574 Ostendit
966 1529 1047 1593 atque
1066 1519 1156 1577 divina
1169 1520 1204 1575 do
1219 1534 1273 1591 qua
1287 1519 1346 1590 ipse
1369 1518 1434 1575 dicit
1451 1533 1457 1573 :
1476 1517 1545 1576 Cure
1562 1535 1626 1575 mec
1645 1533 1708 1574 vere
1722 1519 1763 1574 ei-

21 1613 22 1618 ’
120 1609 267 1681 Apostolus
282 1626 315 1664 ex
336 1609 379 1664 his
394 1607 483 1664 verbis
511 1606 670 1678 mysterium
686 1604 854 1662 eucharistiae
872 1603 916 1658 in·
925 1635 952 1694 B
966 1609 1016 1666 hux
1027 1611 1078 1675 ast,
1095 1611 1124 1665 et
1139 1609 1255 1680 sanquis
1273 1624 1353 1664 meus
1367 1623 1430 1664 vere
1446 1611 1488 1664 est
1502 1610 1585 1680 potus
1599 1609 1692 1677 (loen,
1709 1605 1760 1678 vr),

120 1707 162 1754 ter
177 1699 338 1756 coenandum
353 1697 520 1753 celebratum
534 1711 589 1750 non
608 1710 716 1751 coenanx
743 1710 814 1749 esse.
831 1692 916 1748 bledl-
966 1700 1000 1754 Et
1014 1697 1079 1753 item
1096 1715 1102 1752 :
1120 1697 1172 1766 Qui
1180 1696 1439 1753 manducaturam
1453 1711 1569 1752 (earnem
1583 1697 1614 1752 in
1628 1711 1674 1752 me
1696 1712 1761 1752 mu-

119 1787 181 1843 cina
199 1786 270 1842 enirn
287 1786 417 1857 spiritalis
432 1792 487 1851 est,
505 1799 642 1856 quaecum
659 1782 813 1839 reverentia
827 1781 916 1853 degu—
966 1791 1015 1843 net
1027 1790 1055 1842 et
1066 1803 1114 1858 epo
1127 1788 1160 1842 iu
1174 1801 1215 1854 eo,
1232 1785 1333 1855 (ἰωὰ).
1351 1785 1419 1840 Sunt
1432 1784 1523 1856 itaque
1538 1783 1633 1856 triefin
1649 1785 1702 1841 hoc
1720 1799 1763 1840 sa·

121 1884 190 1931 sicia
204 1874 329 1947 purificat
343 1875 395 1930 Sibi
407 1874 546 1939 devotum,
559 1881 585 1928 ei
599 1872 733 1930 m0m01'i8
747 1879 789 1927 esi
815 1877 916 1926 nosirae
966 1882 1107 1932 cremento
1130 1873 1339 1942 consideranda,
1354 1889 1438 1928 unum
1453 1873 1644 1945 quoditantum
1658 1879 1700 1928 cst
1713 1887 1760 1928 sa·

21 1989 24 2024 x
121 1964 327 2035 redemptionis,
344 1971 373 2019 ut
388 1962 578 2034 Redemptoris
593 1961 680 2018 nostri
694 1975 840 2025 memores,
856 1975 916 2014 nra·
966 1971 1142 2029 crementum,
1158 1962 1274 2018 alterum
1286 1962 1358 2034 quod
1373 1969 1415 2018 est
1429 1969 1627 2018 sacramentum
1655 1969 1681 2017 et
1703 1977 1759 2032 res,

119 2055 181 2124 j0ra
196 2054 230 2108 ab
245 2069 279 2109 eo
300 2051 432 2124 consequi
453 2066 618 2106 mereamur.
645 2051 678 2105 Et
700 2050 763 2122 quic
782 2049 809 2103 in
830 2055 917 2104 morte
966 2053 1076 2109 tertium
1085 2051 1159 2124 quod
1169 2067 1216 2106 res
1225 2059 1253 2122 et
1262 2066 1315 2106 non
1332 2057 1543 2107 sacramentum.
1557 2051 1764 2109 Sacramentum

123 2142 223 2198 Christi
238 2141 346 2197 liberati
361 2156 466 2209 sumus,
480 2139 561 2208 hujus
578 2139 606 2193 in
628 2138 736 2194 edendo
749 2145 776 2193 et
799 2136 917 2192 bibendo
967 2151 993 2197 et
1008 2157 1063 2198 non
1079 2157 1124 2197 res
1139 2148 1181 2196 est
1203 2139 1310 2220 species
1334 2139 1450 2196 risibilis
1472 2139 1551 2211 panis
1565 2140 1609 2196 rel
1627 2139 1693 2196 vini.
1710 2140 1763 2196 Sa-

21 2297 22 2301 ,
122 2247 233 2287 carnem
249 2238 276 2286 et
299 2229 460 2300 sanguinem
480 2243 614 2284 memores
642 2243 703 2282 esse
726 2226 872 2292 debemus,
889 2226 918 2280 in
967 2237 1136 2286 crementum
1151 2235 1177 2284 et
1191 2245 1245 2296 res,
1262 2243 1327 2285 caro
1349 2227 1450 2284 Christi
1472 2228 1583 2301 propria
1597 2236 1624 2284 et
1638 2228 1761 2302 sanguis.

21 2381 24 2388 ,
122 2321 174 2376 hoc
189 2319 330 2376 consecuti
356 2333 457 2373 noxum
471 2323 659 2372 testamentum
670 2355 678 2384 ,
695 2316 768 2386 quod
789 2321 831 2370 est
845 2329 918 2369 nova
968 2320 1022 2374 Res
1036 2325 1062 2375 et
1076 2333 1131 2373 non
1146 2324 1345 2388 sacramentum
1360 2316 1529 2388 estmystica
1558 2315 1658 2372 Christi
1685 2331 1761 2374 caro.

21 2407 22 2416 ¹
122 2412 178 2474 ¹2¹,
191 2425 250 2480 [11¹ae
264 2398 437 2463 Obetfieniem
453 2405 505 2461 Sibi
527 2405 608 2460 tradit
629 2404 787 2461 coelestibus
814 2402 915 2476 regnis·
967 2409 1053 2464 Porro
1065 2411 1172 2478 species
1186 2406 1232 2461 illa
1247 2405 1362 2461 risibilis
1376 2413 1575 2462 sacramentum
1589 2412 1631 2462 est
1647 2406 1764 2478 geminae

22 2474 23 2493 ¹
122 2499 323 2552 Testamentum
340 2511 407 2568 ergo
430 2495 563 2566 sanguine
591 2493 764 2550 constitutum
780 2499 830 2560 est,
856 2490 918 2563 quia
967 2496 1016 2565 rei,
1033 2502 1167 2552 contentae
1190 2494 1293 2551 scilicet
1306 2502 1333 2549 et
1361 2491 1529 2568 significatae.
1561 2495 1765 2552 Sacramentum

122 2584 247 2641 beneficii
261 2585 345 2641 divini
360 2583 472 2657 sanguis
488 2583 563 2638 testis
578 2591 627 2638 est.
642 2582 718 2638 Unde
732 2582 766 2636 ad
776 2580 918 2636 tuitionem
967 2601 1034 2641 xero
1049 2591 1091 2639 est
1101 2599 1188 2640 sacrae
1202 2583 1243 2640 rei
1257 2583 1376 2656 signum,
1393 2591 1420 2639 et
1435 2583 1542 2654 species
1561 2583 1607 2638 illa
1620 2590 1765 2656 utramque

21 2653 24 2748 f
122 2673 245 2745 corporis
268 2682 295 2728 et
318 2672 415 2728 anime
435 2672 618 2743 percipimus,
635 2671 698 2742 quia
726 2685 792 2727 caro
819 2669 918 2725 Christi
967 2689 1025 2730 rent
1042 2671 1189 2746 significat,
1205 2680 1232 2728 et
1245 2671 1388 2744 utriusque
1413 2671 1453 2728 rei
1468 2671 1540 2744 gerit
1553 2688 1710 2744 expressam
1724 2671 1765 2728 si-

123 2778 174 2834 pro
189 2762 275 2817 salute
289 2760 422 2832 corporis,
440 2761 552 2832 sanguis
566 2775 633 2815 xero
647 2775 696 2830 pro
720 2758 809 2813 anima
823 2765 918 2814 nostra
968 2761 1157 2819 militudinem.
1172 2762 1242 2817 Nam
1257 2761 1327 2819 sicut
1336 2760 1414 2833 panis
1428 2777 1486 2832 prae
1500 2761 1606 2818 caeteris
1617 2761 1685 2818 cibis
1700 2776 1765 2818 ccr-

20 2840 22 2868 ³
124 2851 250 2906 sumitur.
266 2851 299 2904 Et
314 2847 415 2906 effusus
430 2856 472 2903 est
486 2846 749 2918 sicutpraeliguravit
766 2847 865 2912 bioses,
878 2847 919 2900 di·
968 2867 1019 2922 pus
1034 2849 1119 2906 reiicit
1133 2857 1160 2905 et
1174 2857 1305 2905 sustentat
1320 2858 1346 2906 et
1360 2850 1454 2905 vinum
1482 2849 1619 2906 hominem
1648 2849 1765 2907 laetificat

123 2955 189 2996 cens
202 2954 208 2993 :
221 2938 301 3005 Caro,
313 2937 409 3009 inquit,
419 2951 591 3009 proserpere
600 2939 694 2992 nostre
704 2934 919 3005 offertum-sca-
968 2947 1048 3011 atquc
1062 2938 1188 3005 inebriat,
1203 2938 1242 2993 sic
1257 2952 1323 2994 caro
1338 2937 1436 2992 Christi
1451 2937 1608 2994 interiorem
1624 2938 1763 2994 hominem

21 3049 23 3086 :
123 3029 316 3101 puisaeropro
331 3026 519 3094 ocimoides.
535 3023 748 3096 xxxx).ldeoque
763 3037 817 3077 non
838 3037 918 3076 mun·
969 3026 1059 3100 magis
1074 3025 1180 3082 caeteris
1195 3025 1291 3098 gratiis
1315 3024 1490 3096 spiritualiter
1504 3025 1590 3082 reiicit
1603 3033 1630 3081 et
1649 3025 1764 3100 saginat,

124 3115 279 3173 ducendum
285 3130 352 3170 esse
367 3113 530 3187 sanguinem
548 3113 591 3169 lex
612 3111 743 3184 praecipit.
759 3112 794 3166 Et
808 3111 869 3182 quia
884 3110 918 3166 de
970 3129 1051 3188 quem
1062 3123 1089 3169 et
1103 3113 1214 3186 sanguis
1225 3113 1400 3186 spiritualiter
1409 3111 1535 3183 laetificat,
1548 3123 1574 3170 et
1588 3114 1628 3171 sic
1638 3113 1762 3183 inebriat,

123 3220 236 3277 corpore
250 3202 359 3259 Domini
379 3201 486 3273 plenior
499 3201 543 3258 hic
562 3208 694 3258 tractatus
708 3199 835 3269 occurrit,
852 3199 917 3254 bre·
969 3212 997 3260 ut
1025 3204 1145 3260 sobrium
1173 3203 1279 3259 reddat.
1298 3203 1376 3260 Unde
1393 3216 1399 3257 :
1417 3203 1499 3259 Gallu
1521 3207 1586 3260 tuus
1608 3204 1763 3274 inebrians,

122 3293 191 3348 viter
216 3308 277 3364 qnae
305 3291 338 3347 de
367 3297 540 3347 sacramento
572 3289 695 3361 corporis
722 3297 748 3344 et
778 3287 919 3362 sanguinis
970 3309 1054 3366 qaam
1079 3293 1236 3365 praeclarus
1261 3295 1304 3348 est
1331 3291 1420 3364 (Paul.
1450 3293 1534 3364 xxxx).
1573 3293 1661 3349 Habet
1685 3292 1766 3349 etiam

124 3380 236 3439 scienda
250 3387 312 3434 sunt
327 3378 478 3436 videamus.
970 3380 1173 3437 similitudinem
1201 3396 1264 3437 cum
1288 3396 1318 3437 re
1347 3379 1500 3454 significata
1515 3389 1632 3447 tantum,
1649 3388 1767 3455 quaest

159 3471 251 3542 ltaque
280 3468 413 3524 Dominus
434 3475 527 3523 noster
553 3467 633 3522 Jesus
660 3465 785 3522 Christus
811 3465 846 3521 de
867 3464 920 3520 hoc
970 3470 1058 3526 unius
1086 3467 1225 3539 fidelium,
1243 3469 1308 3542 quia
1337 3469 1405 3526 sicut
1432 3487 1465 3526 ex
1479 3470 1572 3526 multis
1587 3471 1681 3544 grams
1697 3486 1768 3528 con-

124 3559 225 3614 mundo
239 3558 274 3613 ad
288 3556 434 3613 invisibilia
453 3564 564 3612 aeiet'nae
580 3555 730 3625 ntitjesltllis
756 3554 919 3609 lransilurtls
969 3558 1057 3615 ficiiul'
1070 3575 1141 3614 unus
1151 3558 1238 3630 panis,
1259 3566 1334 3614 etex
1358 3559 1479 3629 pluribus
1507 3559 1593 3616 acinis
1616 3560 1709 3615 vinum
1738 3559 1766 3616 in

123 3649 262 3705 celebrato
277 3654 448 3703 sacramento
463 3646 563 3703 veteris
578 3645 704 3712 Paschae,
727 3642 919 3715 posttypicum
969 3663 1053 3703 unum
1081 3646 1209 3715 confluit,
1226 3645 1266 3704 sic
1294 3663 1327 3702 ex
1364 3647 1455 3702 multis
1492 3646 1767 3720 fideliumlgpersonis

123 3753 224 3810 agnum
241 3737 268 3791 in
282 3735 376 3792 ultimo
390 3750 490 3806 corpus
505 3741 622 3789 suamet
637 3733 800 3806 sanguinem
813 3732 843 3786 in
857 3746 920 3802 spe·
970 3737 1060 3792 unitas
1076 3735 1207 3792 Ecclesiae
1229 3743 1345 3803 constat,
1362 3736 1439 3806 cujus
1453 3735 1536 3792 etiam
1565 3743 1766 3793 sacramentum

20 3859 26 3894 ι,
120 3827 162 3882 cie
176 3826 263 3898 panis,
280 3825 334 3880 vini
352 3823 464 3879 tradidit
478 3821 630 3894 discipulis.
644 3821 695 3878 Ubi
705 3820 850 3894 diligenter
862 3819 920 3874 ani·
970 3832 1010 3882 ext
1024 3839 1124 3896 corpus
1138 3824 1235 3879 christi
1250 3825 1390 3895 propr-ium
1411 3825 1484 3897 quod
1504 3825 1537 3881 de
1552 3824 1665 3898 Virgine
1692 3842 1766 3881 sum.

122 3913 347 3970 medrertendum
362 3920 404 3968 est
417 3928 501 3984 quare
516 3920 578 3983 post
593 3910 674 3983 typici
685 3910 750 3983 agni
760 3925 919 3966 sacramen·
970 3914 1039 3985 psit;
1062 3913 1125 3985 quia
1149 3913 1219 3969 sicut
1246 3929 1345 3985 corpus
1370 3912 1469 3969 Christi
1497 3931 1530 3970 ex
1557 3913 1648 3970 multis
1674 3931 1765 3972 mem-

20 4039 25 4072 ,
121 4013 179 4060 tum
195 4003 236 4058 sui
251 4001 374 4074 corporis
397 4009 425 4056 et
449 4000 591 4073 sanguinis
620 4007 820 4057 sacramentum
844 3998 920 4053 dedit
970 4002 1028 4057 bris
1040 4002 1116 4074 puris
1139 4009 1166 4057 et
1184 4002 1219 4057 ab
1251 4001 1326 4057 omni
1353 4002 1459 4059 macula
1474 4003 1580 4074 peccati
1598 4003 1765 4060 immunibus

20 4135 26 4164 ,
122 4092 263 4164 apostolis,
281 4099 307 4146 et
322 4106 406 4163 quare
421 4090 471 4145 sub
487 4089 540 4145 alia
550 4089 656 4160 specie;
677 4096 704 4144 et
718 4104 778 4145 cum
789 4087 840 4143 sub
854 4087 918 4155 alia,
970 4098 1084 4157 constat,
1101 4090 1136 4145 ita
1150 4098 1178 4146 et
1192 4091 1282 4146 unitas
1305 4091 1493 4148 ecclesiastica
1508 4107 1540 4148 ex
1554 4093 1645 4148 multis
1669 4107 1765 4165 perso·

21 4221 26 4252 ,
123 4197 210 4253 quare
223 4181 313 4252 petius
327 4179 455 4246 subista;
478 4185 505 4233 et
523 4194 585 4234 cum
601 4178 651 4233 sub
675 4177 741 4244 ista,
767 4192 851 4249 quare
868 4175 919 4230 sub
969 4179 1012 4234 nis
1026 4178 1136 4235 mundis
1157 4186 1184 4234 et
1212 4179 1394 4237 immaculatis
1413 4180 1546 4238 consistit.
1563 4183 1593 4237 ln
1622 4182 1698 4252 cuius
1726 4181 1765 4239 rei

22 4316 27 4340 ,
122 4269 233 4341 duplici.
249 4267 354 4324 Deinde
369 4283 455 4340 quare
470 4283 541 4340 aqua
562 4267 754 4336 admisceatur,
774 4273 836 4337 post
855 4264 919 4336 quid
970 4275 1034 4340 typo
1050 4267 1122 4324 iacta
1151 4275 1192 4324 est
1216 4283 1280 4325 arca
1300 4269 1408 4325 Domini
1428 4271 1462 4326 de
1475 4269 1558 4344 lignis
1585 4271 1686 4343 techni,
1703 4287 1765 4342 quae

124 4357 233 4414 abonis
248 4366 274 4414 et
289 4357 353 4429 quid
368 4374 384 4411 a
397 4356 477 4412 malis
495 4363 634 4424 sumatur;
650 4355 749 4411 deinde
758 4371 819 4426 quae
828 4353 918 4408 ibivi·
933 4347 1033 4412 Dsunt
1047 4355 1223 4428 imputribilia
1238 4365 1265 4412 et
1278 4357 1348 4414 albae
1359 4357 1443 4430 spinae
1458 4358 1565 4414 similia.
1588 4359 1663 4416 Ecce
1679 4373 1764 4432 quare

123 4448 223 4503 dentur
237 4462 299 4504 esse
313 4445 358 4502 vel
372 4444 441 4516 fieri,
460 4454 552 4501 utrum
567 4460 630 4501 vere
650 4444 704 4499 sint
722 4443 766 4499 vel
781 4459 847 4500 non.
969 4444 997 4500 in
1020 4447 1070 4501 hac
1094 4445 1185 4516 specie
1199 4445 1283 4502 dedit.
1299 4448 1368 4503 Cum
1382 4454 1472 4503 autera
1488 4455 1559 4503 totus
1575 4446 1699 4503 Christus
1713 4447 1765 4503 sub

21 4591 28 4614 ‚
159 4536 305 4593 Sciendum
338 4535 420 4607 igitur
438 4535 511 4605 ideo,
545 4542 607 4606 post
645 4532 810 4590 celebratum
841 4537 920 4587 vetus
970 4533 1061 4606 specie
1075 4533 1165 4605 panis,
1181 4542 1251 4591 totus
1265 4535 1315 4590 sub
1330 4535 1422 4606 specie
1436 4535 1492 4591 vini
1507 4544 1765 4604 sumatur‚curnon

20 4653 26 4704 3
123 4626 237 4692 Pascha,
252 4623 398 4680 Dominum
414 4639 514 4695 corpus
528 4631 555 4678 et
579 4622 740 4695 sanguinem
763 4637 842 4676 suum
870 4620 920 4675 de·
970 4623 998 4678 in
1013 4636 1077 4689 una,
1098 4623 1146 4679 sed
1161 4623 1189 4678 in
1203 4624 1308 4679 duabus
1330 4623 1429 4680 dediti
1442 4623 1549 4698 ldeolut
1563 4623 1766 4698 [ostenderetur

20 4719 21 4724 ’
124 4714 199 4770 disse
213 4713 363 4785 discipulis,
379 4722 408 4769 ut
437 4713 593 4769 estenderet
621 4710 722 4768 veteris
743 4710 813 4782 legis
826 4724 919 4765 sacra·
970 4711 1093 4767 Christus
1120 4719 1205 4768 totam
1226 4713 1374 4767 humanam
1397 4720 1533 4780 naturam,
1550 4713 1576 4768 id
1591 4713 1765 4786 estJanimam

20 4847 26 4860 .
123 4812 214 4859 menta
228 4809 366 4858 cessatura
380 4803 449 4857 inter
462 4817 523 4874 quae
538 4800 702 4872 precipuum
722 4808 780 4854 erat
793 4798 857 4872 agni
872 4813 920 4869 pa·
971 4809 997 4856 et
1029 4816 1130 4872 corpus
1158 4801 1355 4872 assumpsisse,
1372 4809 1401 4857 ut
1428 4809 1573 4875 utrumque
1601 4801 1763 4860 redimeret.

21 4934 26 4950 .
124 4892 222 4949 scholis
237 4899 446 4958 sacramentum,
463 4899 489 4945 et
499 4905 577 4945 noxae
592 4889 661 4960 legis
670 4895 838 4944 sacramenta
846 4886 921 4942 insti·
971 4889 1053 4946 Panis
1067 4889 1140 4945 enim
1154 4891 1188 4944 ed
1211 4905 1308 4961 corpus
1327 4890 1453 4958 refertur,
1471 4890 1563 4948 vinum
1576 4892 1612 4948 ad
1634 4892 1762 4964 animam,

21 4987 25 5038 ’,
123 4981 223 5037 tuenda
236 4980 307 5035 inter
320 4995 382 5051 quae
403 4977 510 5034 excellit
524 4977 659 5034 Dominici
682 4976 807 5048 corporis
826 4991 920 5032 sacra*
970 4978 1034 5052 quia
1047 4977 1280 5050 viaumoperatur
1294 4979 1463 5052 sanguinem,
1480 4980 1507 5062 in
1532 4997 1586 5054 quc
1605 4982 1685 5038 sedes
1709 4981 1766 5037 ani·

20 5111 27 5156 t
122 5077 254 5126 mentum.
269 5068 388 5138 ideoque
403 5068 484 5122 etiam
499 5074 562 5138 post
576 5065 629 5121 alia
643 5066 727 5134 dedit,
744 5065 920 5121 utmemoriae
969 5083 1021 5122 mae
1035 5083 1052 5122 a
1066 5066 1186 5138 physicis
1210 5083 1272 5123 esse
1285 5067 1394 5124 dicitur.
1410 5069 1475 5125 Ideo
1505 5085 1572 5142 ergo
1592 5071 1621 5127 in
1658 5069 1764 5127 duabus

124 5157 318 5230 discipulorum
345 5155 467 5214 tenacius
494 5154 660 5228 infigeretur,
690 5163 717 5210 et
739 5154 774 5210 ab
797 5154 920 5210 Ecclesia
970 5155 1115 5227 speciebus
1136 5155 1287 5212 celebratur
1320 5158 1372 5214 hoc
1399 5167 1608 5227 sacramentum,
1626 5167 1654 5215 ut
1667 5159 1766 5217 animas

123 5249 253 5319 deinceps
275 5246 499 5320 frequentaretur.
521 5245 577 5301 Sub
601 5244 653 5300 alia
671 5259 737 5301 xero
753 5243 844 5316 specie
858 5243 920 5299 ideo
970 5252 996 5300 et
1011 5245 1103 5300 carnis
1117 5245 1253 5317 susceptio
1263 5246 1292 5300 in
1306 5245 1424 5313 Christo,
1441 5254 1467 5302 et
1476 5247 1617 5320 utriusque
1641 5248 1765 5306 liberatio

20 5325 23 5404 ζ
123 5337 242 5407 tradidit,
263 5344 290 5393 et
313 5353 329 5391 a
355 5334 481 5391 fidelibus
509 5334 639 5405 deinceps
654 5332 816 5390 sumendum
839 5331 920 5389 insti·
970 5332 1090 5389 innubis
1106 5332 1283 5418 significetur.
1305 5335 1369 5391 ideo
1390 5351 1457 5392 xero
1480 5336 1626 5410 apponitur
1638 5353 1720 5414 aqua,
1735 5346 1766 5397 ιιι

124 5425 189 5498 tuit,
212 5433 240 5483 ut
264 5425 333 5484 tides
352 5425 466 5482 haberet
493 5421 622 5483 mentun
645 5439 707 5498 quas
730 5437 787 5481 non
818 5429 860 5481 est
886 5422 920 5481 de
970 5422 1127 5481 ostendatur
1136 5429 1228 5482 nostra
1240 5423 1393 5498 redemptio
1407 5421 1478 5483 tacu
1498 5441 1549 5498 per
1578 5424 1678 5487 Christi
1699 5441 1767 5506 pas·

229 5632 348 5689 meot.
370 5629 462 5690 CXCl.
873 5695 878 5700 ,
1628 5637 1662 5694 52

752 6073 1760 6208 υ
