3870 6064
193 205 259 260 att«
614 207 617 212 '
885 197 988 254 PETRI
1011 194 1199 252 toritatem.
1789 199 1841 252 352

230 329 309 386 *14
324 328 408 383 Vans.
427 330 469 382 13.
482 356 517 367 -
533 325 708 398 ‹Surgentes
721 331 805 380 testes
819 321 914 396 iniqui,
931 337 991 393 qua
1004 321 1067 382 Aet
1096 320 1192 375 Petrus
1220 319 1266 392 qui
1294 335 1323 375 se
1349 333 1437 392 usque
1465 320 1497 374 ad
1526 327 1641 376 mortem
1675 333 1841 391 persevera·

195 416 385 487 «ignorabam
399 415 605 487 interrogabant
620 429 673 468 me.
694 436 705 461 n
1040 415 1131 462 turum
1149 407 1322 480 promiserat,
1345 408 1402 477 jam
1423 415 1465 464 ter
1489 415 1662 481 negaverat:
1689 407 1734 463 uix
1758 408 1839 462 inve-

229 505 380 576 Serpentes
387 503 579 575 tastasioiqui.
587 499 826 582 [Cassiodlilictis
835 497 990 562 calamitati·
1039 496 1079 551 nit
1093 512 1177 550 unum
1191 495 1325 552 latronem
1341 511 1421 568 quern
1436 496 1560 552 incruce
1570 495 1702 570 gustavit.
1716 496 1839 568 Ideoque

192 593 243 648 bus
257 591 384 658 hominis,
399 606 434 646 ne
448 589 508 662 ipse
522 590 647 646 Christus
663 590 698 644 ab
711 587 754 644 bis
773 587 880 644 alienus
893 585 989 642 videa·
1039 583 1068 639 in
1083 585 1163 654 hujus
1177 583 1218 639 rei
1231 583 1362 640 memoria
1376 583 1514 656 passionis
1526 584 1571 640 die
1590 583 1772 640 arctissimum
1795 585 1840 653 je·

192 687 245 746 tur,
262 678 418 752 passionem
432 693 511 734 suam
525 677 644 749 exponit,
661 677 738 749 quasi
752 675 826 732 dicat
842 691 848 730 ε
864 674 924 730 Non
934 688 991 729 mo
1037 671 1143 741 junium
1166 672 1294 727 observat
1316 679 1410 728 sancta
1430 671 1567 728 Ecclesia.
1589 672 1624 727 at
1651 673 1742 729 oratio
1765 688 1839 736 mcc,

193 767 230 823 do
244 766 289 822 alii
303 765 469 823 calamitates
483 765 559 838 passi
579 773 652 833 sunt,
678 764 727 820 sed
750 763 832 819 etiam
846 777 907 834 ego,
929 761 991 833 quia
1041 759 1120 832 quasi
1141 759 1210 814 dieat
1232 777 1239 813 :
1265 759 1445 814 Hurniliabam
1469 776 1512 815 me
1537 759 1565 814 in
1586 759 1689 829 jejunio
1710 765 1736 814 et
1759 760 1840 815 etiarn

194 857 350 926 carpentas,
368 853 444 926 quasi
453 853 542 909 subito
558 861 585 908 ει
594 851 772 908 immoderate
792 849 989 922 testestmtput,
1042 847 1164 915 orabam,
1179 855 1205 902 et
1220 847 1306 903 oratio
1320 862 1381 902 mea
1395 852 1575 905 convertetur
1586 850 1618 904 im
1631 849 1699 904 sino
1718 863 1780 930 mco
1796 846 1841 905 rel

194 941 289 1014 iniqui,
306 941 368 1014 quia
386 949 480 997 contra
500 957 608 1012 aequum
629 941 808 1006 testabantur,
830 939 990 1009 interropc·
1041 951 1143 1001 meum,
1159 934 1252 1009 [Aug]
1266 935 1294 992 id
1309 942 1350 992 est
1363 950 1419 992 non
1431 935 1514 990 aliurn
1529 936 1650 1002 orabam,
1667 950 1748 1008 quarn
1763 934 1839 990 illum

198 1031 267 1087 boot
280 1046 335 1097 mc,
352 1045 407 1085 non
421 1029 618 1086 convincebant
633 1045 675 1094 aa,
688 1028 792 1085 scilicet
807 1042 868 1100 qum
881 1026 992 1098 tonora·
1042 1023 1088 1096 qui
1101 1023 1167 1078 mibi
1181 1023 1362 1094 personaliter
1372 1023 1522 1092 unitusest,
1533 1023 1599 1080 dicit
1608 1023 1731 1080 Christus
1741 1039 1839 1080 secun-

197 1117 261 1174 bcm
275 1125 346 1186 actu,
358 1116 787 1189 peccatasunteaquaechristus
804 1113 991 1187 ignoravitia·
1042 1112 1106 1167 dum
1121 1111 1194 1184 quod
1209 1113 1300 1178 homo,
1317 1111 1465 1167 secundum
1481 1112 1554 1183 quod
1576 1118 1660 1176 orat;
1682 1110 1731 1166 sed
1753 1111 1842 1166 oratio

195 1221 268 1271 cere,
283 1205 352 1261 sicut
366 1221 418 1260 usu
432 1204 529 1261 dicitur
541 1205 575 1261 de
588 1204 680 1276 aliquo
696 1222 703 1259 ι
725 1203 786 1259 Non
809 1202 884 1258 novit
905 1200 991 1256 hene·
1043 1199 1078 1254 ad
1092 1199 1180 1254 sinum
1196 1198 1371 1266 convertitur,
1389 1199 1468 1255 idest
1483 1199 1516 1253 ad
1531 1199 1644 1255 verbum
1659 1198 1687 1253 in
1701 1215 1755 1270 qao
1780 1207 1842 1254 erat

192 1291 294 1358 iacere,
311 1292 374 1364 quia
384 1309 439 1348 non
449 1290 583 1350 benefacit
591 1291 684 1365 [Aug]
699 1292 779 1346 itaet
796 1289 930 1357 Christus,
946 1287 993 1360 qui
1042 1281 1134 1337 Patet·-
1155 1281 1236 1336 Sinus
1251 1280 1323 1336 enim
1338 1289 1378 1337 est
1393 1288 1529 1337 secretum
1544 1281 1571 1336 in
1595 1297 1649 1352 quo
1664 1296 1746 1342 orare
1758 1280 1842 1349 iube·

195 1388 236 1436 est
243 1381 369 1452 cognitor
379 1380 550 1452 iniquitatum
560 1379 748 1452 quasindicat,
756 1377 857 1434 dicitur
865 1377 991 1450 ignorare
1042 1385 1114 1439 mur,
1129 1368 1176 1423 ttbi
1191 1369 1277 1425 oravit
1290 1369 1415 1425 Susanna
1430 1369 1514 1440 (Dan.
1534 1369 1607 1440 xttt).
1620 1369 1759 1425 Secretum
1773 1383 1842 1423 vero

192 1475 343 1540 peccatum,
361 1483 415 1522 non
431 1468 509 1542 quasi
523 1483 579 1526 non
593 1467 721 1532 videndo,
734 1473 760 1522 et
770 1481 824 1521 non
831 1462 990 1536 judicando,
1042 1455 1141 1512 Christi
1156 1463 1196 1512 ast
1212 1456 1341 1514 divinitas
1354 1457 1389 1512 ad
1403 1465 1557 1528 quamorat
1570 1455 1840 1528 humanitas.[1lug].

195 1554 519 1612 sednoncommiuendo.
531 1555 705 1612 adonumest
714 1553 928 1620 extimationem,
940 1560 993 1608 ets
1043 1544 1167 1600 Christus
1182 1545 1255 1600 enim
1270 1542 1419 1602 seeundum
1433 1545 1505 1617 quod
1520 1544 1640 1600 Verbum
1650 1551 1691 1600 est
1700 1559 1756 1600 non
1770 1552 1840 1609 orat,

194 1644 361 1700 conscientia
376 1643 444 1714 ejas.
459 1645 494 1700 Et
508 1643 570 1702 ideo
578 1643 653 1711 dicit,
664 1641 834 1715 ignorabam,
846 1656 899 1714 quo
911 1639 992 1696 modo
1009 1632 1091 1734 Bsed
1107 1631 1224 1689 exaudit.
1241 1633 1276 1688 Et
1289 1649 1344 1688 non
1360 1633 1411 1688 sibi
1427 1632 1572 1688 subvenire
1586 1632 1691 1704 quaerit,
1715 1631 1764 1687 sed
1778 1647 1842 1689 ont-

193 1747 236 1787 ars
251 1732 348 1789 dicitur
361 1731 469 1790 nescire
482 1731 585 1800 uitium,
602 1731 674 1803 quod
690 1739 780 1786 tamen
794 1737 991 1801 perartemoo-
1048 1720 1127 1776 nibus
1142 1720 1265 1778 subvenit
1280 1736 1341 1777 cum
1357 1720 1445 1776 Patre.
1461 1719 1494 1776 Et
1504 1727 1555 1790 εει,
1571 1718 1656 1775 oratio
1672 1719 1770 1776 meain
1780 1720 1842 1775 sinu

193 1820 300 1892 gnitum
306 1819 451 1887 devitatur,
461 1820 526 1876 Ideo
532 1819 585 1875 ait:
597 1818 664 1890 Quae
672 1818 833 1892 ignorabam
842 1818 992 1890 interroga.
1039 1823 1102 1864 meo
1117 1815 1302 1876 convertetur,
1318 1809 1346 1863 id
1360 1814 1402 1864 est
1415 1808 1443 1862 in
1458 1823 1501 1863 ma
1516 1807 1576 1878 ipso
1591 1808 1673 1862 homo
1685 1807 1842 1878 interpellat

193 1909 258 1964 bant
271 1924 324 1974 me,
342 1909 421 1980 quasi
430 1907 502 1966 dicat
517 1908 576 1964 :De
585 1906 771 1979 iniquitatibus
785 1905 990 1980 interrogabant
1041 1895 1221 1952 divinitatem·
1233 1895 1676 1964 Vel,0ffl110m⁸⁸001¹t10¹⁸101ssti¹²
1691 1895 1840 1962 Sinumwt

194 1995 569 2062 mecumvincerevolebant,
582 1994 693 2052 sednon
702 2002 839 2066 poterant,
851 1993 906 2067 [Gi.
918 1992 992 2066 [int]
1042 1982 1095 2051 tel,
1111 1985 1226 2040 terbum
1242 1999 1343 2052 meum,
1361 1983 1418 2056 [ffl-
1431 1982 1525 2056 instit
1535 1991 1639 2040 ⁰Sl1¹0¹1
1658 1983 1779 2054 ttffldetil
1789 1984 1842 2039 nisi

195 2085 259 2161 quia
271 2099 325 2157 ego
339 2099 399 2140 sum
414 2099 460 2140 aps
479 2084 547 2157 ipsa,
570 2083 597 2139 in
622 2098 676 2156 qua
698 2083 814 2155 quisque
834 2097 889 2140 non
912 2081 992 2138 discit
1042 2072 1084 2126 llis
1097 2071 1143 2143 qui
1159 2079 1221 2127 sunl
1235 2071 1433 2143 pt‘aedesllnall,
1450 2071 1495 2143 qul
1510 2079 1573 2126 sunl
1582 2071 1730 2127 familiares
1744 2071 1839 2134 futuri,

194 2173 247 2229 nisi
259 2174 349 2231 sapere
362 2172 473 2230 bonum,
489 2173 524 2229 Et
537 2185 600 2230 eum
615 2173 751 2228 venissem
770 2171 876 2228 salvare
891 2187 939 2228 eos
966 2178 992 2226 et
1041 2166 1069 2215 et
1082 2159 1152 2227 salli,
1168 2159 1196 2214 in
1210 2159 1270 2215 sinu
1286 2167 1387 2217 santilae
1400 2158 1541 2219 Ecclediae.
1553 2174 1570 2214 a
1584 2174 1639 2231 quo
1654 2159 1775 2215 exierant
1797 2159 1840 2215 le-

195 2275 335 2318 ourassem
350 2259 473 2318 infirmos
492 2276 584 2318 eorum
599 2275 648 2333 pro
662 2259 695 2316 iis
710 2259 789 2316 bonis
1041 2248 1115 2319 prosi
1128 2247 1203 2314 iacti,
1223 2255 1253 2304 ut
1267 2263 1364 2303 manus
1380 2247 1476 2318 lloysi,
1492 2263 1553 2319 quse
1563 2255 1641 2302 extra
1650 2247 1739 2302 sinum
1754 2262 1841 2319 appa-

228 2376 314 2434 γης,
331 2379 374 2433 ῃ,
387 2399 446 2429 ,Ἷ
462 2375 657 2433 Retfibuebffl
670 2373 737 2430 mihi
750 2374 823 2429 mala
837 2389 887 2445 pro
902 2373 990 2442 bonis,
1041 2336 1122 2392 rebat
1134 2335 1254 2407 leprosa,
1271 2351 1335 2391 sana
1349 2335 1378 2390 in
1387 2335 1448 2390 sinu
1463 2341 1504 2392 est
1518 2333 1588 2391 lacta
1602 2334 1703 2404 (licod.
1720 2336 1768 2404 tv).

197 2485 207 2517 ι
226 2465 395 2522 sterilitatem
409 2465 508 2522 animae
524 2480 602 2521 meae.
621 2483 632 2514 ι

230 2553 430 2612 Retribuebant
442 2553 515 2610 mibi
523 2554 602 2610 moto
614 2569 666 2626 pro
674 2554 762 2619 bonis,
775 2550 878 2608 scilicet
888 2551 994 2608 sterili·

196 2643 395 2698 tatamomtmoe
400 2657 469 2698 mco
481 2659 487 2696 :
499 2657 562 2698 curn
571 2655 623 2714 ego
631 2641 781 2697 attulissem
788 2637 990 2706 iocunditatem,

194 2729 347 2804 [dug.]ipsi
357 2728 542 2786 retribuebant
556 2729 732 2786 sterilitatem.
743 2729 804 2802 Ego
814 2727 888 2783 attuli
900 2727 990 2795 vitam,

195 2817 248 2890 ipsi
261 2825 378 2874 mortem
392 2818 579 2874 retribuerunt
593 2837 601 2884 ;
615 2833 669 2891 ego
683 2819 813 2882 honores,
828 2815 881 2888 ipsi
895 2822 992 2872 contu-
1081 2822 1166 2889 Quasi
1178 2819 1353 2893 proximam,
1369 2827 1422 2876 etc.
1439 2818 1587 2892 [Cassiod]
1603 2820 1688 2876 Casus
1711 2835 1761 2891 pro
1776 2833 1843 2876 casu

193 2903 309 2974 metim
323 2920 376 2979 ego
390 2905 564 2971 medicinam,
580 2905 632 2977 ipsi
647 2905 769 2962 vulnera.
790 2906 867 2960 Hanc
891 2903 992 2960 sterili·
1043 2908 1158 2981 ponitur,
1175 2908 1346 2964 accusativus
1360 2924 1409 2980 pro
1428 2907 1556 2964 ablativo.
1573 2909 1606 2963 Et
1622 2915 1663 2963 est
1680 2925 1686 2960 :
1702 2916 1730 2963 et
1739 2907 1763 2962 si
1775 2907 1841 2963 milti

193 3001 277 3050 tatem
292 2993 321 3050 in
334 2993 387 3051 ficu
401 2993 541 3051 maledixit
555 2993 698 3064 Dominus,
715 2993 761 3050 ubi
780 3007 842 3051 cum
857 2999 992 3066 quareret
1007 2996 1151 3091 emolesti
1165 3005 1257 3054 essent
1275 2997 1370 3060 ludaei,
1395 3011 1448 3069 ego
1468 3004 1558 3052 tamen
1579 2998 1619 3054 stc
1638 2996 1843 3069 complacebam

193 3097 248 3138 non
261 3081 373 3150 invenit,
388 3082 454 3139 lolia
469 3089 545 3139 erant
563 3082 591 3140 in
606 3099 637 3140 ea
661 3089 688 3138 at
711 3081 816 3139 tractus
838 3097 893 3137 non
915 3088 991 3137 erant
1041 3085 1842 3158 mihiineis,qoosiproxtmomatqoostlrotremnostrom,

193 3171 289 3242 (tlara.
299 3173 351 3242 nt),
359 3171 434 3228 idest
441 3171 608 3228 varhaerant
618 3171 812 3246 inSynagoga,
825 3177 851 3226 et
861 3169 990 3226 iactanon
1041 3172 1068 3228 id
1083 3180 1124 3229 est
1138 3173 1215 3245 quasi
1237 3172 1271 3228 de
1285 3171 1409 3244 proximo
1419 3180 1446 3228 et
1456 3171 1533 3244 quasi
1548 3173 1582 3228 de
1594 3171 1673 3228 tratre
1682 3179 1781 3227 nostro.
1797 3173 1838 3226 ita

194 3266 279 3314 erant.
296 3258 364 3314 vide
379 3259 450 3316 enim
466 3259 495 3316 in
507 3260 600 3317 uerbis
614 3259 847 3327 numerositatem,
863 3265 890 3315 ει
904 3256 932 3314 in
947 3257 990 3313 ta·
1041 3261 1107 3316 mibi
1121 3260 1326 3332 complacebam
1340 3261 1367 3314 in
1383 3261 1433 3327 eis,
1449 3260 1476 3314 id
1492 3267 1535 3315 est
1549 3261 1583 3316 de
1604 3273 1700 3316 eorum
1711 3257 1841 3316 affinitate

149 3341 158 3359 '
194 3345 245 3403 ctis
258 3345 491 3404 sterilitatemait
505 3347 577 3403 anim
587 3346 756 3418 Apostolus:
783 3347 836 3414 Qut
852 3346 991 3419 praedicas
1040 3347 1843 3422 gaudebam,quimeinsequebmtur.[Gttnatttcoegmtm

193 3459 251 3500 ooo
264 3443 433 3514 forandum,
449 3445 568 3516 suroris,
585 3451 638 3512 etc,
664 3443 752 3514 (Rom.
769 3445 813 3514 ιι.)
1041 3453 1090 3509 pro
1104 3436 1184 3504 odio,
1197 3434 1359 3493 beneficium
1370 3453 1421 3508 pro
1431 3436 1551 3493 lesione.
1564 3436 1623 3502 Vel,
1636 3431 1842 3508 complacebam

1041 3525 1113 3582 Patri
1126 3540 1188 3582 meo
1203 3525 1328 3581 habendo
1342 3541 1400 3592 eos,
1411 3525 1528 3582 subaudi
1544 3525 1593 3589 sic,
1605 3524 1682 3597 quasi
1693 3525 1843 3597 proximum

1040 3621 1067 3670 et
1081 3614 1158 3685 quasi
1171 3612 1284 3670 fratrem
1300 3621 1434 3672 nostrum.
1451 3613 1485 3669 lit
1500 3629 1561 3670 curn
1577 3613 1743 3670 haecomnia
1765 3613 1842 3670 iace-

1042 3717 1112 3769 rem,
1129 3701 1273 3775 [Cessiod.,
1285 3701 1405 3776 atoma]
1421 3708 1511 3758 tamen
1521 3701 1651 3758 nolebant
1664 3701 1785 3758 converti
1798 3721 1805 3768 ;
1817 3710 1846 3758 et

1044 3806 1105 3848 curn
1121 3790 1225 3846 nollent
1241 3790 1375 3856 converti,
1386 3805 1439 3864 ego
1453 3791 1494 3848 stc
1509 3791 1691 3860 humiliabor,
1703 3789 1730 3844 id
1740 3796 1781 3846 est
1790 3789 1844 3846 do-

1041 3879 1129 3934 lebam
1159 3879 1239 3952 puosi
1252 3885 1332 3950 pater
1356 3881 1454 3951 lupeno
1478 3877 1573 3946 lilium,
1599 3877 1787 3934 contristatos
1808 3876 1844 3932 de

192 4002 311 4060 cundum
321 4001 570 4076 divinitatem,quia
580 4003 748 4060 nonexercui
761 3998 991 4073 potantiam‚ideo
1040 3976 1129 4069 me
1145 3965 1202 4022 filii·
1219 3965 1272 4022 Alii
1287 3967 1447 4038 intimem
1461 3966 1565 4066 ‘flium’
1581 3967 1662 4040 pacat
1674 3967 1771 4038 ‘litem
1786 3981 1846 4021 mo-

192 4091 302 4162 ipnotus
316 4090 356 4145 eis
371 4089 419 4146 lui.
435 4091 505 4148 Caro
520 4092 592 4148 enim
611 4090 712 4147 Christi
736 4090 836 4148 dicitur
863 4089 989 4157 cilicium,
1043 4057 1421 4155 “rmwflabar'ul’esem·
1435 4052 1844 4153 Villffllel'fflnlfllefflhmffltss

193 4184 306 4250 propter
321 4175 524 4234 similitudinem
539 4178 629 4235 emis
642 4177 755 4250 peccati.
772 4177 895 4234 Cilicium
918 4177 991 4234 enim
1040 4152 1130 4216 potest
1144 4144 1198 4200 drot
1215 4145 1264 4199 :Et
1278 4147 1379 4209 orotao,
1392 4158 1470 4215 quast
1479 4143 1549 4200 dicat
1566 4141 1769 4198 :llumrlrabam
1780 4158 1842 4198 anr-

193 4253 223 4321 flt
237 4265 271 4320 de
286 4265 350 4336 pilis
363 4279 518 4337 caprarum,
529 4283 590 4338 qum
608 4265 637 4323 in
657 4266 744 4324 meri
758 4267 820 4339 lege
839 4265 992 4324 offerebam
1041 4249 1122 4302 mam,
1134 4231 1199 4287 dicit
1209 4231 1334 4288 Christus
1348 4231 1376 4286 in
1386 4245 1506 4304 persona
1519 4231 1716 4298 membrorum,
1725 4238 1751 4286 et
1762 4230 1844 4286 etiam

194 4360 238 4409 tur
251 4368 303 4426 pro
316 4355 450 4426 pensius,
475 4355 509 4410 Ει
525 4354 607 4412 etiam
1042 4321 1157 4377 orabam
1167 4336 1219 4392 pro
1231 4319 1342 4388 Judaeis,
1354 4319 1549 4377 etoratiomeo
1571 4321 1680 4383 tosipu
1698 4335 1759 4376 mco
1775 4334 1846 4376 con-

543 4478 568 4490 Η
677 4479 682 4489 Δ
734 4479 766 4490 ..
808 4477 813 4490 ι
908 4477 914 4490 .
1007 4383 1179 4476 Duertetur,
1193 4408 1290 4482 [ilica]
1300 4409 1327 4463 id
1340 4407 1391 4464 etsi
1415 4408 1454 4464 eis
1468 4424 1523 4464 non
1534 4408 1676 4480 profuerit,
1686 4423 1739 4480 ego
1753 4415 1845 4462 minen

230 4478 316 4535 Vatis.
334 4480 439 4579 li-s
470 4477 652 4579 Humiliabam
675 4495 703 4536 1¹1
729 4494 834 4549 letu¹1¹0
871 4493 990 4536 &mmm
1040 4515 1096 4554 non
1110 4513 1171 4554 sum
1185 4496 1405 4553 frustratusmea
1419 4496 1559 4565 mercede,
1575 4504 1603 4551 ut
1625 4496 1760 4552 Dominus
1780 4495 1848 4554 dicit

196 4590 207 4621 ‘
221 4581 312 4624 mem
327 4573 354 4624 0²
366 4575 525 4625 ⁰l³1¹0¹¹¹0⁸
539 4583 567 4623 ¹¹¹
577 4583 638 4624 ⁸¹¹¹¹¹
648 4583 711 4625 ¹⁰0⁰
730 4574 911 4626 mutemur·
929 4591 941 4618 ’
1040 4587 1068 4642 in
1082 4586 1232 4658 Evangelio
1249 4604 1255 4640 :
1271 4587 1305 4642 lo
1319 4602 1514 4659 quamcumque
1528 4587 1642 4644 domam
1656 4585 1845 4652 intraveritis,

229 4675 429 4742 Humilitatem,
443 4673 471 4732 id
486 4683 527 4731 est
547 4672 700 4750 affligebam
717 4676 846 4731 amintam
855 4691 950 4732 mecm
959 4675 991 4731 tn
1041 4676 1128 4732 dicite
1140 4693 1146 4730 :
1159 4676 1222 4731 Pac
1234 4675 1299 4730 too
1309 4673 1422 4741 domna·
1431 4679 1460 4731 et
1474 4675 1551 4731 stilti
1560 4675 1647 4748 patin
1661 4690 1694 4730 ec
1709 4677 1777 4730 suat
1787 4690 1848 4730 ooo

192 4765 314 4837 jejunio.
324 4762 418 4837 [lup]
428 4763 514 4832 Quale
522 4763 572 4821 tuit
581 4762 648 4822 illud
659 4763 759 4821 Christi
768 4763 911 4834 jeiunium,
927 4778 991 4821 cor·
1043 4764 1212 4836 receperint,
1217 4763 1488 4836 pcavcstrciostma
1495 4767 1620 4820 vostrost
1628 4762 1664 4818 ad
1674 4765 1848 4819 cosrcocrta·

194 4847 290 4920 potale
303 4863 340 4904 an
349 4847 465 4920 spituale
475 4847 658 4905 illanducare
669 4847 779 4920 quidem
791 4848 896 4905 volebat
915 4846 991 4904 Cbri·
1045 4853 1148 4908 curvet
1160 4851 1429 4922 reducctorlttnttb.
1443 4851 1483 4922 x),
1494 4850 1578 4917 idest,
1595 4849 1741 4923 [Cassiod]
1752 4849 1776 4905 si
1790 4865 1848 4904 non

195 4942 262 5007 stus,
279 4935 388 5010 quando
401 4951 484 5008 poma
497 4936 794 5009 inarborequaarebat;
806 4935 899 4993 bibare
912 4935 993 4993 etiam
1044 4940 1095 5008 eis,
1118 4948 1209 4996 tamen
1232 4938 1309 4996 vobis
1332 4939 1463 5011 proderit.
1489 4940 1529 4995 lta
1550 4939 1609 5008 eius
1630 4938 1798 5011 oratioque
1823 4938 1853 4992 in

194 5023 311 5092 volebat,
328 5023 435 5098 quando
453 5024 560 5080 mulieri
576 5024 751 5082 Samaritanae
760 5024 827 5081 dixit
843 5041 850 5079 :
865 5025 994 5082 domiti
1044 5029 1174 5084 membris
1189 5029 1283 5094 oravit,
1298 5044 1314 5083 a
1329 5027 1430 5084 Judaeis
1449 5043 1505 5084 non
1518 5034 1632 5098 accepta
1654 5026 1690 5083 ad
1713 5041 1776 5082 eum
1802 5042 1854 5082 re-

194 5112 285 5171 dibere
309 5115 401 5184 (loco.
429 5111 480 5186 tv).
505 5111 561 5170 Sed
582 5127 636 5170 non
660 5114 695 5170 de
719 5114 771 5170 bac
801 5111 854 5180 siti,
880 5123 935 5170 non
959 5113 994 5171 de
1044 5117 1093 5172 diit
1107 5117 1184 5188 quasi
1203 5116 1367 5190 proximum.
1383 5115 1643 5187 ltemhioloquitur
1657 5115 1686 5170 in
1707 5114 1853 5184 membris,

194 5199 248 5256 hoc
272 5201 376 5271 jejunio
400 5199 445 5258 hic
473 5199 572 5275 agitur,
600 5202 649 5259 sed
686 5201 721 5258 da
749 5201 803 5259 alio
828 5201 932 5272 jejunio
968 5201 995 5256 in
1045 5205 1184 5276 inquibus
1201 5204 1387 5276 suntquidam
1404 5202 1616 5276 valdeproximi
1638 5204 1706 5268 Deo,
1734 5201 1851 5273 quieri-

195 5286 243 5344 itto
257 5287 419 5360 significato.
448 5288 569 5347 Esuririt
597 5290 669 5347 enim
698 5298 725 5347 et
752 5289 836 5348 sitivit
872 5291 995 5347 Christus
1045 5293 1137 5348 minali
1151 5293 1255 5350 macula
1270 5309 1409 5364 nunquam
1428 5301 1489 5348 suut
1512 5291 1625 5363 polluti3
1641 5291 1688 5346 alii
1712 5297 1775 5345 sunt
1798 5291 1848 5361 qui

196 5375 311 5432 salutem
338 5385 468 5448 nostram,
497 5379 570 5435 bona
604 5387 709 5436 nostra.
748 5380 889 5450 Jejunabat
911 5394 989 5454 ergo,
1045 5399 1095 5454 per
1109 5379 1767 5454 peccatumlongesuutlllisergogaudiumest,
1782 5377 1846 5432 istis

197 5463 347 5537 quianulla
369 5466 439 5521 bona
462 5483 545 5540 opera
568 5467 596 5526 itt
619 5468 720 5526 Judaeis
743 5468 856 5536 invenit,
877 5476 904 5526 ει
927 5483 995 5540 apo·
1046 5471 1136 5527 luctus
1152 5479 1179 5526 et
1195 5471 1313 5526 tristitia.
1334 5471 1375 5526 De
1398 5469 1450 5525 illis
1474 5468 1520 5541 qui
1544 5467 1661 5541 proximi
1685 5474 1746 5522 sunt
1773 5464 1856 5538 prius

197 5551 258 5610 stoli
272 5570 334 5610 eum
356 5553 485 5630 tugerent
512 5565 538 5613 et
566 5557 593 5612 in
620 5557 699 5612 turba
715 5573 744 5612 εε
772 5557 995 5625 absconderant;
1047 5560 1115 5635 agit,
1131 5575 1237 5632 ponens
1251 5574 1346 5617 casum
1369 5574 1418 5632 pro
1441 5573 1519 5616 casu.
1546 5558 1579 5613 Et
1590 5558 1643 5614 hoc
1666 5563 1718 5622 est,
1733 5570 1787 5628 ego
1809 5553 1856 5610 sic

1079 2494 1164 2550 Vsus.
1181 2497 1224 2549 tt.
1240 2522 1274 2536 -
1292 2517 1302 2542 u
1320 2492 1404 2563 Quasi
1418 2493 1573 2566 proximum
1587 2501 1613 2549 et
1638 2493 1715 2566 quasi
1730 2493 1842 2549 tratrem

1046 2601 1056 2637 ι
1074 2589 1207 2650 nostrum,
1225 2582 1264 2638 sic
1279 2580 1501 2653 complacebam·
1517 2581 1595 2654 quasi
1610 2581 1708 2653 lugens
1729 2589 1756 2637 et
1772 2597 1841 2638 con-

1045 2691 1057 2722 «
1074 2670 1205 2740 tristatus,
1221 2670 1261 2726 sic
1274 2669 1446 2726 humiliabar.
1468 2693 1478 2718 n

228 3557 315 3616 Vens.
332 3561 375 3615 lo.
390 3587 427 3602 ·-
443 3581 455 3604 ι
470 3557 531 3633 Ego
546 3567 648 3628 autem,
664 3573 726 3615 oum
741 3557 806 3614 milri
821 3557 928 3616 molesti
943 3571 989 3613 εε-

196 3667 208 3700 «
226 3653 296 3714 sent,
311 3645 445 3704 induebar
458 3645 562 3705 cilicio.
585 3671 595 3696 n

232 3736 285 3809 Epo
298 3739 407 3794 cutam.
422 3735 508 3806 Quasi
523 3735 617 3793 dicat:
634 3734 675 3792 ttti
689 3735 746 3805 ita,
762 3738 917 3809 epooutem
926 3749 991 3792 com

192 3825 492 3892 mtbtmotestieaseat,
504 3823 599 3900 [lup]
610 3833 705 3882 etcum
713 3825 839 3883 sevirent
847 3823 874 3879 in
882 3838 936 3890 me,
946 3824 991 3880 io·

193 3912 299 3972 ducbcr
312 3914 415 3982 cilicio,
431 3913 459 3972 id
474 3921 516 3971 est
529 3915 580 3970 sub
595 3930 676 3971 cama
691 3913 800 3971 mortali
815 3912 934 3969 latebam
949 3927 992 3969 se-
