3940 6066
1522 20 1965 42 ---—·-—-—-——--

100 251 173 305 tuit
414 293 416 298 .
437 247 690 306 concubuerint
709 247 747 306 ΙΝ
762 245 872 305 EPIST.
897 245 934 302 b.
958 245 1071 305 etuti.
1085 277 1121 292 -·
1135 249 1172 305 IN
1191 250 1246 306 ΕΡ.
1266 249 1314 306 ΑΙ)
1333 247 1418 308 uolt.
1683 256 1752 312 idid

99 373 228 430 homines
256 369 453 429 liberabuntur.
479 373 642 446 Intelligitur
667 374 793 446 equidem
815 373 993 433 honorhest
1015 371 1130 430 eredere
1150 373 1178 429 in
1196 373 1335 430 Christum
1349 387 1376 432 ει
1398 375 1495 444 Deum,
1521 375 1646 450 quemme
1673 379 1751 450 ejur-

102 462 238 518 accedere
251 461 307 531 jam
322 460 412 532 bonis,
436 469 462 517 et
486 460 615 518 liberatio
630 462 683 518 illis
698 462 745 532 qui
756 463 814 532 jam
829 469 905 518 eraut
952 462 1029 520 turdi
1046 464 1135 533 tepem
1150 479 1209 518 non
1231 463 1375 531 babentes,
1392 465 1420 520 id
1435 473 1476 521 est
1490 465 1519 520 iu
1542 466 1672 538 scriptam
1696 468 1753 538 ipsi

100 550 238 618 homines,
256 550 305 606 sed
319 565 375 605 non
389 549 427 605 ita
441 549 486 605 hic
509 549 698 623 accipiendum
719 556 770 621 est,
787 550 837 608 sed
851 567 903 622 po-
951 551 1015 620 aibe',
1031 555 1100 606 soret
1115 552 1163 607 lec
1177 551 1205 606 id
1220 559 1261 606 est
1276 551 1366 608 valent
1388 553 1439 608 sibi
1462 553 1563 624 legem,
1585 555 1633 627 qut
1656 559 1752 612 οειεει-

99 638 155 694 tius
171 638 241 695 sicut
255 653 337 711 supra
352 637 454 694 dictum
470 645 520 695 est.
953 639 1037 706 deret,
1049 637 1157 698 indiciis
1166 653 1292 711 operum,
1304 657 1373 712 epus
1386 641 1453 713 lepis
1466 644 1607 714 seriptum
1620 645 1652 699 in
1663 642 1754 700 cordi·

953 727 1003 783 bur
1031 729 1100 794 suis,
1130 727 1158 782 id
1181 738 1224 784 est
1250 727 1363 784 tirmiter
1383 727 1494 784 inimum
1518 730 1615 786 radoni
1638 745 1752 800 eorum,

953 815 1017 870 dum
1033 815 1079 870 illa
1094 832 1177 888 opera
1191 816 1309 883 laudent,
1326 833 1387 890 que
1396 818 1439 872 lex
1449 817 1539 888 jubet,
1553 817 1598 872 illa
1612 818 1750 888 damnant,

953 903 1065 977 quaelex
1080 905 1216 976 prohibet.
1233 904 1384 979 [imbros]
1398 907 1458 974 Vel,
1470 923 1538 980 opes
1554 908 1624 979 legia
1634 917 1675 964 est
1683 907 1752 964 tideo

952 1008 1034 1065 quem
1043 992 1116 1050 ultro
1124 993 1259 1050 babentiu
1269 995 1409 1065 cordibus,
1417 995 1444 1050 id
1454 994 1634 1052 estinintimo
1642 994 1749 1063 affectu,

952 1081 1000 1137 ubi
1012 1079 1080 1138 tides
1094 1097 1144 1154 per
1157 1082 1331 1140 dilectionem
1354 1091 1491 1154 operatur,
1517 1099 1600 1156 quam
1612 1100 1675 1142 cum
1689 1085 1751 1158 quis

952 1170 1062 1226 exhibet
1081 1171 1150 1237 Deo,
1175 1171 1288 1226 naturali
1310 1171 1412 1228 indicio
1435 1172 1554 1228 ostendit
1575 1172 1751 1245 semetipsum

952 1257 1043 1330 legem
1057 1259 1110 1314 sibi
1125 1275 1195 1328 esse,
1215 1259 1279 1332 quia
1294 1260 1367 1332 quod
1381 1260 1493 1318 mandat
1514 1260 1567 1330 lex,
1584 1260 1656 1330 iacit,
1673 1261 1749 1320 scili-

952 1355 996 1403 cet
1008 1356 1038 1403 ut
1052 1349 1146 1405 credat
1160 1349 1188 1404 in
1203 1349 1349 1406 Christum.

136 765 223 820 Vens
241 763 334 818 tt-to.
354 793 389 804 ·-
408 784 419 814 ι
438 763 504 818 Com
520 763 592 820 enim
615 771 712 837 gentes
731 781 791 836 quae
812 763 903 838 legem

103 875 114 903 ι
132 868 187 908 non
203 851 314 918 hebent,
331 851 489 909 naturaliter
503 866 537 907 ea
550 869 610 924 quae
625 853 694 926 legis
709 860 772 908 suut
790 852 902 924 iaciunt,

104 961 117 994 ι
135 938 270 1011 eiusmodi
283 939 374 1012 legem
394 956 448 996 non
463 940 604 1009 babentes,
621 941 673 1012 ipsi
694 941 745 996 sibi
758 949 821 997 sunt
835 942 879 998 lex
894 960 902 998 r

104 1028 181 1101 «qui
204 1028 351 1084 ostendunt
379 1044 447 1100 opus
471 1028 541 1102 legis
574 1033 705 1102 scripturn
726 1029 755 1084 in
775 1030 903 1087 cordibus

105 1116 211 1184 «suis3
225 1115 410 1172 testimonium
438 1117 570 1174 reddente
598 1117 650 1174 illis
672 1117 838 1174 conscientia
858 1119 902 1192 ip-

105 1226 117 1256 ι
136 1220 228 1261 sorum
248 1212 275 1259 et
303 1203 375 1260 inter
398 1220 428 1260 εε
454 1204 572 1263 inuicem
596 1205 791 1280 cogitationum
819 1223 902 1263 accu-

104 1292 261 1360 esantium,
292 1300 339 1350 aut
365 1293 448 1348 etiam
473 1293 692 1362 defendentium,
719 1294 747 1350 in
774 1295 819 1351 die
841 1311 903 1352 cum

103 1401 115 1432 ι
130 1380 262 1450 judicabit
277 1381 351 1436 Deus
366 1381 472 1438 occulta
483 1381 634 1452 hominum,
645 1383 797 1440 secondum
811 1385 902 1440 Evan-

103 1489 115 1520 ‘
133 1469 235 1542 “dmm
250 1485 342 1526 meum
357 1486 406 1541 pes
419 1472 513 1527 mum
528 1469 674 1526 mmmm·
693 1491 704 1522 ’
990 1503 1193 1562 Testimonium
1207 1505 1341 1562 reddente
1355 1507 1415 1562 illie
1424 1507 1601 1564 conscientie
1611 1509 1747 1580 ipsorum,

138 1593 251 1650 Dixerat
265 1609 346 1664 supra
361 1592 502 1666 gentilem,
517 1594 540 1650 si
553 1595 624 1651 male
638 1603 808 1667 operaretur,
824 1598 902 1654 dem-
949 1594 978 1646 et
988 1593 1067 1648 iuter
1078 1610 1107 1649 re
1122 1594 1243 1650 irrvieem
1263 1595 1470 1665 cogitationum
1484 1597 1682 1652 moerentium
1697 1599 1750 1654 out

100 1681 172 1750 nari,
202 1689 228 1736 et
250 1680 359 1748 salvari,
389 1681 412 1736 si
435 1682 505 1740 bene
530 1691 691 1755 operaretur
712 1683 898 1758 [Remigiusl:
949 1681 1037 1736 ettam
1054 1681 1281 1752 defendentibus,-
1296 1682 1374 1753 quasi
1384 1683 1560 1755 dicat:0pus
1569 1683 1638 1756 legis
1648 1683 1750 1742 babent

100 1769 151 1825 sed
165 1784 227 1826 cum
245 1769 335 1841 legem
358 1785 413 1825 non
428 1770 535 1838 habeat,
560 1772 639 1844 quasi
661 1773 764 1830 nesciat
779 1775 842 1846 quid
865 1775 901 1832 eit
950 1768 1081 1839 scriptum
1095 1769 1123 1824 iu
1133 1771 1263 1826 cordibus
1277 1771 1343 1842 suis,
1355 1771 1427 1826 unde
1442 1771 1493 1844 ipsi
1510 1779 1592 1827 testes
1603 1780 1680 1828 erunt
1697 1771 1749 1827 sibi

99 1858 221 1924 bouum,
251 1857 350 1930 quidve
376 1859 497 1925 malum,
527 1859 667 1916 rideretur
694 1861 745 1918 eibi
773 1871 898 1920 neutrum
949 1856 978 1912 iu
992 1855 1081 1913 tuturo
1100 1857 1165 1914 boni
1179 1867 1206 1914 et
1220 1858 1284 1914 mali
1299 1873 1305 1913 ε
1322 1859 1385 1914 inde
1409 1858 1527 1918 scientes
1548 1860 1644 1916 merito
1668 1860 1749 1916 dam-

100 1945 203 2002 debere
224 1946 361 2018 imputari.
387 1945 526 2019 [llilariue
550 1948 679 2023 tugost]
704 1951 802 2007 Contra
825 1953 899 2024 quod
949 1944 1018 2015 nari,
1048 1945 1092 2002 vel
1120 1947 1230 2004 salvari.
1259 1947 1294 2002 Et
1314 1947 1366 2004 hoc
1395 1955 1445 2014 est,
1471 1947 1630 2004 naturaliter
1649 1947 1750 2005 iaciunt

99 2035 249 2106 Apostolus
271 2035 310 2090 ait
325 2049 332 2089 :
348 2036 406 2090 Etsi
434 2051 490 2092 non
511 2037 611 2094 habeat
635 2039 766 2111 scriptam
787 2040 897 2114 legem,
949 2049 981 2090 ee
995 2050 1056 2107 quae
1071 2033 1141 2106 legis
1160 2043 1232 2102 suni·
1253 2035 1328 2092 13
1344 2035 1513 2092 conscientia
1526 2036 1659 2108 ipsorum,
1685 2035 1748 2092 ted·

98 2123 183 2179 habet
202 2132 293 2179 mmen
314 2123 474 2192 naturalem,
499 2142 551 2198 qua
566 2125 701 2200 intelligit,
719 2137 745 2185 et
764 2129 816 2184 sibi
829 2145 898 2186 eon.
948 2120 1030 2178 dente
1058 2123 1240 2179 testimonium
1277 2123 1371 2178 salutis
1398 2122 1442 2180 vel
1470 2124 1666 2192 damnationis,
1697 2124 1749 2180 etsi

98 2211 174 2269 seius
188 2221 230 2270 est
244 2211 309 2284 quid
323 2213 358 2268 sit
377 2213 489 2280 bonum,
505 2214 604 2285 quidve
626 2216 739 2274 malum,
756 2219 810 2274 Lex
826 2218 898 2274 enim
947 2209 1008 2264 aliis
1022 2225 1077 2266 non
1101 2211 1232 2268 videntur.
1249 2211 1431 2286 [Ambrosius]
1445 2214 1479 2268 Et
1494 2229 1549 2268 non
1568 2213 1657 2269 solum
1679 2227 1749 2270 con·

99 2301 234 2357 noturetis
261 2309 315 2366 est,
345 2300 470 2371 injuriam
494 2303 597 2359 nemini
615 2303 728 2374 inieme,
753 2306 820 2362 nihil
844 2307 897 2364 alie
948 2297 1059 2354 seientia
1083 2315 1208 2370 operum,
1238 2299 1287 2356 eed
1311 2299 1393 2356 etiam
1416 2300 1582 2358 conscientie
1605 2300 1749 2375 cogitatio·

97 2405 165 2444 num
179 2389 336 2461 ptaet'iperc,
352 2405 369 2444 a
383 2387 479 2446 fraude
493 2399 520 2447 et
534 2391 655 2463 perjurio
669 2393 817 2462 abstinere,
834 2395 899 2452 alig.
947 2401 1023 2454 num,
1053 2386 1081 2442 id
1109 2397 1150 2444 est
1176 2388 1309 2445 malarum
1337 2397 1364 2444 et
1392 2389 1524 2445 bonarum
1552 2389 1748 2464 cogitationum

97 2491 135 2532 no
159 2477 287 2549 coniugio
309 2491 364 2532 non
386 2476 520 2544 insidiari,
550 2489 578 2535 et
598 2489 698 2537 cratera
721 2482 801 2549 talia;
818 2491 845 2539 et
867 2491 897 2540 ur
947 2474 1065 2532 inuicem
1088 2478 1273 2534 accusantium
1298 2495 1356 2535 eos.
1379 2479 1413 2533 Et
1433 2478 1533 2535 dicitur
1559 2477 1612 2535 hoc
1635 2479 1669 2535 de
1692 2495 1747 2535 non

98 2565 218 2622 breviter
231 2565 347 2633 atenim,
364 2565 436 2621 noue
451 2567 512 2622 ultis
525 2567 617 2625 tmere
635 2569 709 2642 quod
724 2571 771 2626 ribi
785 2587 840 2628 non
855 2573 896 2630 vis
946 2563 1131 2632 credentibus,
1156 2575 1202 2622 eut
1226 2568 1305 2624 etiem
1327 2566 1545 2633 defendentium,
1571 2567 1629 2624 tine
1650 2567 1749 2624 dicitur

98 2653 159 2709 deri
188 2655 245 2726 (aa)
262 2669 268 2708 :
284 2655 358 2726 quod
387 2655 552 2727 evangelice
580 2659 727 2715 coneordat
754 2659 894 2718 docfflnae,
946 2651 980 2706 de
996 2653 1177 2712 credentibus.
1192 2655 1255 2712 Non
1269 2656 1414 2712 credentes
1428 2655 1500 2711 enim
1515 2655 1683 2712 accusabunt
1697 2672 1747 2712 co-

97 2742 215 2799 l’roinde
229 2757 285 2799 non
308 2742 416 2800 videtur
430 2743 473 2801 hic
492 2745 561 2801 alios
584 2746 755 2819 significasse
778 2750 828 2806 sub
842 2766 895 2806 no·
945 2739 1091 2812 gitatioues
1109 2742 1207 2812 malae;
1224 2744 1367 2801 credentis
1385 2761 1461 2814 vero,
1484 2743 1632 2800 defendisti
1655 2745 1745 2802 ¹³0⁰ae-

97 2831 171 2888 mine
195 2831 316 2904 gentium
335 2847 416 2904 quem
431 2847 479 2888 eos
494 2833 539 2905 qui
555 2834 591 2890 ad
605 2836 785 2908 berengerium
808 2839 896 2909 perri.
945 2828 979 2884 Et
995 2830 1056 2895 boc,
1080 2823 1152 2887 iuter
1174 2848 1214 2902 se,
1240 2832 1304 2905 quia
1325 2833 1378 2888 ittae
1400 2832 1463 2888 dlos
1484 2833 1660 2903 accusabunt,
1689 2833 1748 2890 istae

97 2928 174 2977 nent.
189 2922 231 2977 Ne
255 2927 365 2978 moueat
379 2921 452 2994 quod
466 2922 629 2979 naturaliter
652 2924 719 2980 dixit
741 2941 803 2998 qum
824 2927 895 3000 legis
946 2915 996 2972 bos
1019 2917 1175 2976 defendent.
1194 2921 1241 2978 l'el
1261 2929 1323 2976 sunt
1344 2920 1388 2978 hio
1411 2921 1525 2993 genitivi
1546 2937 1597 2994 pro
1621 2922 1748 2979 ablativis

96 3017 160 3066 aunt
174 3009 274 3076 iacere,
296 3025 351 3066 non
367 3009 464 3081 spiritu
488 3011 547 3079 Dei,
562 3027 618 3068 non
633 3011 696 3080 lide,
720 3029 775 3070 non
791 3015 888 3088 gratim
945 3020 1022 3062 more
1046 3006 1212 3078 Graecorum,
1230 3009 1275 3082 qui
1297 3008 1420 3066 ablativis
1443 3017 1547 3066 carent.
1577 3009 1654 3066 Unde
1668 3011 1695 3065 in
1710 3011 1746 3066 li-

95 3099 155 3156 lloc
169 3098 241 3154 enim
265 3097 321 3170 agit
337 3097 448 3170 spiritns
470 3099 574 3172 gratiae,
590 3109 620 3156 ut
639 3101 786 3174 imaginem
802 3103 852 3160 Dei
865 3103 894 3160 in
908 3085 932 3146 0
945 3093 1001 3150 bris
1024 3097 1206 3166 quorumdam
1219 3113 1270 3168 per
1285 3097 1419 3153 ablativos
1444 3096 1575 3170 seriptum
1598 3099 1744 3170 reperitur,

96 3203 150 3262 qua
172 3187 330 3268 naturaliter
344 3185 407 3244 iacti
422 3203 516 3244 sumus
530 3187 663 3246 instauret
685 3191 714 3246 in
737 3191 826 3248 uobis.
844 3192 892 3248 lli-
947 3182 987 3238 dit
1006 3197 1012 3236 :
1029 3185 1066 3239 Ei
1079 3186 1158 3241 inter
1172 3202 1202 3242 it
1217 3185 1436 3256 cogitetienibuu
1449 3187 1572 3242 invitm
1586 3187 1746 3243 accusanti·

95 3277 162 3334 tium
177 3277 278 3348 quippe
296 3283 391 3333 contra
405 3285 528 3333 naturam
550 3278 679 3350 estquod
700 3279 793 3351 utique
817 3289 893 3338 sanat
945 3276 1006 3346 boa,
1031 3278 1084 3330 cut
1102 3275 1189 3330 etiem
1216 3273 1441 3345 defendentibus.
1467 3274 1573 3330 lieddet
1591 3282 1681 3330 eutem
1705 3274 1746 3332 eis

93 3365 192 3440 gratia.
221 3366 283 3420 Non
309 3379 378 3439 ergo
404 3381 490 3438 osque
517 3366 587 3423 adeo
606 3367 635 3422 in
661 3367 751 3424 anima
774 3369 893 3426 humana
945 3363 1130 3422 testimonium
1153 3361 1318 3420 conscientia
1332 3363 1363 3419 in
1377 3363 1432 3434 die,
1455 3361 1551 3433 judicii
1571 3361 1662 3432 iuturi,
1679 3381 1744 3420 cum

92 3455 185 3528 imago
199 3454 249 3510 Dei
271 3462 443 3510 terrenorum
465 3454 611 3512 affectuum
632 3456 694 3513 labe
717 3457 815 3514 detrita
839 3466 890 3530 est,
940 3453 1084 3526 judicabit
1105 3452 1178 3508 Deus
1207 3452 1319 3508 occulte
1343 3449 1545 3518 neminemid
1569 3459 1611 3507 est
1632 3468 1745 3526 eaquae

94 3543 212 3600 utnulla
226 3543 254 3598 in
268 3558 301 3599 ea
316 3543 479 3600 lineamento
493 3545 683 3602 remanserint.
703 3547 765 3604 Non
779 3548 891 3606 omnino
944 3541 1027 3598 modo
1042 3541 1086 3598 bio
1106 3539 1210 3598 occulta
1224 3547 1295 3596 sunt.
1319 3539 1466 3610 iudicabit,
1490 3541 1561 3606 tlico,
1584 3557 1636 3613 per
1650 3543 1746 3600 terum

93 3632 212 3689 deletum
227 3632 355 3705 estquod
373 3631 410 3688 ibi
424 3648 475 3704 per
488 3634 636 3708 imaginem
651 3635 711 3704 Dei,
736 3651 797 3694 curn
812 3652 891 3694 crea·
946 3630 1099 3698 curetum,
1116 3628 1189 3701 quod
1201 3636 1287 3685 ²⁰¹¹¹¹¹¹
1300 3635 1342 3685 0³²
1355 3637 1468 3686 ditium·
1484 3629 1644 3687 Secundum
1657 3629 1747 3688 Even-

92 3729 182 3788 retur,
211 3721 376 3792 impressum
404 3729 454 3778 est.
484 3722 600 3779 Proinde
625 3723 692 3780 uitio
719 3733 814 3781 sanato
841 3742 892 3797 per
942 3721 1048 3792 pelium
1062 3734 1166 3775 meum.
1184 3715 1340 3792 [Origenes]
1355 3717 1501 3774 Sciendum
1520 3726 1611 3773 autem
1630 3719 1702 3790 quod
1718 3719 1746 3774 in

91 3809 207 3882 gratiam
231 3810 388 3868 naturaliter
412 3808 481 3866 fiunt
503 3827 536 3867 ea
564 3827 626 3885 quae
650 3811 720 3886 legis
734 3821 797 3868 sunt
812 3831 818 3869 :
835 3831 889 3871 non
943 3808 988 3864 illa
1003 3807 1048 3864 die
1068 3805 1249 3880 cogitationes
1270 3806 1437 3862 accusabunt
1458 3805 1564 3860 animes
1587 3804 1630 3862 vel
1645 3804 1742 3861 deien-

91 3899 165 3972 quod
181 3915 229 3970 per
243 3907 347 3955 naturae
369 3915 479 3966 nomen,
495 3907 525 3955 ut
539 3899 641 3956 dictum
663 3907 714 3968 εει,
740 3909 840 3974 negata
855 3902 890 3957 sit
944 3896 1008 3953 dent
1024 3911 1030 3951 :
1047 3912 1102 3952 uon
1118 3895 1209 3968 utique
1226 3893 1280 3950 illae
1298 3893 1477 3968 cogitationes
1493 3910 1553 3966 quae
1568 3901 1630 3950 tunc
1653 3901 1741 3962 emnt,

90 3988 185 4061 gratia,
202 3989 251 4044 sed
265 3987 355 4060 potius
369 4003 420 4059 per
435 3987 552 4061 gratiam
578 3997 699 4060 reparata
715 3998 820 4057 natura,
837 4007 890 4063 qua
943 3984 992 4042 sed
1006 3985 1066 4041 istae
1089 4000 1149 4056 quae
1176 3998 1249 4040 nunc
1266 3990 1327 4037 sunt
1356 3981 1385 4036 in
1409 3980 1500 4051 nobis,
1526 3997 1642 4050 quarum
1671 3990 1743 4039 notae
1798 4001 1806 4020 ·

90 4076 176 4150 gratia
199 4075 321 4132 interiori
340 4075 448 4132 homine
471 4077 598 4134 innovato
619 4077 663 4134 lex
683 4078 793 4147 justitiae
818 4079 889 4136 scri-
943 4074 1067 4146 quaedam
1081 4081 1108 4129 et
1122 4071 1265 4145 signacula
1287 4069 1474 4142 relinquentur
1491 4069 1521 4125 in
1542 4070 1626 4126 corde
1648 4079 1742 4126 nostro

91 4165 164 4220 bitur
178 4181 259 4238 qoam
274 4165 413 4222 deleuerat
436 4166 526 4237 culpa.
543 4167 600 4222 lloc
623 4166 696 4222 enim
712 4167 768 4226 illic
790 4167 889 4224 scribi·
942 4162 1058 4220 velutin
1072 4177 1138 4219 cere
1153 4175 1159 4215 :
1175 4177 1236 4232 quae
1250 4160 1278 4215 in
1292 4158 1399 4215 occulto
1423 4175 1495 4216 nunc
1507 4158 1626 4230 pectoris
1640 4159 1740 4230 positu,

90 4261 133 4310 tur
146 4271 196 4327 per
210 4256 413 4312 renovationem
432 4256 504 4328 quod
520 4255 641 4312 deletum
663 4265 722 4313 erat
745 4273 795 4329 per
809 4265 888 4316 uetu—
941 4252 971 4308 iu
985 4251 1030 4306 illa
1048 4251 1093 4307 die
1116 4248 1232 4306 revelari
1255 4248 1389 4304 dicuutur.
1411 4248 1463 4303 Per
1480 4248 1572 4304 lesum
1592 4247 1740 4318 Christum,

90 4351 199 4399 statem.
216 4346 250 4400 Et
262 4343 325 4400 ideo
339 4344 411 4412 talis,
437 4344 488 4400 etei
501 4344 593 4418 legem
606 4344 675 4400 tlosi
689 4346 819 4417 scriptam
833 4361 888 4404 non
943 4340 1006 4413 quia
1033 4341 1113 4396 Pater
1128 4337 1273 4406 ,neminem
1297 4336 1409 4408 juditii,
1435 4337 1484 4392 tid
1505 4353 1586 4394 ⁰111ssss
1609 4336 1741 4408 juditium

89 4432 198 4501 hamat,
210 4433 503 4490 eredendumeubene
518 4433 561 4490 vet
576 4433 648 4489 mate
663 4434 781 4505 operari,
793 4443 820 4492 et
834 4451 892 4493 me·
903 4443 930 4506 1)
941 4428 1017 4485 dedit
1041 4428 1117 4485 Filio.
1134 4428 1168 4484 Et
1188 4428 1239 4484 boe
1262 4427 1411 4484 seeundum
1433 4425 1615 4500 Evangehum
1637 4441 1739 4494 meum,

88 4520 140 4576 rito
155 4521 258 4578 salvari
272 4522 330 4578 siue
345 4521 469 4578 damnari
482 4537 488 4576 :
499 4522 570 4578 bene
585 4523 695 4594 operari
710 4522 782 4592 dico,
793 4533 820 4581 ει
836 4525 891 4581 sel·
940 4517 1026 4586 Pauli,
1041 4517 1125 4574 idest
1140 4517 1214 4589 quod
1227 4516 1325 4572 Paulus
1339 4514 1488 4572 mnuntiat.

86 4609 145 4667 uari
166 4611 238 4684 quod
252 4621 344 4668 umen
367 4626 422 4667 non
438 4618 480 4667 est
494 4611 548 4666 nisi
571 4627 622 4683 per
636 4611 752 4686 gratiam
766 4621 793 4669 et
806 4612 889 4670 fidem
1291 4677 1297 4688 ¹
1717 4675 1724 4690 ⁸

88 4713 150 4772 qum
171 4709 284 4758 renovat
304 4699 456 4756 naturalem
479 4700 626 4773 imaginem
655 4699 706 4758 bei
727 4701 757 4757 in
779 4703 889 4760 homine
974 4679 1060 4779 Vssls·
1077 4679 1172 4738 ¹⁷³⁷·
1189 4709 1224 4777 ζ·
1241 4699 1253 4777 ‘.
1270 4677 1298 4777 S}
1313 4683 1404 4732 autem
1423 4682 1452 4731 ω
1467 4675 1739 4778 Judaeus'cognomr-

87 4789 217 4863 sopitam,
232 4790 291 4846 sine
307 4805 362 4860 qua
376 4789 552 4846 renovatione
565 4790 636 4846 male
650 4798 779 4862 operatur
792 4791 853 4862 quis
863 4799 889 4848 et
940 4789 952 4819 ¹
969 4785 1053 4836 ”³⁸⁵1
1069 4776 1096 4824 et
1119 4783 1270 4840 f⁰q¹¹¹0⁵⁰¹s
1284 4782 1311 4820 ¹¹¹
1335 4765 1408 4838 ¹⁹3⁹·
1424 4772 1451 4820 ‘³‘
1475 4765 1603 4839 3¹⁰r¹⁸f¹⁸
1617 4782 1645 4820 ¹¹¹
1669 4767 1737 4834 ⁰⁹⁰·

88 4881 240 4946 damnatur,
283 4884 431 4934 accusante
472 4893 535 4933 eum
570 4878 746 4936 conscientia.
786 4878 886 4954 [θήρη
940 4865 995 4914 «et
1016 4857 1088 4914 nosti
1111 4856 1275 4914 volontatem
1298 4853 1365 4934 ejus,
1391 4861 1418 4910 et
1439 4854 1541 4926 probes
1562 4853 1669 4912 utiliora
1693 4854 1738 4909 in-

88 4967 228 5042 Amorne]
242 4965 326 5037 Quasi
340 4965 412 5023 dicet
426 4967 515 5023 :Vere
529 4965 886 5038 iactoresjnstifrcabuntur,
939 4967 950 4997 ‘
968 4954 1085 5002 ⁵²ffl⁰¹¹¹⁸
1104 4961 1154 5018 W
1175 4944 1266 5018 legem
1281 4939 1396 5048 ⁰⁰⁰fid53
1410 4950 1436 5043 {⁰
1450 4941 1539 5044 {psum
1554 4959 1616 5043 ⁰⁵⁵?
1640 4943 1738 4999 dmm

88 5057 242 5130 quinetiam
252 5063 359 5130 gentes.
372 5055 622 5112 Ethocestzilum
632 5057 708 5114 enim
719 5059 816 5127 pentes
826 5075 887 5130 pute
938 5050 1121 5133 ‘millum'
1146 5033 1240 5132 ῙΨΠΫΠ,
1262 5047 1357 5131 “{fflm
1381 5049 1428 5106 (ιω
1451 5049 1480 5131 {¹¹
1509 5032 1629 5132 ‘melfis
1661 5039 1736 5131 fumi

88 5148 186 5220 mem,
203 5146 331 5218 „gripum
345 5144 423 5212 Mosi,
439 5161 497 5200 mm
513 5143 627 5211 hamt,
647 5146 825 5202 „ammes
838 5149 886 5218 sa,
938 5124 1133 5180 «eruditorem
1160 5127 1360 5193 insipientium,
1389 5128 1551 5194 magistrum
1567 5119 1736 5220 minutium,

87 5235 170 5292 egum
184 5251 218 5292 m
232 5251 293 5308 qm
304 5234 374 5305 χωρ,
388 5237 468 5301 mg,
484 5232 565 5290 idest
579 5233 813 5291 „ggufflfimione
827 5234 887 5292 inu„
937 5235 948 5262 r
966 5212 1112 5268 habentem
1134 5209 1252 5267 formam
1279 5209 1401 5266 scientiar
1424 5217 1450 5265 et
1471 5210 1589 5266 veritatis
1612 5209 1641 5264 in
1663 5207 1737 5310 lege:

85 5324 186 5380 minuta
200 5339 250 5395 per
264 5322 382 5398 gratim
405 5321 565 5379 discernunt
577 5321 701 5380 iacienda
715 5330 742 5379 et
763 5323 884 5394 vitanda,
937 5325 949 5352 ‘⁴
967 5299 1022 5371 0¹¹5
1036 5317 1104 5376 “8⁰
1119 5301 1201 5357 alium
1225 5300 1318 5367 d⁰0⁰⁸r
1331 5305 1357 5355 ²0
1372 5299 1463 5399 iP⁸l¹¹¹J
1481 5313 1536 5356 ⁰⁰¹¹
1558 5299 1668 5400 ξῗθῆθῗῗ
1683 5297 1737 5368 (2¹¹¹

86 5427 148 5488 que
170 5411 270 5471 facem
283 5411 346 5482 tem
362 5411 407 5470 vel
421 5413 535 5486 samem
550 5427 584 5470 θα
598 5429 659 5487 Μ
679 5413 748 5484 1395,
762 5418 841 5482 „mg
857 5414 886 5470 jd
938 5389 1101 5464 «praedicas
1118 5405 1174 5447 non
1195 5388 1351 5460 furandum,
1376 5387 1497 5444 iurarrsi
1512 5387 1566 5458 Qui
1589 5388 1658 5446 drcrs
1680 5401 1736 5445 nou

120 5589 176 5661 (aa)
190 5593 282 5659 turm
295 5632 303 5659 ,
315 5593 349 5646 ne
364 5589 414 5646 tur.
428 5591 453 5644 u
464 5603 502 5655 sp.
