3878 6322
141 152 210 207 raet
393 142 395 146 ’
459 149 712 207 COLLEGTANEA
732 149 770 205 IN
787 143 896 206 aelst.
917 147 951 204 D.
971 143 1086 205 PAULI.
1110 147 1195 206 -IN
1214 149 1268 206 ΕΡ.
1289 151 1300 206 l
1318 153 1365 208 AD
1385 151 1464 209 COR.
1717 155 1786 207 1638

143 272 285 346 precipio,
311 272 415 330 seilicet
447 283 475 328 ut
489 289 546 330 non
574 273 735 330 disserentis
759 272 871 329 solertia
893 287 938 328 re·
952 273 1057 341 Arent,
1089 273 1168 330 aliter
1194 274 1405 347 interpretantes
1433 289 1515 347 quam
1544 273 1677 330 dictorum
1701 273 1787 331 virtus

144 362 285 434 quiratur,
315 362 364 417 sed
386 361 569 434 praecipientis
592 362 739 419 auctoritas
762 361 937 428 attendatur3
988 361 1113 432 postulet.
1139 363 1180 419 De
1204 363 1382 437 intelligentia
1411 364 1484 420 euim
1509 363 1640 432 haeresis,
1670 351 1724 419 non
1753 362 1788 418 de

145 464 202 506 aon
227 451 349 506 lauduna
367 452 438 522 qaod
452 467 510 508 nort
526 452 558 506 in
580 451 693 516 metius,
717 457 767 506 etc.
791 451 939 522 Postquam
989 449 1122 520 scriptura
1146 457 1195 516 εει,
1212 458 1344 506 etsensus
1366 451 1634 508 nonsermocrimen
1656 457 1698 506 ast
1712 451 1783 522 (lt).

143 539 198 612 agit
217 539 251 595 de
267 538 402 595 salamine
417 539 534 610 cepitis,
549 539 596 593 uhi
620 537 766 610 plurimum
791 553 808 594 a
828 538 939 595 veritae
987 537 1184 595 haereticorum
1213 539 1384 612 cnimgenus
1408 541 1537 596 callidum
1552 555 1607 596 non
1623 539 1719 611 spiritu
1744 553 1787 594 sa-

145 627 299 695 deviahant,
316 625 410 698 incipit
424 627 458 683 de
473 627 615 684 Dominica
633 642 712 684 crana
727 642 828 700 agere,
845 627 873 680 in
887 642 940 698 qua
989 625 1098 697 pientiae
1118 627 1168 683 scd
1191 627 1376 700 impatientia,
1402 628 1466 683 dnm
1494 644 1592 699 pacem
1618 628 1786 684 catholicam

145 715 198 786 ipsi
216 715 299 770 iidem
323 715 437 770 multum
461 715 621 786 pectebant.
646 715 731 785 Quasi
747 715 819 772 dicat
834 732 842 770 ι
859 713 940 783 Quod
988 714 1156 784 perturbant,
1173 715 1200 771 in
1216 731 1296 771 usum
1311 715 1600 788 ceditprotlcieutium,
1626 717 1786 772 secumdum

144 802 246 859 dictum
260 811 302 859 εει
315 803 350 860 de
364 803 482 859 velando
494 803 539 859 vel
552 819 608 860 non
624 803 739 859 relando
753 803 853 875 capite,
869 819 940 875 prae·
988 801 1065 872 illud,
1088 802 1161 858 filius
1184 804 1306 859 eruditus
1335 805 1443 875 sapiens
1467 803 1528 870 erit,
1549 804 1712 875 inprudente
1735 820 1786 859 au·

145 891 217 963 cipio
239 892 342 964 utique,
366 906 421 947 non
443 891 566 960 laudans,
593 891 642 948 scd
666 891 835 962 improbans,
860 907 940 964 quam
990 898 1044 946 tem
1059 889 1185 948 ministro
1194 899 1284 947 utetur
1299 893 1370 963 (45).
1390 893 1503 948 litamur
1517 907 1583 966 ergo
1601 891 1682 948 etiam
1697 893 1786 948 haere-

145 981 301 1037 convenitis
319 979 355 1036 od
370 981 549 1038 Domiaieum
564 997 682 1046 cenem,
701 997 759 1038 noa
778 983 810 1036 ta
824 982 938 1046 melios,
990 979 1050 1035 ticis
1073 995 1128 1035 non
1150 987 1179 1035 ut
1202 996 1298 1036 eorum
1322 981 1507 1052 approbemus
1537 995 1657 1048 errores,
1687 980 1736 1036 sed
1758 988 1789 1035 ut

146 1068 250 1126 scilicet
263 1076 293 1123 ut
314 1068 429 1135 diceret,
446 1069 494 1124 red
508 1070 540 1124 tn
555 1069 689 1135 deterius,
715 1068 741 1123 id
766 1075 809 1124 εει
827 1083 883 1124 non
907 1067 941 1123 ad
990 1067 1158 1124 catholicam
1181 1068 1332 1125 doctrinam
1354 1069 1488 1126 adversus
1503 1085 1598 1125 eorum
1618 1069 1731 1125 insidias
1744 1083 1788 1125 as·

146 1173 225 1212 usum
248 1156 435 1228 perfectionis,
460 1157 510 1212 sed
529 1157 564 1212 ad
578 1157 771 1212 detrimentum
785 1157 941 1213 damnatio·
990 1163 1120 1222 serentes,
1145 1157 1342 1229 vigilantiores,
1364 1165 1390 1214 et
1403 1157 1540 1213 cautiores
1553 1156 1651 1211 simus.
1671 1157 1789 1212 Prosunt

145 1246 198 1309 nis,
214 1246 286 1317 quod
302 1261 335 1301 ex
349 1245 473 1316 pluribus
487 1252 576 1316 potest
590 1245 710 1301 ostendi.
990 1260 1059 1317 ergo
1073 1244 1152 1300 nobis
1166 1245 1297 1313 haretici,
1314 1260 1368 1302 non
1384 1261 1478 1302 verum
1497 1244 1624 1302 docendo
1643 1245 1717 1317 quod
1736 1260 1788 1300 uc-

181 1335 267 1390 Vaas.
283 1337 379 1390 ta-ao.
394 1363 430 1375 -
444 1333 696 1407 Primumpuidem
710 1335 941 1391 conuenientibus
990 1333 1088 1400 sciunt,
1112 1333 1162 1390 sed
1184 1334 1218 1388 ad
1241 1350 1335 1391 rerum
1357 1333 1535 1406 quarendum
1557 1341 1584 1390 ει
1607 1333 1788 1404 aperiendum

146 1424 219 1480 vobis
234 1424 266 1479 iu
280 1423 440 1488 ecelesiam,
465 1423 549 1479 audio
571 1425 709 1480 εειεειιιιιε
724 1438 783 1479 csse
797 1423 938 1490 intereos,
991 1421 1143 1478 catholicos
1172 1421 1314 1479 excitando
1339 1422 1547 1494 (to).1deoque
1571 1421 1662 1478 divina
1693 1421 1789 1492 provi-

147 1515 176 1568 et
186 1527 223 1568 ce
237 1515 320 1583 perte
331 1509 423 1567 credo.
435 1512 506 1568 Nem
521 1514 631 1584 oportet
644 1514 673 1567 at
685 1512 881 1577 tenerescere,
896 1515 941 1578 ut,
990 1509 1081 1564 dantia
1100 1510 1243 1566 haereticos
1262 1525 1323 1568 esse
1341 1510 1441 1567 multos
1460 1510 1599 1582 permittit,
1615 1518 1644 1566 ut
1668 1526 1729 1567 cum
1745 1510 1791 1565 in-

146 1600 195 1673 qut
212 1599 322 1672 probati
336 1603 415 1666 auat,
435 1599 585 1672 manifesti
604 1598 678 1668 fiant
692 1601 724 1655 in
738 1600 821 1655 vohia.
839 1597 941 1656 conve·
955 1598 1091 1688 Bsultant
1106 1598 1185 1654 nohis
1199 1606 1226 1656 ει
1247 1599 1418 1670 interrogant
1441 1614 1491 1655 nos
1507 1615 1567 1672 quae
1593 1599 1741 1674 nescimus,
1765 1606 1792 1654 et

145 1689 289 1744 ιιιειιιὶιιιι
304 1687 512 1759 monachicis
525 1704 626 1754 anam,
638 1690 702 1760 jam
717 1703 776 1745 eoa
790 1688 943 1744 arthemi-¹
991 1685 1031 1742 sic
1059 1685 1228 1742 excutiemus
1251 1686 1408 1758 pigritiam,
1444 1695 1471 1742 et
1498 1687 1605 1743 diuinas
1636 1686 1791 1758 Scripturas

147 1777 243 1832 nicom
253 1791 363 1832 cenem
377 1776 564 1833 manducare.
989 1789 1072 1830 nosse
1086 1774 1249 1847 cupiamus}
1265 1776 1344 1830 Unde
1368 1775 1405 1830 ait
1422 1791 1428 1830 :
1447 1775 1561 1848 Oportet
1576 1774 1695 1832 boeraser
1715 1791 1786 1832 ease.

181 1867 310 1921 Primum
319 1865 441 1938 quidem.
454 1865 495 1920 Ex
511 1865 564 1921 hoc
574 1865 647 1937 quod
662 1863 737 1921 υοῠιε
747 1863 941 1922 convenienti-
990 1863 1052 1918 Non
1065 1863 1123 1918 rult
1136 1863 1281 1935 Apostolus
1295 1878 1347 1920 nec
1370 1871 1446 1936 optat
1461 1872 1490 1918 ut
1504 1865 1625 1920 hareses
1642 1853 1713 1932 sint,
1743 1862 1792 1920 sed

147 1954 196 2010 bas
210 1955 243 2010 tn
257 1954 413 2014 &eleatem
426 1953 486 2019 Dei,
502 1953 577 2024 quod
600 1953 683 2026 exigit
697 1952 826 2008 unitatem
851 1951 941 2008 chari-
991 1951 1055 2022 quia
1069 1951 1109 2009 sio
1124 1950 1243 2007 futurum
1257 1958 1307 2018 εει,
1330 1952 1406 2018 dicit,
1432 1959 1459 2008 et
1483 1952 1545 2025 quia
1572 1953 1625 2008 hoc
1651 1950 1717 2007 utile
1732 1959 1786 2007 εει.

145 2042 216 2109 tatis,
231 2049 261 2097 ut
275 2041 344 2098 sicut
364 2041 402 2096 ibi
418 2041 602 2112 corporaliter
622 2041 786 2098 conveniunt
806 2040 940 2106 homines,
991 2039 1033 2095 Ad
1049 2039 1113 2112 quid
1127 2047 1217 2095 autern
1237 2047 1278 2095 est
1302 2040 1393 2096 utile?
1407 2047 1437 2095 ut
1464 2056 1518 2096 non
1543 2047 1647 2096 tantum
1660 2039 1791 2112 reprobi,

145 2130 182 2186 ita
196 2138 223 2186 ct
237 2129 422 2202 spiritualiter,
446 2128 550 2186 scilicet
570 2127 667 2186 affectu
691 2128 827 2186 charitatis
847 2128 942 2184 unian-
993 2126 1040 2200 qui
1053 2126 1147 2182 dicunt
1170 2143 1223 2202 ego
1247 2143 1307 2183 sum
1329 2127 1415 2196 Pauli,
1441 2128 1591 2184 sedetiam
1613 2129 1662 2198 qui
1680 2128 1795 2200 probati

146 2226 199 2285 tur,
215 2219 298 2275 nodio
313 2220 462 2284 scissuras,
479 2217 506 2272 id
521 2225 562 2274 εει
576 2217 728 2275 discordias
742 2218 887 2274 eraeiuter
897 2233 943 2272 vos
993 2218 1061 2271 sunt
1082 2215 1113 2271 ιἰι
1129 2216 1212 2281 vobin
1237 2215 1264 2269 id
1280 2222 1322 2271 est
1336 2216 1407 2271 inter
1421 2231 1481 2283 ros,
1498 2215 1569 2271 sicut
1582 2216 1621 2270 illi
1637 2215 1683 2288 qui
1698 2214 1793 2272 dicunt

148 2305 330 2380 [Ambrosius]
344 2307 414 2362 Nota
438 2306 513 2378 quod
532 2305 660 2374 dicendo,
684 2305 814 2377 primum,
826 2303 943 2361 ostendit
994 2318 1045 2374 ego
1074 2319 1133 2358 sum
1163 2302 1272 2372 Christi,
1301 2305 1452 2377 manifesti
1471 2305 1545 2374 siant
1567 2302 1732 2359 hominihus.
1758 2302 1792 2358 lli

148 2395 221 2467 quud
245 2394 364 2466 primum
387 2394 490 2450 malurn
513 2393 723 2459 dissensisse,
749 2393 821 2450 unde
845 2401 943 2449 catera
994 2391 1064 2446 anim
1093 2392 1153 2447 Deo
1182 2391 1290 2462 probati
1306 2399 1377 2457 sunt,
1395 2392 1439 2465 qui
1460 2392 1530 2448 hene
1543 2399 1658 2464 possunt
1675 2391 1793 2454 docere.

148 2483 281 2538 oriuntur.
301 2483 353 2540 Ubi
368 2483 442 2538 enim
456 2481 592 2538 dissensio
608 2489 659 2549 est,
681 2481 749 2538 nihil
772 2490 876 2538 rectum
890 2488 941 2547 est,
994 2479 1044 2534 sed
1070 2478 1207 2534 manifesti
1236 2479 1390 2535 hominihus
1414 2496 1552 2536 essenon
1575 2487 1707 2552 possunt,
1741 2479 1794 2535 nisi

147 2571 229 2628 audio
250 2573 382 2628 scissuras
403 2587 465 2628 esse
488 2571 560 2627 inter
582 2587 656 2638 ros;
686 2577 721 2638 ει,
746 2570 774 2625 id
797 2578 839 2626 εει
862 2569 943 2626 etiem
994 2582 1055 2623 cum
1072 2568 1180 2626 docent.
1197 2569 1303 2624 Docere
1319 2576 1407 2624 autem
1423 2569 1528 2635 nolunt,
1543 2569 1596 2623 nisi
1610 2585 1658 2624 eos
1685 2568 1730 2641 qui
1745 2569 1795 2624 do-

91 2641 100 2654 *
147 2659 238 2730 credo,
256 2676 317 2716 esse
329 2677 366 2716 ce
377 2664 470 2733 perte,
492 2659 520 2714 id
534 2667 577 2714 εει
589 2658 618 2714 in
633 2659 796 2731 quibusdam
812 2665 942 2725 vestrum,
994 2656 1050 2712 ceri
1065 2663 1198 2728 quaerunt,
1217 2657 1265 2712 sed
1279 2657 1356 2712 multi
1371 2657 1404 2712 ad
1429 2658 1607 2729 quarendum
1628 2657 1699 2730 pigri
1720 2665 1792 2726 sunt,

148 2748 221 2820 quod
245 2763 301 2804 non
325 2755 367 2804 εει
389 2746 484 2802 inutile
506 2746 596 2802 bonis.
621 2749 693 2804 Nom
716 2751 836 2819 oportet,
860 2746 889 2801 id
902 2753 944 2802 εει
994 2745 1047 2800 nisi
1076 2761 1127 2816 per
1160 2744 1301 2801 molestias
1331 2753 1358 2801 ει
1383 2746 1574 2802 insultationes
1601 2745 1794 2804 hereticorum

146 2835 213 2891 utile
227 2843 269 2891 est
283 2835 364 2891 etiam
381 2835 500 2891 hereses
522 2850 600 2903 esse,
617 2834 686 2890 sicut
701 2845 778 2890 erant
797 2834 826 2889 in
840 2833 882 2888 his
897 2833 944 2906 qui
994 2833 1073 2905 quasi
1101 2834 1136 2888 de
1162 2849 1257 2889 somno
1286 2834 1439 2891 excitentur
1462 2835 1530 2906 (ll).
1557 2833 1706 2891 Haereticus
1726 2850 1794 2890 vero

146 2923 307 2978 dubitabant
322 2923 357 2979 dc
374 2921 598 2989 resurrectione,
615 2923 742 2979 scissurae
758 2930 850 2976 autem
865 2928 944 2976 erant
994 2928 1038 2975 est
1056 2921 1103 2993 qui
1127 2920 1242 2990 alicujus
1265 2922 1422 2993 temporalis
1450 2921 1596 2986 commodi,
1625 2929 1651 2976 et
1675 2922 1794 2978 maximo

147 3028 199 3085 pro
214 3011 294 3068 donis
310 3010 497 3082 spiritualibus
511 3011 579 3082 (ta).
597 3009 698 3066 Videns
722 3010 795 3065 enim
819 3008 944 3064 diabolus
957 2979 980 3040 Ο
995 3007 1091 3080 glorie
1118 3007 1337 3080 principatusque
1368 3009 1410 3063 sui
1438 3009 1524 3081 gratia
1552 3007 1619 3064 talsa
1647 3024 1680 3066 ac
1708 3025 1794 3088 novas

147 3099 249 3171 temple
270 3098 425 3155 damonum
448 3097 548 3164 deseri,
574 3105 601 3154 ει
630 3097 658 3153 in
682 3112 783 3153 nomeu
805 3096 945 3152 liberantis
995 3095 1138 3168 opiniones
1152 3095 1195 3152 vel
1206 3095 1295 3168 gignit
1308 3096 1351 3152 vel
1366 3097 1490 3169 sequitur
1505 3115 1512 3162 ;
1530 3096 1576 3169 qui
1593 3104 1683 3152 autern
1697 3097 1795 3168 hujus-

148 3187 304 3244 ltediatoris
319 3202 429 3244 currere
450 3203 538 3259 genus
552 3186 711 3253 humanum,
735 3185 819 3242 movit
833 3185 945 3241 haereti·
994 3184 1069 3240 modi
1091 3185 1188 3251 credit,
1206 3184 1401 3256 imaginatione
1423 3185 1544 3242 veritatis
1558 3201 1591 3241 ac
1602 3185 1713 3258 pietatis
1728 3185 1807 3241 illu-.

147 3276 257 3349 eosqui
276 3276 327 3331 suh
351 3274 484 3332 vocabulo
505 3274 660 3331 Christiano
683 3274 816 3331 doctrinas
830 3273 945 3329 resiste·
996 3289 1045 3328 sus
1060 3281 1113 3329 est.

148 3372 209 3420 rent
223 3363 393 3420 Christiane.
409 3363 462 3433 Qui
481 3363 554 3418 enim
569 3363 597 3417 in
610 3362 734 3419 Ecclesia
748 3361 848 3418 Christi
869 3376 945 3417 mor·
1032 3361 1278 3429 Convenientibus,
1305 3370 1358 3419 etc.
1382 3363 1433 3420 Hic
1455 3363 1596 3437 redarguit
1619 3379 1667 3422 eos
1690 3363 1725 3420 de
1739 3361 1799 3421 hoc'

148 3452 241 3509 bidum
263 3451 365 3525 aliquid
388 3445 557 3524 pravumque
578 3451 700 3524 sapiunt,
726 3451 750 3506 si
772 3451 888 3507 correcti
916 3456 946 3504 ut
997 3450 1069 3522 quod
1084 3466 1184 3522 corpus
1207 3451 1377 3509 Dominicum
1402 3469 1457 3508 uon
1477 3468 1510 3508 eo
1534 3452 1631 3509 ordine
1649 3453 1793 3510 sumebant

149 3555 245 3597 sanum
268 3549 427 3613 rectumque
451 3539 570 3611 sapiant,
596 3540 725 3596 resistunt
749 3539 947 3596 contumaciter
998 3553 1054 3610 quo
1070 3537 1141 3594 sumi
1168 3541 1319 3610 oportebat.
1345 3541 1419 3595 lnter
1439 3541 1552 3612 prandia
1577 3541 1649 3596 enim
1668 3541 1711 3598 vel
1732 3548 1795 3613 post

147 3645 249 3700 suaque
276 3627 407 3700 pestilera
431 3627 561 3700 dogmata
584 3625 733 3682 emendare
757 3626 867 3695 nolunt,
897 3625 946 3680 sed
996 3627 1120 3698 prandia,
1137 3628 1328 3683 eucharistiam
1343 3629 1496 3697 sumebant,
1513 3629 1585 3701 quod
1597 3629 1683 3699 jejuni
1705 3629 1795 3701 potius

147 3715 290 3772 defensare
305 3715 470 3787 persistunt,
491 3713 613 3770 haeretici
629 3713 712 3780 liunt,
728 3721 755 3770 ει
769 3714 904 3768 habentur
919 3712 947 3767 in
997 3714 1087 3771 tacere
1102 3715 1245 3771 deberent.
1270 3717 1355 3787 Hujus
1379 3725 1469 3773 autem
1492 3717 1532 3773 rei
1551 3716 1685 3774 taciendae
1711 3733 1794 3774 occa-

149 3805 311 3861 exercitibus
328 3803 454 3859 inimicis.
477 3802 668 3875 [Augustinus]
689 3803 724 3856 Et
750 3801 778 3856 hi
802 3801 882 3857 etiam
907 3801 947 3857 sic
997 3801 1103 3858 sionem
1118 3811 1292 3875 sumpserunt
1306 3821 1338 3860 ex
1360 3820 1393 3860 eo
1415 3805 1489 3878 quod
1514 3804 1647 3861 Dominus
1675 3806 1794 3862 mandu-

148 3893 222 3948 malo
237 3908 286 3948 suo
300 3898 415 3963 prosunt
430 3890 504 3947 veris
526 3889 681 3956 Catholicis,
705 3890 770 3945 dum
798 3890 873 3946 Deus
895 3888 947 3944 uti·
996 3890 1119 3946 cantibus
1140 3890 1281 3962 discipulis
1303 3891 1408 3965 accepit
1430 3899 1528 3965 panem
1553 3900 1580 3950 ει
1603 3892 1751 3962 benedixit,
1769 3901 1795 3949 at

150 3989 194 4037 tur
206 3979 286 4036 etiam
297 3979 376 4035 malis
391 3979 471 4047 bene,
494 3985 522 4034 et
543 3977 725 4049 diligentibus
740 3979 829 4034 heum
851 3978 948 4034 omnia
998 3979 1038 4035 eis
1051 3978 1162 4034 tradidit
1172 3980 1229 4049 jam
1244 3980 1380 4037 celebrato
1404 3981 1490 4037 veteri
1513 3982 1624 4038 Pascha.
1643 3979 1729 4050 Quasi
1751 3981 1795 4037 di-

149 4071 335 4142 cooperoatar
348 4069 380 4123 iu
391 4068 494 4124 tonum
509 4067 599 4138 (Rem
610 4069 681 4138 rur).
692 4065 795 4122 Omnes
810 4065 883 4122 enirn
897 4065 949 4120 ini-
998 4076 1042 4124 cat
1059 4085 1065 4122 :
1082 4067 1116 4123 llt
1130 4069 1193 4140 quia
1206 4069 1234 4123 in
1250 4067 1327 4124 vobis
1348 4067 1475 4126 scissurae
1492 4077 1564 4139 sunt,
1588 4085 1666 4142 ergo,
1697 4087 1796 4128 conoe-

148 4157 211 4213 mici
220 4156 351 4213 Ecclesiae
366 4156 410 4212 vel
426 4171 519 4212 errore
538 4155 641 4222 caecati,
658 4154 702 4211 vel
727 4155 829 4210 malitia
843 4154 947 4226 depra-
997 4157 1142 4212 aientibus
1153 4157 1225 4213 uobis
1246 4157 1278 4212 ia
1291 4173 1392 4224 anem,
1418 4158 1492 4230 quod
1507 4155 1566 4214 fieri
1590 4157 1699 4231 quidem
1713 4158 1796 4214 debet

148 4245 200 4300 vati
215 4252 339 4316 prosunt,
356 4245 421 4317 quia
436 4244 459 4299 si
480 4241 615 4315 accipiunt
633 4251 795 4314 potestatem
819 4257 948 4314 corpom-
998 4260 1053 4300 non
1076 4251 1131 4300 tam
1146 4261 1291 4318 corporum
1315 4247 1451 4302 consortio
1474 4262 1555 4319 quam
1579 4247 1702 4304 cordium
1724 4264 1793 4304 con·
1818 4295 1822 4302 ,

149 4332 211 4388 liter
224 4332 370 4407 affligendi,
396 4340 526 4389 exercent
548 4331 607 4401 eius
629 4331 785 4403 patientiam
803 4349 810 4398 ;
833 4331 856 4386 si
879 4329 1103 4407 vcrnglutino
1119 4334 1212 4405 ;jern,
1228 4333 1311 4389 idest
1330 4334 1383 4390 hoc
1411 4335 1471 4390 solo
1494 4333 1566 4406 quod
1589 4335 1716 4392 scissura
1731 4344 1793 4392 sunt

148 4421 219 4478 male
233 4421 376 4478 sentiendo
390 4422 593 4488 adversantur,
617 4427 745 4476 exercent
760 4419 819 4489 ejus
834 4419 945 4490 sapien·
997 4421 1077 4478 98
1092 4421 1120 4476 in
1131 4421 1219 4489 vobis,
1235 4438 1293 4478 non
1307 4427 1358 4490 est,
1369 4421 1396 4477 id
1411 4431 1452 4478 est
1466 4438 1520 4479 non
1535 4422 1606 4494 licet,
1618 4423 1792 4482 munducare

146 4509 222 4566 tiam.
247 4511 289 4568 Ab
312 4510 468 4566 adversario
493 4508 565 4565 enim
589 4517 665 4564 mota
687 4507 810 4579 quaestio,
824 4507 947 4564 discendi
995 4511 1172 4568 dominicam
1197 4527 1315 4568 cenem.
1341 4510 1401 4576 Vel,
1427 4511 1494 4582 jam,
1512 4511 1539 4568 id
1565 4520 1605 4568 est
1619 4513 1791 4585 inpraesenti

147 4598 237 4654 existit
256 4597 374 4655 occasio.
392 4598 476 4654 ltulta
499 4597 609 4670 quidem
624 4597 661 4652 ad
679 4594 762 4652 tidem
778 4595 947 4652 catholicam
997 4599 1048 4655 hoc
1063 4600 1192 4655 damnum
1206 4598 1322 4665 habetis,
1338 4599 1442 4656 scilicet
1465 4600 1539 4671 quod
1553 4617 1608 4656 non
1632 4609 1682 4668 est,
1709 4600 1793 4658 idest

146 4687 319 4758 pertinentia,
341 4687 406 4742 dum
427 4686 616 4744 hereticorum
637 4683 738 4743 callida
761 4683 947 4756 inquietudine
997 4703 1051 4742 non
1065 4687 1128 4744 licet
1142 4685 1230 4755 vohis,
1246 4687 1412 4744 manducare
1439 4687 1608 4746 bomiuicam
1624 4703 1730 4746 coenam
1746 4735 1754 4761 ,
1769 4690 1797 4746 in

148 4775 329 4847 exagitantur,
352 4783 382 4830 ut
402 4775 536 4831 adversus
560 4789 608 4830 eos
636 4772 746 4830 defendi
770 4771 891 4844 possint,
921 4779 948 4827 ει
996 4775 1084 4832 tuturo
1112 4777 1189 4848 pejus
1218 4776 1267 4833 erit
1294 4776 1372 4832 vohis
1401 4777 1457 4848 (ta)
1485 4777 1656 4834 Dominicam
1685 4793 1791 4836 coenam

147 4863 355 4920 considerantur
371 4863 547 4935 diligentius,
576 4870 603 4918 et
618 4861 809 4934 intelliguntur
837 4859 946 4928 clarius,
997 4863 1062 4921 dicit
1090 4864 1274 4936 acceptionem
1302 4865 1482 4936 eucharistiae,
1511 4881 1591 4939 quarn
1615 4882 1670 4923 non
1694 4867 1796 4924 debent

149 4960 177 5008 ει
194 4949 375 5022 predicantur
396 4951 552 5007 instantius.
581 4949 751 5006 Exstiterrmt
777 4948 871 5020 plures
901 4946 949 5019 qui
996 4951 1088 5024 pransi
1116 4969 1233 5020 sumere,
1257 4952 1416 5010 rclmensis
1439 4954 1494 5009 suis
1510 4953 1637 5021 miscere,
1660 4963 1689 5010 ιιι
1704 4953 1793 5011 tacie-

149 5038 302 5095 coelestium
324 5038 473 5094 verborum
497 5037 696 5109 simplicitatem
723 5053 774 5109 pro
802 5035 949 5092 voluntatis
998 5041 1063 5096 hant
1076 5040 1115 5096 illi
1130 5058 1198 5114 quos
1211 5041 1298 5114 arguit
1321 5042 1476 5114 Apostolus,
1502 5043 1552 5099 sed
1572 5043 1669 5114 jejuni,
1695 5043 1723 5098 in
1746 5045 1795 5100 ho·

151 5143 207 5183 sure
222 5141 315 5193 sensu,
332 5141 387 5182 non
400 5126 521 5183 raritatis
536 5125 804 5197 ipsiusabsolntione
828 5123 949 5196 suscipe·
998 5145 1094 5185 norem
1108 5129 1175 5185 tanti
1194 5129 1366 5186 sacramenti.
1390 5129 1464 5186 Licet
1487 5129 1558 5224 enim
1585 5131 1708 5188 Christus
1730 5139 1793 5206 post

184 5305 237 5370 (toi
256 5305 415 5370 Augustinus,
427 5306 463 5357 lte
477 5304 544 5355 olvit.
558 5303 611 5356 net.
1034 5301 1089 5370 (ta)
1108 5305 1155 5370 ld.‚
1168 5308 1253 5356 contra
1267 5305 1424 5358 Manichaeos.

199 5374 241 5436 tt)
259 5373 307 5439 ld.,
321 5371 417 5424 eodem.
1045 5372 1089 5438 tr)
1109 5373 1162 5436 ld.,
1175 5373 1209 5423 be
1220 5371 1325 5424 utilitate
1339 5372 1468 5426 medendi.

197 5439 241 5507 ts)
262 5439 316 5498 ld.,
329 5440 364 5491 ite
376 5451 434 5491 rara
445 5435 577 5502 relictam.
599 5505 601 5510 Α
1046 5439 1091 5506 ιιι)
1110 5438 1158 5503 ld.,
1171 5437 1203 5490 ad
1214 5439 1368 5492 ianuarium.
