3930 6066
116 173 173 229 dib
563 167 846 230 commilitoni
855 166 893 225 IN
907 163 1074 224 esatuos
1089 196 1124 210 -
1138 167 1234 226 PSAL.
1251 167 1336 224 Lxx.
1720 167 1772 224 bid

121 297 211 369 Quasi
224 295 316 352 dicat:
330 295 370 351 lta
382 293 501 351 hortaris
514 293 595 362 alios,
603 303 632 350 ut
644 293 736 352 dicant
747 312 755 348 ε
767 291 924 367 lleffnilice-
940 289 1086 358 Acadam,
1098 295 1140 362 tu,
1156 305 1211 346 non
1221 290 1275 346 alia
1285 290 1351 346 mibi
1361 306 1425 362 spes
1438 297 1493 348 ast.
1510 291 1546 348 Et
1557 289 1630 360 ideo,
1643 293 1773 361 minine,

120 396 166 443 tur
180 384 323 454 Dominus,
339 388 372 440 ta
387 397 463 456 ergo,
480 383 546 455 quid
559 383 646 440 iacis?
672 399 720 455 epo
747 398 820 451 vero,
851 382 925 453 quod
975 394 1012 435 ne
1025 380 1153 436 ntorerts.
1170 379 1291 435 Tardum
1305 379 1330 434 ei
1344 379 1460 448 videtur,
1477 396 1532 452 quo
1545 395 1649 454 magno
1662 380 1774 438 deside-

119 475 220 530 bortor
233 471 303 528 alios
315 471 397 528 facio.
413 472 482 528 Dico
496 471 569 543 quod
586 485 649 544 epo,
666 471 748 526 etiam
759 469 923 539 jamjustus,
975 467 1015 522 rio
1027 467 1171 540 quaeritur;
1187 483 1243 524 non
1257 475 1347 523 tamen
1357 475 1431 539 optet
1446 484 1508 524 eum
1522 469 1615 525 venire
1630 476 1774 542 antequam

119 579 188 618 aum
202 557 522 632 epennsvelmendicus,
539 559 567 615 id
581 565 623 615 est
637 565 743 631 petens,
756 557 821 630 quia
835 557 925 614 adhuc
975 555 1077 624 statuit,
1095 556 1144 612 sed
1162 555 1321 628 patientiam
1343 555 1447 628 querit.
1471 558 1505 611 Et
1528 565 1579 624 est,
1610 552 1726 615 Domine
1740 573 1775 615 ne

120 650 170 706 lex
178 648 364 704 membrorum
374 654 508 720 repugnat
517 646 575 718 legi
586 645 684 702 mentis
695 647 922 716 meae(llam.vrr),
975 643 1102 710 moreris,
1120 643 1149 700 id
1166 651 1207 699 est
1221 660 1256 699 ne
1270 643 1336 698 mibi
1349 644 1454 701 tardius
1468 643 1602 714 videatur,
1619 647 1692 717 quod
1705 661 1775 704 ven-

119 745 148 792 et
162 735 256 792 esurio
268 734 399 806 justitiam
415 733 523 804 (nant.
541 735 587 804 v);
604 733 649 789 ille
667 748 734 792 vero
748 733 835 799 dives,
861 732 924 787 nul·
974 738 1108 800 turuses,
1130 732 1202 802 quod
1224 731 1253 786 lit
1276 748 1326 802 per
1348 732 1591 806 patientiamque
1619 733 1666 804 qui
1691 743 1774 805 caret,

119 825 175 880 lius
184 840 251 896 eges
265 823 358 878 lumen
369 838 472 878 meum.
484 821 534 878 Vel
544 821 583 877 ita
591 821 734 878 continua:
746 821 801 893 Ipsi
816 821 851 878 de
865 822 925 877 Deo
975 819 1083 875 tardum
1093 819 1118 875 ei
1131 819 1250 890 videtur,
1267 827 1294 876 ει
1307 819 1503 876 dellectiturab
1519 835 1563 887 eo,
1579 820 1648 877 sieut
1663 828 1689 877 et
1707 837 1776 878 uxor

121 912 191 968 illud
206 911 307 978 dicant,
322 910 372 968 sed
386 909 421 966 de
435 925 465 966 se
475 909 513 966 ita
527 909 656 979 sensiant,
684 916 713 965 ut
735 908 807 966 dicat
832 925 840 964 a
863 908 925 980 Ego
974 907 1024 962 Lot
1038 907 1159 978 respexit
1172 915 1255 972 retro,
1274 923 1336 979 quae
1349 907 1421 965 iacta
1442 915 1484 964 est
1512 915 1601 964 statua
1615 907 1679 964 salis
1693 908 1774 980 (Gen.

121 1016 185 1056 sum
198 1006 378 1073 egenusetc.
391 997 440 1054 Vel
453 997 492 1052 ita
507 1013 514 1052 τ
530 997 652 1054 Assumit
679 995 730 1053 isto
759 996 811 1051 sibi
839 996 924 1052 verba
975 997 1048 1066 xix),
1065 1003 1094 1051 ut
1108 1003 1135 1052 ta
1148 995 1266 1052 condiat.
1288 996 1421 1068 Exemplo
1441 997 1513 1053 euim
1527 995 1577 1052 tibi
1591 1003 1633 1053 est
1648 997 1778 1070 nerespi·

120 1088 184 1154 Dei,
200 1087 247 1160 qui
267 1086 295 1141 in
315 1085 480 1158 precedenti
493 1085 601 1156 psalmo
628 1085 663 1141 de
693 1099 722 1140 se
745 1084 804 1140 haec
828 1084 924 1140 eadem
975 1083 1122 1140 cinsmtro.

119 1175 197 1230 ‘fim-
210 1174 292 1244 ΟΜ
305 1173 344 1228 iffi
359 1173 406 1245 ‘1¹¹¹
416 1181 540 1246 ‘sumum
550 1173 669 1229 mmm
678 1187 769 1229 mem
781 1180 844 1227 Μ*
854 1172 924 1228 dwi·
975 1210 1108 1254 comario
1126 1211 1157 1253 in
1180 1211 1311 1254 rsausuu
1335 1213 1413 1266 uxrx,
1433 1215 1532 1256 «nnus
1550 1215 1581 1256 ns
1600 1214 1777 1260 ansuronruu

120 1271 175 1330 tes,
199 1261 251 1318 sed
266 1276 319 1335 ego
333 1275 394 1316 sum
409 1275 523 1334 egenus,
540 1261 568 1316 id
582 1266 624 1318 est
636 1268 743 1333 petens,
769 1264 797 1316 ct
814 1275 925 1334 pauper
1206 1283 1286 1325 unu
1303 1283 1437 1339 imm,
1457 1290 1469 1320 s
1491 1279 1542 1328 erc,

121 1367 198 1418 anm,
214 1349 243 1404 id
257 1356 300 1405 est
314 1345 482 1404 insufficiens
497 1347 574 1415 mibi,
590 1348 655 1419 quia
669 1355 697 1404 et
710 1347 861 1404 mundanas
874 1363 924 1404 co·
1009 1354 1112 1412 Titulus
1127 1355 1287 1426 simpliciter
1310 1355 1337 1410 in
1353 1357 1470 1414 Hebraeo
1494 1357 1655 1429 ponebatur,
1676 1359 1712 1416 ad
1732 1375 1777 1418 re-

119 1438 182 1508 pias
196 1452 252 1492 non
261 1436 351 1502 habet,
368 1443 395 1490 et
409 1435 480 1491 intus
495 1435 542 1490 ubi
557 1442 599 1491 est
608 1435 696 1504 dives,
708 1451 817 1507 semper
830 1435 922 1504 ambit,
974 1425 1143 1480 ⁰⁰rd³1¹dum
1158 1437 1257 1487 trasna
1278 1440 1427 1482 annuum.
1450 1429 1597 1500 Propterea
1611 1445 1666 1484 non
1689 1430 1777 1487 otiose

118 1525 269 1590 desidem,
287 1523 398 1595 accipit·
414 1523 470 1580 Sed
485 1537 502 1578 0
516 1530 588 1581 „em
603 1524 707 1596 adjuva
730 1540 774 1580 m,
788 1523 815 1578 in
831 1523 924 1579 mundi
974 1495 1164 1566 explicuerunt
1178 1497 1253 1551 LXX
1263 1497 1418 1566 hujusmodi
1429 1500 1654 1560 recordationem
1664 1517 1774 1572 repom,

976 1568 1011 1633 εἰς
1025 1566 1056 1625 τὸ
1071 1566 1155 1626 ausui
1169 1591 1202 1646 με
1216 1565 1314 1650 κύριον.

120 1612 333 1668 mmmmm·
349 1613 422 1668 1⁴:⁰⁰⁶
440 1610 961 1701 undeooepit·V‘31’D⁰¹‘⁸“ds'‘”atB
1011 1646 1096 1702 Vnus.
1113 1650 1139 1702 l.
1156 1677 1191 1687 -
1223 1668 1234 1699 ι
1261 1647 1438 1706 Avertantur
1452 1649 1555 1704 atatim
1569 1649 1775 1706 erubescentes.

119 1714 179 1772 mc,
191 1699 246 1755 tiit
260 1698 359 1755 littero·
374 1700 409 1754 El
974 1715 1033 1772 Hoc
1042 1716 1070 1771 in
1082 1717 1218 1773 versiculo
1226 1717 1341 1772 liabetur
1349 1718 1422 1789 quod
1433 1719 1529 1774 vocula
1540 1729 1775 1808 :pannumque

425 1864 430 1878 Ι
670 1865 676 1878 ι
973 1810 1015 1884 est
1028 1803 1154 1877 ambigua
1169 1804 1204 1860 ad
1214 1805 1360 1886 uestigium
1374 1813 1402 1861 et
1424 1806 1580 1862 mercedem
1596 1822 1643 1862 seu
1658 1807 1775 1864 retribu-

158 1867 246 1923 Vsns.
258 1867 286 1920 T.
303 1895 337 1907 —
353 1885 365 1917 a
380 1865 494 1936 adiutor
507 1881 585 1922 meus
607 1873 633 1922 et
658 1865 786 1922 liberator
799 1881 877 1922 meus
893 1883 923 1924 ει
972 1880 1085 1942 tionem,
1094 1890 1180 1946 quare
1188 1875 1361 1932 Hieronrmus
1371 1875 1506 1943 verinae
1512 1878 1663 1948 vestipiam
1671 1882 1775 1951 consu·

122 1980 135 2006 a
158 1963 187 2011 tu
201 1953 326 2024 Domine,
346 1969 382 2010 ne
396 1953 521 2010 moreris.
541 1977 553 2002 a
972 1944 1144 2028 aioniasuoe,
1169 1944 1197 2001 id
1212 1946 1287 2018 quod
1306 1955 1385 2002 sonat
1413 1947 1513 2028 statim,
1541 1947 1668 2004 nimimm
1691 1964 1776 2020 super

973 2016 1132 2086 vestiprum,
1145 2023 1172 2070 ut
1187 2015 1222 2070 ad
1239 2015 1354 2072 verbum
1369 2017 1471 2088 legatur
1484 2035 1512 2073 m
1527 2018 1641 2074 Hebraeo
1657 2037 1664 2073 :
1680 2026 1776 2090 tropus

151 2098 217 2153 Esto
227 2095 342 2169 adjutor
352 2111 443 2162 mem,
451 2093 508 2167 [Gi.
523 2092 706 2166 immugiet
718 2093 825 2150 vincam
841 2113 851 2152 ,-
865 2095 923 2152 1100
973 2090 1016 2139 est
1038 2085 1162 2141 indicans
1186 2101 1246 2142 rem
1270 2101 1333 2143 mox
1362 2086 1490 2143 futuram.
1512 2089 1619 2144 Etenim
1647 2103 1775 2160 premere

120 2199 233 2255 semper
252 2183 396 2239 dicendum
411 2189 452 2238 est
467 2181 923 2252 etiamjustis.Velaic,secundum
973 2154 1272 2296 gfflsssfflffiffi
1291 2157 1628 2297 fffflgmffisseffiuffieffl
1651 2159 1775 2286 ffiissff

119 2272 204 2327 &lim
219 2271 347 2328 liberm·
369 2269 434 2327 1d⁶⁰
448 2270 557 2340 adjuva,
573 2270 636 2342 ⁴l¹¹i⁸
657 2270 772 2343 “dij
791 2287 871 2328 mem
895 2288 924 2328 ⁶³
973 2302 1038 2349 runt
1052 2295 1136 2367 digno
1151 2312 1244 2366 sensu,
1253 2313 1306 2368 pro
1313 2299 1440 2354 mercede
1450 2301 1627 2370 confusionis
1642 2315 1710 2369 suoe,
1722 2314 1773 2357 re·

121 2364 166 2427 ta,
181 2360 356 2417 etttberotor
364 2375 454 2426 meas,
466 2359 501 2415 de
515 2365 555 2416 tot
566 2357 830 2415 nexibuscurarum.
847 2360 924 2417 ittae
973 2363 1023 2420 luti
1038 2372 1169 2437 quantum
1184 2373 1325 2423 merentur
1343 2367 1491 2439 pudefiant.
1511 2392 1522 2416 a

743 2537 1030 2646 PSALMUS
1073 2545 1226 2648 LXX.

188 2743 292 2801 reatui
305 2755 613 2800 ammanuensium
633 2755 721 2796 naum
740 2755 873 2800 emronun
972 2748 1097 2817 Domini,
1108 2746 1136 2803 id
1153 2755 1195 2804 est
1209 2748 1257 2820 qai
1278 2763 1312 2804 ex
1339 2747 1477 2805 voluntate
1507 2750 1602 2806 servit.
1617 2749 1678 2806 lilii
1706 2766 1773 2825 ergo

240 2828 375 2881 ³⁰Nffl⁸r
396 2828 432 2869 Π
445 2827 570 2870 ”mm
583 2827 769 2869 fflffl‘lffl·
789 2835 801 2862 l
971 2835 1093 2891 ionadab
1108 2844 1171 2891 sunt
1187 2835 1235 2891 filii
1250 2836 1421 2904 obedientie,
1442 2837 1545 2896 seilicet
1573 2839 1619 2910 qui
1641 2854 1674 2895 ex
1700 2839 1772 2896 dile-

156 2929 190 2984 ln
205 2931 243 2994 te,
261 2927 386 2996 Domine,
409 2927 529 2999 sperari.
544 2925 670 2981 Titulus:
687 2927 818 2982 Psatmus
835 2924 957 3003 Doride
972 2923 1063 2980 atione
1079 2924 1210 2991 serviunt,
1226 2931 1253 2980 et
1266 2924 1319 2996 ipsi
1334 2933 1397 2981 sunt
1410 2926 1509 2998 captivi
1523 2928 1671 2984 secundum
1681 2927 1772 3002 legem

118 3015 250 3086 fitiorum
271 3015 406 3082 ionadab,
429 3017 458 3071 ct
478 3016 609 3087 priorum
622 3015 809 3088 captivorum.
826 3011 922 3086 [lup]
972 3012 1073 3080 carnis,
1102 3012 1151 3068 sed
1179 3027 1229 3069 cur
1255 3013 1336 3084 primi
1357 3014 1457 3086 captivi
1483 3015 1613 3086 dicimur,
1633 3015 1688 3086 jam
1708 3017 1769 3072 elu-

119 3103 248 3160 Psalmus
262 3103 312 3159 iste
325 3103 361 3159 de
375 3101 610 3160 commendatione
625 3100 721 3173 gratiae
735 3109 777 3158 ast
790 3117 850 3174 quae
864 3100 921 3156 fere
973 3108 1035 3168 eet,
1065 3099 1127 3172 quia
1154 3115 1205 3172 per
1232 3099 1442 3157 inobedientiam
1468 3103 1550 3174 primi
1577 3103 1714 3172 bominis,
1743 3104 1771 3160 in

119 3191 238 3264 singulis
253 3191 367 3264 syllabis
392 3191 437 3248 bio
452 3189 672 3248 commendatur.
701 3187 821 3262 Quiquid
848 3189 921 3245 eoba
971 3203 1131 3260 quoomnes
1145 3197 1337 3259 peccaverunt,
1354 3190 1452 3261 captivi
1466 3207 1578 3258 sumus;
1595 3199 1622 3246 ει
1638 3191 1667 3248 in
1693 3207 1772 3249 com-

117 3280 185 3335 boni
204 3295 299 3335 sumus
323 3278 513 3336 misericordia
538 3278 588 3333 Dei
610 3293 713 3333 sumus.
738 3276 876 3350 Quidquid
888 3293 919 3332 aa
971 3276 1112 3348 paratione
1133 3275 1247 3334 151
1266 3275 1383 3334 liliorum
1399 3279 1524 3336 ionadab
1538 3279 1627 3336 omnis
1641 3280 1771 3338 obedien·

116 3367 201 3423 nobis
215 3367 280 3422 mali
295 3383 401 3434 sumus,
422 3373 451 3423 ut
470 3372 526 3422 tota
540 3381 603 3437 spes
617 3373 711 3422 nostra
737 3365 765 3420 in
793 3367 851 3421 Deo
875 3365 919 3436 sit,
971 3364 1009 3420 tia
1025 3365 1133 3436 culpata
1155 3371 1206 3420 est.
1227 3365 1323 3421 Merito
1337 3382 1405 3440 ergo
1419 3366 1500 3439 primi
1521 3367 1619 3440 captivi
1634 3369 1769 3438 dicuntur,

116 3469 175 3511 non
187 3454 215 3510 in
230 3453 333 3510 nostris
343 3454 457 3510 viribus.
469 3453 547 3523 Quod
562 3461 654 3509 autem
668 3451 783 3513 iiliomm
797 3453 920 3508 ionadab
971 3451 1036 3525 quia
1056 3452 1161 3524 primus
1172 3454 1255 3509 homo
1264 3454 1298 3510 de
1312 3461 1386 3511 terra
1396 3463 1531 3524 terrenus,
1556 3456 1599 3513 eni
1613 3456 1716 3514 similes
1727 3475 1773 3514 su-

117 3541 224 3598 mentio
247 3543 277 3598 lit
299 3543 328 3597 in
342 3542 429 3608 titulo,
455 3541 596 3598 sciendum
612 3540 676 3614 quia
702 3541 825 3597 Jonadab
846 3556 920 3597 com·
971 3557 1042 3596 mus.
1059 3540 1201 3597 Secundus
1215 3542 1250 3598 de
1260 3542 1330 3598 coelo
1340 3543 1562 3617 coelestis,aquo
1570 3543 1726 3603 liberamur.
1737 3547 1772 3603 Et

116 3631 262 3686 mandatur
275 3646 292 3685 a
307 3630 433 3698 Ieremia,
449 3629 495 3702 qui
510 3628 573 3684 liliis
587 3629 716 3701 praecepit
739 3645 774 3685 ne
796 3629 921 3685 biberent
971 3637 1014 3685 est
1034 3645 1132 3684 sensus
1150 3629 1221 3685 tituli
1237 3647 1244 3684 :
1261 3632 1462 3699 Psulmusiste,
1477 3634 1714 3705 Daridprophetae
1728 3645 1770 3694 est

116 3719 223 3785 vinum,
244 3733 295 3774 nec
309 3718 338 3772 in
352 3717 489 3784 domibus,
512 3717 562 3773 sed
576 3717 605 3772 in
620 3716 802 3774 tabernaculis
816 3717 920 3772 babita-
970 3717 1097 3787 filiorum
1110 3717 1243 3784 renudat,
1259 3726 1287 3774 et
1300 3720 1423 3788 priorum
1433 3719 1610 3791 captivomm,
1625 3720 1653 3777 id
1671 3729 1712 3778 est
1722 3721 1770 3778 lilii

117 3815 181 3863 rent
203 3806 274 3878 (Ter.
297 3810 401 3878 xxxv),
435 3805 478 3862 eui
504 3804 544 3860 illi
567 3805 738 3872 obedierunt,
769 3805 846 3878 quasi
868 3805 920 3861 hoc
970 3805 1122 3878 spontanei,
1137 3805 1166 3860 id
1180 3813 1221 3860 est
1236 3807 1407 3864 obedientiae.
1431 3807 1560 3864 cantatur
1573 3809 1694 3880 psalmus
1720 3809 1771 3867 iste

116 3895 195 3950 Deus
208 3893 379 3966 praeciperet.
397 3893 472 3949 Licet
490 3893 562 3949 enim
584 3893 658 3948 Deus
678 3893 729 3949 boc
743 3909 798 3950 non
818 3893 919 3964 proeci-
971 3901 997 3950 ει
1025 3893 1068 3948 bia
1086 3893 1132 3965 qui
1156 3893 1235 3964 primi
1258 3894 1357 3965 captivi
1379 3894 1545 3964 ductisunt,
1575 3895 1604 3951 id
1622 3905 1663 3953 est
1681 3897 1768 3968 perti-

115 3989 207 4054 peret,
234 3989 403 4054 preceperat
422 3989 512 4037 nmen
526 3989 553 4036 ut
566 3979 615 4036 filii
639 3980 782 4037 obedirent
799 3981 919 4052 parenti·
970 3989 1066 4038 nentes
1080 3981 1114 4036 ad
1128 3980 1245 4051 primum
1262 3983 1400 4038 hominem
1418 3991 1531 4055 pmpter
1553 3983 1669 4055 primum
1690 3985 1771 4057 primi

116 4067 187 4132 bns3
204 4065 278 4138 quod
293 4072 319 4121 et
334 4065 442 4134 debent,
453 4064 507 4120 nisi
520 4072 610 4136 patres
617 4064 719 4137 aliquid
727 4073 823 4121 contra
830 4066 919 4120 Deum
970 4069 1079 4142 captivi,
1091 4068 1153 4141 quia
1169 4070 1245 4140 prius
1263 4077 1305 4126 est
1333 4071 1405 4143 quod
1429 4071 1548 4128 animale
1576 4080 1627 4141 est,
1657 4081 1769 4146 propter

111 4153 256 4224 iusserint.
272 4154 351 4209 Unde
365 4160 392 4208 et
409 4154 482 4210 Deus
497 4152 634 4209 benedixit
653 4153 693 4208 eis
715 4160 826 4224 propter
853 4153 919 4209 obe-
970 4158 1120 4216 secundum
1135 4159 1281 4228 bominem,
1306 4159 1420 4216 secundi
1439 4161 1586 4232 redempti.
1606 4161 1654 4218 itis
1672 4171 1769 4220 cann-

113 4240 255 4308 dienliam,
274 4255 376 4312 eosque
388 4256 438 4312 per
450 4241 608 4297 teremiam.
629 4239 729 4311 objicit
744 4239 807 4296 liliis
822 4241 915 4312 lsrael,
969 4254 1013 4302 tur
1025 4247 1158 4318 psalmus,
1175 4256 1204 4302 ut
1219 4247 1326 4303 discant
1342 4264 1392 4319 per
1407 4249 1524 4321 gratiam
1539 4251 1649 4322 reverti,
1665 4251 1712 4324 qui
1734 4269 1768 4309 aa

114 4328 163 4401 qni
183 4328 278 4384 nolunt
301 4327 413 4384 obedire
438 4330 496 4385 Deo
524 4328 596 4385 Patri
621 4328 766 4401 spirituali,
790 4329 859 4385 sicut
877 4329 916 4384 illi
968 4351 999 4391 se
1012 4335 1077 4391 mali
1101 4345 1172 4392 sunt.
1191 4335 1338 4408 [Cassiod]
1360 4336 1410 4392 Vel
1424 4337 1472 4405 ita,
1488 4345 1517 4394 ut
1531 4355 1582 4411 per
1597 4337 1668 4396 filios
1686 4341 1768 4397 Jona-

114 4415 187 4488 patri
201 4415 315 4472 carnali.
338 4416 415 4472 Unde
429 4416 524 4472 suadet
538 4417 670 4474 ieremias
694 4417 757 4472 filiis
780 4419 865 4475 lsrael
887 4425 916 4473 ut
966 4423 1019 4479 dab
1038 4440 1133 4481 omnes
1153 4424 1311 4480 obedientes
1326 4425 1502 4496 accipiamus,
1522 4443 1573 4499 per
1597 4427 1702 4499 primos
1722 4445 1770 4486 ca·

112 4511 213 4577 parem
226 4520 257 4561 se
278 4504 433 4576 captivitati,
454 4520 506 4562 nec
535 4505 662 4562 resistant
698 4506 831 4563 voluntati
853 4505 914 4563 Dei.
966 4512 1055 4583 ptivos
1070 4529 1166 4569 omnes
1187 4513 1387 4570 inobedientes.
1418 4515 1559 4571 Mouemur
1582 4515 1705 4572 enimin
1729 4517 1766 4573 ti-

113 4592 183 4649 lnda
206 4607 273 4665 ergo
299 4592 407 4648 videtur
430 4600 555 4665 sumptus
577 4593 671 4649 titulus
699 4595 780 4664 bajus
804 4595 913 4667 psalmi.
965 4599 1021 4655 tuto
1037 4601 1211 4658 devotionem
1225 4601 1326 4658 babere
1341 4601 1455 4658 filiorem
1476 4603 1612 4671 ionadab,
1628 4620 1684 4660 non
1697 4622 1767 4662 eon·

113 4681 183 4738 (lum
197 4695 266 4754 ergo
287 4679 410 4749 (lubeat,
432 4681 708 4751 interamnensi
731 4684 861 4756 subjecit,
887 4687 916 4740 et
964 4689 1109 4745 tumaeiam
1120 4689 1286 4758 ludaeorum,
1312 4690 1358 4763 qui
1381 4690 1482 4762 captivi
1510 4707 1572 4748 esse
1594 4703 1762 4764 meruerunt,

111 4784 214 4826 corum
232 4770 281 4841 poi
293 4769 383 4842 primi
397 4769 503 4843 captivi
525 4771 604 4826 docti
625 4774 704 4837 sant,
720 4786 774 4826 non
789 4772 853 4843 quia
866 4771 915 4828 lilii
963 4792 1016 4850 qua
1044 4776 1200 4850 frequenter
1228 4779 1324 4836 moniti
1346 4779 1491 4836 noluerunt
1518 4781 1631 4856 corrigi.
1648 4783 1765 4840 Historia

111 4856 238 4913 ionadab
261 4857 363 4928 captivi
376 4857 448 4914 ducti
471 4857 534 4928 sint,
551 4858 600 4913 sed
612 4859 703 4930 potius
718 4859 836 4931 oppositi
851 4866 915 4914 sunt
964 4865 1035 4920 enirn
1055 4865 1185 4923 sichabet
1208 4867 1235 4922 in
1249 4868 1320 4923 libro
1336 4884 1431 4940 regum
1447 4869 1572 4941 (llllep.
1588 4885 1659 4939 xvir,
1680 4872 1763 4945 xxv).

111 4943 176 5000 filiis
189 4945 285 5015 lsrael,
301 4945 468 5016 captivandis
490 4954 602 5017 peccato
624 4946 824 5004 inobedientia.
854 4946 914 5002 Filii
963 4954 1050 5026 Igitur
1075 4954 1172 5022 ludaei,
1187 4970 1239 5026 pro
1262 4954 1324 5028 lege
1350 4957 1460 5012 Domini
1488 4965 1655 5031 contempta,
1679 4959 1765 5018 dediti

112 5048 242 5104 namque,
258 5033 354 5103 lsrael,
378 5033 505 5105 captivati
528 5040 590 5090 sunt
613 5034 694 5106 primi
708 5042 734 5092 et
748 5034 860 5090 secundi
887 5040 914 5090 et
964 5049 1027 5097 sunt
1047 5041 1144 5113 prima
1163 5049 1190 5098 er
1214 5043 1341 5100 secunda
1364 5045 1503 5118 capiviran
1530 5053 1558 5103 er
1585 5047 1687 5116 terrim
1712 5049 1763 5105 sed

112 5120 257 5188 tertii‚scd
271 5121 375 5178 nonde
390 5121 432 5177 bis
447 5128 526 5180 sonat
539 5121 660 5194 psalmus
676 5139 683 5180 :
698 5123 789 5197 potius
810 5123 845 5180 de
863 5139 913 5180 no·
962 5137 991 5185 ut
1007 5130 1212 5204 corrigerentur
1227 5138 1374 5204 antequam
1388 5133 1479 5205 prima
1506 5135 1621 5204 veniret,
1637 5153 1687 5209 per
1701 5151 1764 5210 pro·

112 5209 156 5264 bis
177 5209 225 5282 qui
245 5209 414 5282 captivamur
427 5210 456 5265 in
468 5211 561 5285 legem
587 5211 703 5284 peccati,
728 5229 789 5286 quae
816 5220 858 5268 est
885 5211 913 5268 in
961 5219 1072 5290 phetam
1086 5219 1264 5290 praenuntiata
1286 5227 1328 5278 est
1349 5221 1411 5276 :illi
1434 5239 1499 5280 vero
1523 5233 1651 5282 consueta
1666 5226 1764 5302 nequi·

110 5297 243 5353 membris
273 5297 363 5368 (llam
394 5303 454 5370 vu).
484 5299 563 5356 Unda
590 5300 679 5373 τηερε
706 5301 913 5357 commendatur
961 5307 997 5362 tia
1010 5307 1038 5362 in
1047 5307 1227 5364 obstinatione
1241 5319 1458 5382 permanserunt,
1485 5310 1534 5367 filii
1553 5329 1621 5386 ergo
1640 5315 1763 5372 ionadab

109 5385 201 5460 tufi&
214 5384 379 5455 llbfflwfib
398 5386 445 5460 (lui
459 5403 553 5444 sumus
580 5385 628 5443 fiffi
656 5388 789 5456 J⁰fl⁸dttb2
820 5389 849 5446 id
871 5397 914 5445 est
962 5395 1023 5453 loco
1040 5396 1160 5453 omnium
1175 5397 1370 5467 obedientium,
1385 5399 1494 5472 priores
1509 5402 1609 5474 captivi
1630 5403 1692 5462 loco
1704 5418 1763 5461 om·

109 5474 266 5548 spontanei.
294 5474 417 5532 suamab
431 5475 505 5533 euim
528 5475 720 5549 interpretatur
737 5479 911 5549 spontaneas
961 5485 1038 5544 nium
1060 5485 1257 5544 contumacium
1271 5495 1418 5562 ponuntur.
1436 5487 1472 5544 Et
1486 5497 1527 5546 est
1546 5506 1643 5548 sensus
1668 5509 1676 5548 z
1706 5491 1761 5567 [Gl.
