3906 6056
182 121 248 174 llil
840 102 943 162 emt
966 98 1155 160 colludant.
1708 99 1712 104 ’
1760 103 1842 158 lm

181 239 294 298 interius
317 237 385 293 alias
405 233 609 300 delectationes,
638 230 865 290 delectationibus
888 224 1017 287 carried
1030 227 1068 284 tia
1083 243 1143 285 cum
1159 244 1214 303 qua
1228 229 1285 288 nati
1299 245 1403 296 sumus,
1418 226 1492 284 liniri
1514 242 1570 283 non
1593 231 1685 298 potest
1708 224 1842 298 quandin

181 328 252 384 nulla
266 343 300 382 ex
326 332 405 396 parte
426 322 617 380 conferendas.
642 321 716 376 llors
743 335 810 393 ergo
834 314 982 380 contendit,
1032 317 1165 386 vivimus3
1182 319 1302 392 quotidie
1316 317 1401 374 minui
1414 323 1514 389 potest,
1530 313 1602 370 finiri
1615 329 1671 371 non
1686 322 1792 386 ροιεει.

182 417 234 472 sed
251 429 330 470 mens
349 429 404 468 non
427 410 582 476 consentit;
609 417 637 465 ct
661 407 752 465 estin
774 423 828 474 me,
854 404 984 478 quiddam
1334 407 1447 462 CAPUT
1462 405 1533 460 vul.

181 510 330 572 mortuum,
346 509 373 557 et
387 500 515 574 quiddam
530 498 622 554 virum
636 499 722 569 (tta).
748 495 798 552 Vel
821 495 864 550 lex
878 491 983 565 peccati
1068 496 1154 551 Vnas.
1171 499 1197 563 l,
1212 499 1240 554 ι.
1255 526 1291 538 -
1306 517 1317 547 ι
1334 495 1407 551 Nihil
1420 509 1489 567 argo
1503 508 1574 550 nuno
1595 491 1781 548 damnationis
1795 501 1840 547 est

183 590 316 662 accipitur
336 605 488 647 consensus
512 595 540 642 et
561 584 684 657 operatio
708 583 823 656 peccati.
848 583 903 638 Lex
917 595 983 637 vero
1036 583 1105 640 «bis
1120 584 1166 656 qui
1188 591 1250 640 sunt
1267 584 1294 640 in
1314 583 1420 641 Christo
1441 583 1517 652 lesu,
1537 581 1583 653 qui
1603 596 1660 637 non
1678 580 1839 638 secundnm

181 678 272 736 camis
282 677 325 736 vel
339 677 534 742 membrorum,
550 674 654 746 primus
677 681 767 730 motus
783 669 983 742 concupiscen-
1035 693 1047 722 a
1064 688 1174 730 earnem
1189 673 1335 729 ambulant.
1352 673 1406 729 Lex
1416 671 1488 729 enim
1503 671 1615 742 spiritus
1629 669 1690 726 ritae
1704 668 1735 725 in
1748 669 1840 725 Chri·-

181 767 231 824 tiae.
241 773 267 823 et
282 767 334 822 hoc
348 773 398 832 est,
414 764 493 820 video
510 765 597 834 lupam
607 763 706 830 aliam,
719 760 822 817 scilicet
837 756 983 828 concupis·
1036 783 1047 813 t
1065 769 1107 818 sto
1122 762 1186 817 lesu
1200 760 1324 818 liberavit
1337 776 1381 817 me
1393 759 1483 833 alege
1497 758 1603 832 peccati
1616 766 1643 815 ει
1656 757 1763 814 mortis.
1785 783 1798 805 ι

183 854 280 912 centiae
311 861 434 920 motum,
451 852 478 907 in
502 850 632 907 membris
652 849 732 916 meis,
757 856 786 904 ut
805 847 833 903 in
857 846 937 902 oculo
949 845 984 901 ad
1068 851 1146 908 Nihil
1159 866 1223 924 erpo
1238 859 1290 908 ete.
1307 849 1391 919 Quasi
1413 849 1508 906 dieat:
1533 847 1603 918 Quis
1625 855 1715 904 mente
1740 847 1839 902 serrio

183 942 442 1015 concupiscendum,
458 940 498 996 sic
513 947 541 995 ει
563 939 591 992 in
606 938 678 1006 aliis,
701 940 910 1010 repraesentem
930 935 984 1006 (ιρι
1032 938 1096 1012 legi,
1109 955 1172 1012 erpa
1182 940 1257 995 nibil
1267 937 1648 1006 damnationirest,raacc,et
1660 936 1684 991 si
1696 941 1839 1004 antenor

183 1035 375 1088 mentitmcce.
385 1031 505 1085 llocnon
513 1033 633 1082 mutatur
641 1024 726 1098 (ιιι).
736 1026 771 1080 lit
779 1025 982 1096 captivantem,
1032 1035 1123 1084 tamen
1139 1042 1221 1098 nunc,
1243 1042 1303 1083 aum
1326 1027 1355 1083 in
1381 1027 1489 1083 christo
1513 1033 1576 1080 sunt
1599 1025 1684 1096 (225).
1704 1025 1767 1080 Non
1794 1032 1841 1078 est

184 1119 211 1174 id
226 1127 268 1175 εει
281 1119 416 1189 captivare
430 1133 475 1172 me
499 1122 653 1183 conantem,
671 1115 703 1171 in
728 1115 786 1186 lepc
806 1113 932 1186 peccati,
949 1111 983 1167 ad
1033 1115 1105 1182 dico,
1122 1114 1166 1172 bia
1182 1117 1231 1188 qai
1243 1119 1314 1172 aaut
1337 1115 1369 1170 ira
1396 1114 1506 1172 Christo
1526 1116 1600 1180 Ictu,
1620 1113 1649 1168 in
1662 1128 1717 1184 quo
1740 1112 1839 1168 omnia

185 1206 409 1264 consentiendum
437 1213 538 1271 mente,
561 1203 783 1275 implendumque
811 1215 893 1272 ορετε
915 1214 984 1271 pec·
1033 1203 1184 1269 solvuntur,
1207 1212 1234 1260 et
1247 1203 1310 1260 ideo
1330 1202 1397 1258 nibil
1421 1201 1602 1258 damnationis
1624 1209 1666 1257 εει
1687 1197 1753 1266 dtis:
1769 1201 1839 1272 quia

186 1303 287 1351 catum.
304 1293 354 1349 Vel
368 1293 458 1364 potius
472 1293 569 1349 eadem
592 1297 633 1348 est
659 1291 701 1346 lex
726 1290 933 1355 membrorum,
958 1296 984 1344 ει
1033 1292 1083 1348 etsi
1096 1291 1212 1349 maculoe
1226 1307 1259 1348 ex
1283 1306 1366 1348 carne
1386 1299 1457 1356 sunt,
1477 1306 1533 1346 non
1555 1290 1664 1355 obsunt,
1685 1288 1738 1343 etsi
1760 1287 1839 1344 enim

183 1383 228 1440 lex
243 1381 359 1454 peccati,
385 1381 489 1438 scilicet
510 1380 628 1436 carnalis
651 1378 880 1450 concupiscentia,
906 1383 935 1432 ut
949 1376 985 1432 sit
1033 1380 1134 1436 habent
1147 1378 1281 1436 desideria
1295 1379 1394 1446 carnis,
1411 1379 1510 1450 quibus
1524 1393 1579 1434 non
1588 1377 1773 1440 consentiunt,
1794 1385 1838 1431 et-

185 1487 293 1538 sensus,
308 1472 501 1543 captivantem
511 1467 918 1540 mcictcpepeccatl,hceest
932 1465 984 1520 sub
1034 1467 1057 1523 si
1078 1468 1122 1523 lex
1146 1468 1174 1523 in
1194 1467 1325 1524 membris
1352 1483 1447 1524 eorum
1471 1474 1605 1541 repugnat
1628 1465 1683 1539 lagi
1705 1465 1836 1531 mentis;

183 1559 246 1631 lege
260 1558 320 1630 ipsa
335 1560 420 1628 (aab).
439 1559 492 1627 Qut
501 1562 545 1614 ert
558 1559 590 1613 ln
600 1556 732 1613 membris
756 1556 837 1611 meis.
863 1553 1019 1638 CaptiuatB
1033 1564 1124 1613 umen
1138 1555 1176 1610 nil
1191 1555 1374 1612 damnationis
1389 1562 1440 1622 est,
1454 1555 1518 1627 quia
1531 1571 1582 1626 per
1596 1553 1710 1627 gratiam
1724 1552 1838 1624 baptis-

185 1655 276 1704 autem
299 1663 353 1717 me,
377 1654 406 1701 ut
428 1646 587 1718 predictum
618 1653 669 1711 est,
697 1659 731 1700 ex
754 1658 847 1711 carne,
871 1658 927 1698 non
950 1657 983 1698 ex
1033 1645 1113 1700 matis
1126 1651 1153 1700 et
1166 1644 1307 1700 lavacmm
1320 1643 1537 1717 regenerationis
1552 1641 1654 1698 solutus
1668 1649 1721 1705 εει,
1738 1651 1766 1696 et
1775 1641 1838 1712 ipsc

167 1721 286 1792 mente.
313 1733 384 1804 Quid
413 1734 480 1790 milti
517 1733 705 1805 sperandum?
731 1731 920 1803 Exspectanda
943 1737 983 1786 est
1032 1741 1124 1790 reatus
1138 1748 1200 1790 cum
1216 1747 1269 1804 quo
1282 1741 1342 1788 erat
1355 1739 1442 1798 natus,
1460 1739 1487 1787 ει
1507 1730 1639 1803 quidquid
1659 1737 1742 1785 antea
1764 1745 1836 1786 can-

185 1824 309 1880 liberatio
323 1824 352 1878 in
366 1823 473 1879 Christo
483 1822 568 1894 (ιιι).
584 1824 653 1877 Nam
663 1818 982 1894 ego,spiritualishomo,
1034 1821 1143 1878 sensisti
1164 1820 1237 1877 male
1258 1819 1496 1892 concupiscentia,
1512 1818 1760 1892 circumdatione,
1778 1817 1838 1874 sire

186 1913 250 1986 quia
265 1910 395 1980 carnalis,
411 1912 519 1984 infelix
542 1926 610 1977 aum,
633 1924 690 1965 non
704 1909 732 1964 in
752 1916 860 1974 mente,
884 1908 933 1964 scd
956 1907 985 1962 in
1032 1909 1178 1976 locutione,
1194 1909 1252 1966 sive
1266 1909 1382 1966 actione.
1398 1908 1504 1965 Deinde
1528 1907 1574 1980 qui
1590 1907 1643 1963 aiat
1660 1907 1689 1962 in
1712 1906 1835 1970 Christo,

185 2008 352 2068 camc,etc.,
363 2001 480 2074 quiamc
491 1998 620 2056 liberabit
634 1998 668 2054 dc
684 2014 799 2070 corpor-c
814 1998 915 2054 martir
929 1997 983 2052 ltu-
1033 1997 1196 2054 determinat
1218 1997 1313 2053 dicens
1329 2014 1336 2053 :
1354 1997 1406 2065 Qut
1425 2013 1484 2054 non
1507 1997 1655 2053 ambularat
1674 1994 1837 2052 secundom

184 2091 238 2160 ius,
255 2088 284 2144 id
293 2094 334 2144 εει
345 2088 380 2143 dc
393 2086 610 2162 congregatione
626 2086 823 2142 imminentium
838 2084 981 2151 malorum,
1033 2102 1158 2143 carneae.
1175 2085 1259 2155 Quasi
1272 2085 1344 2142 dieat
1361 2103 1368 2140 :
1384 2085 1432 2141 ilis
1450 2084 1489 2139 nil
1508 2083 1690 2140 damnationis
1710 2083 1758 2155 qui
1780 2100 1836 2139 non

186 2177 289 2234 scillcet
304 2175 338 2233 de
353 2177 473 2232 motibus
487 2173 716 2240 concupiscentie
739 2174 837 2247 quibus
860 2181 984 2230 nostrum
1033 2174 1169 2231 ambulant
1185 2175 1334 2231 seeundum
1348 2189 1459 2230 carnem
1471 2217 1479 2241 ,
1493 2173 1522 2228 id
1545 2179 1588 2228 est
1610 2173 1658 2246 qul
1680 2189 1737 2229 non
1765 2173 1837 2228 obe-

186 2281 284 2337 corpus
305 2265 463 2337 parcutitur,
488 2264 516 2320 in
539 2279 594 2336 quo
615 2263 718 2320 habitat
737 2269 879 2335 peccatum
894 2262 908 2317 l
922 2261 983 2329 Vel,
1033 2263 1110 2320 diunt
1122 2263 1206 2330 carni,
1229 2263 1280 2319 etsi
1300 2262 1446 2335 aliquando
1469 2261 1578 2318 cadunt.
1595 2263 1654 2318 len
1672 2263 1763 2318 caim.
1785 2262 1837 2318 llic

185 2355 220 2411 dc
233 2369 349 2428 corpore
362 2356 464 2410 mortis
480 2353 574 2426 bajas,
590 2352 618 2408 id
631 2359 672 2408 εει
680 2352 714 2407 dc
728 2367 843 2424 corpore
853 2350 923 2422 isto,
941 2367 985 2406 εε-
1033 2352 1151 2408 ostendit
1166 2367 1215 2423 ρετ
1238 2352 1303 2425 quid
1327 2350 1414 2424 gratia
1436 2351 1486 2407 Dei
1509 2350 1625 2416 liberat,
1651 2349 1758 2406 scilicet
1785 2367 1836 2421 ρετ

187 2442 306 2499 cundum
320 2442 394 2514 quod
412 2442 529 2498 mortale
551 2449 605 2498 est.
630 2439 768 2514 [August]
781 2442 843 2496 Non
857 2439 930 2496 anim
944 2439 984 2496 sic
1034 2440 1166 2512 Spiritum
1180 2447 1312 2496 sanctum.
1328 2439 1402 2495 Dixit
1415 2447 1507 2496 autem
1521 2438 1559 2493 nil
1572 2438 1758 2494 damnationis
1773 2455 1835 2494 εεεε

186 2529 353 2596 liberabitur,
368 2538 397 2584 ut
410 2530 463 2586 hoc
477 2545 575 2601 corpus
589 2545 645 2586 non
658 2529 766 2584 babeat.
782 2527 897 2584 Habebit
911 2527 984 2584 enim
1034 2529 1077 2586 his
1091 2529 1137 2603 qui
1151 2545 1207 2586 non
1220 2528 1360 2584 ambulant
1388 2528 1540 2584 secundum
1563 2543 1684 2594 carnem,
1699 2535 1726 2583 at
1752 2527 1831 2598 qnasi

186 2619 239 2674 hoc
254 2633 364 2689 corpus,
383 2618 499 2674 sednon
510 2618 568 2686 jam
583 2617 680 2673 mortis
693 2617 782 2686 hujus.
807 2618 898 2689 Ipsum
921 2617 983 2686 erit,
1034 2617 1094 2691 quis
1108 2618 1211 2674 diceret
1227 2636 1234 2672 :
1250 2619 1366 2674 Potesne
1381 2617 1531 2672 secundum
1558 2631 1670 2672 carnem
1697 2631 1755 2672 non
1777 2633 1834 2670 am·

187 2713 214 2761 et
228 2721 282 2762 non
297 2706 388 2775 ipsum
402 2706 452 2761 erit
469 2706 577 2776 :ipsum
588 2706 648 2772 erit,
658 2705 721 2777 quia
734 2704 792 2776 ipsa
802 2703 905 2761 creatio
915 2704 983 2772 erit;
1033 2705 1153 2762 bularei
1168 2705 1323 2777 Respondet
1335 2724 1342 2760 :
1354 2706 1478 2770 Possum,
1495 2704 1559 2776 quia
1573 2706 1621 2761 lex
1634 2705 1768 2776 spiritua,
1779 2711 1832 2760 etc.

186 2809 242 2850 non
256 2794 345 2866 ipsum
359 2794 422 2861 erit,
438 2793 500 2866 quia
520 2793 635 2850 mortale
659 2807 714 2849 non
738 2793 797 2849 erit.
813 2792 985 2849 Liberabitur
1034 2794 1084 2850 Vel
1098 2793 1138 2851 sic
1152 2793 1278 2852 continua
1294 2812 1302 2849 :
1319 2794 1383 2850 ldeo
1398 2793 1466 2849 nibil
1486 2792 1669 2849 damnationis
1690 2801 1742 2861 εει,
1770 2793 1834 2864 quia

187 2890 277 2939 autam
292 2891 365 2949 tuac,
381 2897 442 2938 cum
457 2882 574 2938 mortale
597 2883 650 2940 hoc
677 2881 769 2938 induet
793 2881 984 2938 immortalite·
995 2931 1019 2992 0
1033 2881 1077 2939 lex
1092 2883 1211 2954 spiritus,
1226 2883 1306 2938 idest
1321 2882 1437 2953 Spiritus
1452 2889 1573 2946 sanctus,
1598 2881 1644 2953 qui
1663 2881 1745 2938 docet
1768 2881 1834 2953 quid

185 2979 253 3041 tem,
268 2971 315 3026 ubi
328 2971 402 3026 nulla
416 2970 637 3042 concupiscentia
651 2969 810 3028 remanebit.
828 2969 881 3026 Sed
897 2985 914 3026 ε
929 2985 983 3042 quo
1034 2973 1170 3045 agendum
1185 2971 1228 3039 sit,
1245 2971 1310 3044 quid
1325 2987 1388 3038 non,
1406 2971 1452 3044 qui
1466 2978 1508 3027 est
1522 2970 1600 3026 dator
1614 2969 1686 3038 vitae,
1704 2970 1835 3026 liberavit

186 3059 349 3116 liberabitur
364 3059 415 3114 idi
429 3075 480 3131 per
494 3059 603 3131 queml
632 3061 730 3118 Gratia
743 3061 794 3116 Dei
811 3075 863 3132 ρετ
888 3060 983 3115 terum
1033 3077 1078 3118 mc
1092 3079 1111 3117 a
1126 3062 1183 3133 leqc
1198 3062 1308 3134 pcccati
1323 3064 1351 3118 ει
1360 3061 1470 3127 mortis,
1487 3058 1515 3115 id
1530 3066 1570 3115 εει
1585 3074 1601 3115 a
1615 3058 1678 3132 lege
1688 3059 1758 3115 lllcsi
1774 3075 1834 3132 que

187 3148 331 3206 cunctam
343 3149 493 3206 Dominum
503 3151 644 3206 nostrum.
661 3147 737 3205 Sicut
753 3148 825 3204 enim
838 3163 887 3218 ρετ
900 3163 983 3203 unum
1035 3165 1085 3222 per
1098 3157 1250 3220 peccatum,
1266 3149 1293 3204 id
1309 3157 1351 3205 εει
1363 3164 1413 3220 ρετ
1426 3147 1676 3220 prevaricationem
1695 3155 1737 3203 εει
1751 3163 1835 3204 causa

185 3237 324 3294 hominem
338 3252 413 3293 mors
428 3237 495 3305 luit,
513 3237 550 3292 ita
565 3245 591 3294 et
605 3252 655 3309 ρετ
669 3253 753 3292 unum
779 3236 917 3292 bominem
932 3236 984 3292 erit
1034 3237 1140 3294 mortis.
1156 3239 1191 3294 Et
1205 3239 1257 3294 boc
1271 3240 1304 3294 in
1315 3237 1425 3294 Cbrt’ato
1438 3239 1513 3303 tera,
1529 3236 1557 3293 id
1572 3243 1613 3292 εει
1633 3252 1684 3307 ρετ
1698 3236 1833 3292 Christum

183 3325 349 3382 resurrectio
379 3331 559 3388 mortuomm
595 3324 651 3380 Sed
682 3324 765 3380 modo
788 3323 897 3380 interim
918 3323 984 3396 quid
1033 3325 1080 3398 qui
1103 3326 1150 3382 dat
1171 3326 1261 3398 ipsum
1283 3326 1416 3397 spiritum.
1441 3323 1621 3399 [Ambmsius]
1645 3323 1695 3380 Vel
1720 3325 1767 3395 ita,
1789 3324 1833 3380 lex

183 3412 258 3470 criti
273 3427 375 3485 pugna,
401 3412 484 3469 lucta.
507 3411 586 3468 Unde
609 3412 723 3467 subdit:
749 3413 839 3484 lpitur
863 3429 911 3485 epo
924 3413 984 3486 ipsc
1034 3413 1144 3486 spiritus
1176 3415 1315 3485 accipitur,
1340 3415 1383 3469 lex
1415 3412 1479 3470 lidei
1501 3429 1563 3485 quae
1590 3413 1689 3470 dicitur
1712 3413 1831 3484 spiritus,

154 3507 156 3512 “
186 3507 238 3556 ειε.
255 3499 341 3572 (ιιι).
357 3500 442 3569 Quasi
457 3499 529 3556 dicat
546 3515 552 3555 :
569 3500 657 3555 llante
671 3500 845 3556 condelector
868 3500 934 3572 legi,
958 3508 984 3556 et
1034 3501 1098 3575 quia
1112 3502 1197 3570 Deus,
1214 3503 1291 3572 cujus
1305 3501 1374 3559 fides
1398 3511 1449 3569 εει,
1473 3501 1585 3574 spiritua
1599 3509 1641 3558 εει
1656 3503 1742 3572 (ιιῦ).
1768 3502 1833 3557 liis-

186 3603 270 3645 carne
284 3588 409 3660 captivus
421 3589 518 3645 ducor.
534 3588 623 3662 lpitur
634 3604 682 3661 cqc
695 3591 765 3662 lpse,
782 3588 809 3644 id
820 3595 862 3644 est
873 3605 942 3644 unus
957 3596 984 3645 et
1034 3591 1179 3648 cemendae
1193 3591 1237 3648 lric
1252 3599 1314 3647 aunt
1329 3598 1386 3647 tres
1400 3590 1488 3663 leges,
1504 3598 1531 3646 ει
1546 3592 1611 3646 satis
1620 3591 1776 3647 ιτεεεεεετίε
1791 3599 1833 3646 εει

185 3677 259 3733 idem
274 3692 396 3748 prorsus,
422 3683 514 3734 mente
538 3684 565 3733 ει
583 3692 665 3734 carne
688 3676 788 3744 sarria,
819 3678 868 3734 aed
888 3681 984 3734 mente
1034 3680 1086 3737 ista
1099 3680 1236 3737 discretio.
1253 3682 1321 3748 Lex,
1344 3680 1440 3753 inquit,
1455 3681 1574 3754 spiritua
1597 3682 1679 3748 uitta,·
1702 3695 1834 3736 eccenm

185 3766 285 3836 tercio,
303 3767 358 3838 lapi
370 3767 431 3833 lici,
449 3780 505 3821 non
529 3766 725 3823 consentiendo
749 3773 871 3838 peccato,
897 3781 984 3824 carna
1033 3768 1079 3825 lex
1093 3787 1100 3837 ;
1114 3785 1132 3826 a
1144 3770 1201 3841 lcpc
1217 3770 1328 3843 pcccati
1350 3773 1379 3826 et
1402 3771 1512 3836 martia,
1535 3783 1600 3826 acce
1622 3769 1706 3825 altera
1727 3768 1791 3836 lex;
1806 3777 1834 3824 ει

185 3861 276 3909 autem
290 3853 380 3911 servio
397 3855 451 3927 lapi
462 3855 582 3928 peccati,
599 3855 827 3926 concupiscendo.
844 3857 916 3927 Ergo
930 3869 985 3928 ego
1034 3856 1284 3931 quodlmporribilc
1297 3861 1360 3914 erat
1376 3859 1443 3931 lapi,
1456 3873 1521 3915 acce
1543 3857 1622 3914 tertia
1645 3857 1699 3913 lex.
1714 3859 1780 3914 llaec
1793 3867 1834 3914 εει

186 3942 246 4014 ipse
260 3942 351 3998 servio
360 3943 389 3997 in
398 3957 481 3998 carne
494 3961 501 4010 3
513 3959 567 4017 ego
577 3943 637 4014 ipae
648 3943 739 3999 servio
752 3942 781 3997 in
790 3951 881 4000 mente
896 3943 981 4014 (ιιι).
1034 3945 1076 4002 lex
1091 3963 1140 4017 per
1154 3947 1248 4003 llosan
1261 3945 1326 4002 datu
1338 3946 1367 4001 in
1380 3953 1473 4002 monte
1489 3945 1564 4002 Sina.
1589 3947 1656 4002 Duae
1674 3961 1742 4018 ergo
1755 3947 1833 4020 leges

186 4031 248 4087 Non
263 4031 335 4087 enim
349 4031 403 4087 duo
418 4047 512 4086 sumus
526 4031 661 4088 internos
683 4031 826 4088 contrariis
840 4032 875 4088 de
890 4031 984 4088 diver-
1033 4033 1078 4092 bic
1094 4035 1172 4091 bonae
1191 4034 1378 4104 sunt,scilicet
1391 4033 1582 4108 lexlldciquae
1597 4043 1738 4107 pecmtum
1752 4034 1830 4102 tollit,
1921 4095 1922 4100 1

187 4119 225 4174 ais
240 4114 382 4190 principiis
396 4119 546 4183 uenientes,
563 4120 613 4175 sed
628 4136 681 4192 ego
703 4120 763 4192 ipse
779 4127 869 4176 mente
893 4119 983 4176 servio
1033 4131 1060 4178 ει
1074 4123 1117 4178 lex
1131 4123 1201 4179 llosi
1215 4139 1276 4196 quae
1290 4131 1431 4196 peccatum
1450 4123 1568 4180 ostendit
1586 4132 1613 4180 ει
1635 4123 1773 4195 probibet,
1789 4125 1833 4180 lex

187 4207 243 4280 legi
258 4205 318 4263 Dei.
335 4207 424 4263 Carne
438 4213 528 4262 autera.
544 4207 634 4264 servio
648 4207 703 4282 legi
725 4209 841 4280 peceati,
863 4208 984 4281 quandiu
1033 4227 1100 4268 raro
1144 4211 1250 4283 pcccati
1272 4210 1353 4278 mala,
1379 4211 1442 4284 quia
1465 4227 1527 4268 reos
1547 4210 1620 4268 lacit.
1643 4211 1831 4284 [Augustinus

185 4296 300 4368 languor
313 4295 468 4352 obluctatur
483 4294 574 4352 saluti.
590 4296 652 4352 Non
666 4297 738 4352 enim
759 4297 828 4352 alius
850 4296 879 4352 in
892 4311 983 4364 came,
996 4286 1022 4346 D
1036 4299 1209 4371 Ambrosius}
1243 4300 1397 4356 Videndum
1420 4299 1503 4356 etiam
1534 4298 1600 4372 quid
1624 4299 1739 4366 intersit,
1771 4317 1832 4356 curn

185 4392 212 4441 ει
226 4384 296 4440 alius
305 4384 333 4439 ia
342 4391 443 4450 mente,
456 4384 521 4456 quia
530 4399 583 4456 ego
597 4385 625 4439 in
638 4392 738 4452 mente,
750 4392 776 4441 ει
786 4401 839 4460 ego
853 4384 880 4440 in
889 4401 982 4451 carne,
1036 4387 1135 4443 dicitur
1148 4387 1192 4443 lex
1206 4387 1366 4459 spiritualis,
1386 4388 1458 4459 quod
1476 4387 1637 4459 praedictum
1657 4395 1699 4444 est
1723 4388 1758 4444 de
1773 4389 1833 4458 lege

185 4479 213 4529 ει
228 4473 315 4546 magis
331 4489 391 4529 sum
405 4472 433 4527 in
447 4481 539 4529 mente
553 4489 635 4546 quam
656 4475 683 4528 in
708 4488 792 4530 came
813 4475 898 4544 (ιιι).
923 4475 985 4530 Non
1034 4475 1122 4542 llosi;
1138 4483 1164 4532 et
1179 4491 1239 4532 cum
1255 4475 1355 4532 dicitur
1367 4475 1411 4532 lex
1427 4476 1557 4548 spiritus:
1576 4475 1648 4548 quod
1675 4476 1720 4533 hic
1738 4476 1834 4534 dicitur

186 4560 258 4618 enim
286 4569 348 4616 sunt
376 4562 438 4617 duae
463 4569 568 4618 naturae
595 4561 757 4629 contrarie,
791 4569 820 4618 ut
843 4562 985 4620 Manichaei
1034 4562 1069 4620 de
1083 4563 1145 4635 lege
1172 4562 1245 4620 fidei.
1270 4565 1328 4620 lloc
1351 4565 1462 4620 interest
1485 4565 1559 4636 quod
1580 4565 1624 4621 lex
1647 4565 1716 4620 llosi
1738 4563 1835 4622 dicitur

186 4648 360 4716 mentiuntur,
378 4649 427 4705 sed
441 4666 475 4705 ax
491 4657 607 4723 utroque
621 4667 691 4706 unua
713 4651 804 4719 bomo,
829 4651 893 4724 quia
915 4669 985 4707 unus
1035 4651 1190 4723 spiritualis,
1207 4652 1269 4709 ideo
1284 4652 1348 4724 quia
1363 4651 1488 4725 probibet
1509 4668 1634 4723 peccare,
1658 4653 1708 4708 sed
1719 4669 1775 4709 non
1790 4655 1832 4709 di-

185 4745 227 4794 est
241 4739 316 4794 Deus
331 4753 348 4793 a
362 4753 417 4810 quo
431 4737 520 4795 lactus
533 4746 575 4794 εει
596 4740 688 4795 homo.
715 4740 804 4796 Mente
823 4740 908 4813 igitur
930 4755 986 4796 non
1035 4738 1105 4796 citur
1118 4740 1240 4811 spiritus,
1256 4740 1299 4797 vel
1314 4740 1385 4809 vitae,
1402 4741 1463 4812 quia
1485 4757 1541 4796 non
1564 4739 1718 4808 vivificavit,
1735 4743 1831 4798 remis·

186 4826 337 4892 consentio,
355 4841 439 4882 carne
453 4827 627 4899 concupisce.
644 4828 757 4899 Semper
777 4827 869 4901 itaqua
892 4844 985 4900 pugna
1035 4828 1073 4883 sis
1087 4829 1218 4900 peccatis.
1246 4829 1311 4884 llaec
1331 4836 1421 4884 autem
1445 4828 1546 4886 dicitur
1565 4829 1607 4885 lex
1627 4829 1740 4901 spiritus
1762 4831 1831 4900 rita,

186 4924 228 4973 ast
242 4916 270 4971 in
284 4930 399 4987 corpore
413 4915 509 4971 mortis
523 4917 613 4986 hujus,
631 4917 695 4989 quia
707 4918 768 4989 ipsa
783 4917 983 4989 concupiscen—
1035 4916 1098 4988 quia
1113 4924 1139 4973 ει
1154 4916 1264 4988 peccari
1279 4931 1333 4972 non
1344 4915 1411 4984 vult,
1422 4924 1475 4973 eta
1489 4926 1577 4974 morte
1588 4925 1719 4986 revocat;
1736 4919 1829 4992 etquis

219 5093 291 5161 (ιιι)
309 5093 474 5158 augustinus,
487 5092 518 5145 ad
529 5093 663 5145 Valerium.
1069 5095 1137 5161 (ιιό)
1156 5096 1312 5161 tumetium,
1325 5096 1360 5148 lla
1371 5095 1453 5148 verbis
1465 5097 1584 5162 apostoli.

219 5160 289 5221 rato)
308 5159 361 5222 ld.,
375 5161 399 5211 ln
411 5160 508 5213 eodem.
1080 5162 1139 5228 ιιι)
1157 5163 1204 5225 ld..
1216 5161 1246 5214 da
1257 5175 1309 5214 rer.
1322 5164 1407 5227 apost.

222 5225 282 5286 (ιιι)
311 5227 359 5289 ld.,
378 5229 412 5278 lte
424 5227 507 5279 verbis
519 5227 637 5291 lpostdi.
1081 5229 1141 5292 ιιι)
1162 5229 1188 5280 ld
1201 5269 1209 5292 ,
1222 5229 1246 5280 in
1259 5241 1370 5282 sermone
1381 5229 1412 5281 de
1423 5242 1526 5296 concup.
1539 5230 1630 5284 camis.

220 5290 276 5353 (ιιι
309 5291 357 5358 ld.,
369 5298 453 5346 cantra
465 5295 637 5348 adamantem.
1079 5294 1139 5361 ιιι)
1158 5295 1206 5361 td,
1218 5295 1333 5348 ltcrcrb.
1347 5299 1431 5362 apost.

220 5355 293 5424 (ιιι)
307 5358 354 5424 ld.,
368 5372 441 5426 sapor
457 5361 529 5414 toan.
