3940 6066
141 269 211 326 tabl
478 262 732 323 COLLssCTANEA
750 262 788 320 ΙΝ
805 259 916 320 aelst.
935 257 970 316 D·
990 257 1104 320 PAUU.
1119 293 1154 307 -
1168 265 1205 322 IN
1222 267 1277 323 EP.
1295 266 1343 324 to
1362 266 1447 325 uon.
1718 274 1786 330 1358

142 390 359 458 declinaverunt,
376 387 438 464 quia
448 406 507 449 non
520 393 564 448 εει
573 391 676 464 aliquis
691 389 726 446 de
740 387 802 456 illis,
828 387 877 462 put
892 383 977 458 [ιι-Α
991 386 1074 443 lsaios
1089 387 1126 444 ait
1143 403 1150 448 :
1169 391 1211 449 Vae
1224 391 1467 466 pentipeccutrici
1474 391 1580 450 semini
1589 408 1720 467 nequam,
1733 401 1787 452 etc.

141 481 201 539 ciat
215 481 329 548 bonunu
344 495 402 536 non
412 483 455 536 ert
468 478 561 551 utiquo
571 495 659 553 usgue
669 477 705 535 cd
719 495 820 547 unum,
844 475 873 532 id
901 479 942 530 est
990 474 1055 548 (lou.
1072 478 1103 550 ι).

142 585 195 628 εεε
210 569 293 626 etiam
307 585 387 624 uuus.
403 567 464 634 Vel,
480 583 535 624 nou
550 575 591 624 εει
605 565 651 640 qui
665 565 745 624 iaciat
758 565 859 622 bonum
886 577 942 618 non
1026 568 1115 624 Vnus.
1136 571 1179 637 aa,
1194 572 1238 628 20.
1254 599 1290 610 ·-
1306 591 1318 622 ι
1336 569 1442 626 Scimus
1456 579 1554 639 autem,
1571 571 1699 644 quoniam
1713 590 1790 646 qute-

141 666 184 716 est
198 673 285 731 usque
298 657 333 714 sd
347 673 440 726 unum,
457 655 560 714 scilicet
573 663 674 729 praeter
688 671 772 712 unum
793 653 940 719 Christum,
994 674 1005 704 ι
1023 669 1130 729 cunque
1144 656 1191 714 lex
1205 656 1334 731 loquitur,
1350 659 1393 715 bis
1408 659 1494 732 quiin
1522 659 1584 734 lege
1611 671 1674 718 sunt
1702 662 1794 735 loqui·

140 746 311 821 quianullus
338 745 392 802 nisi
423 744 547 803 Christus
579 745 681 802 bonum
713 744 787 801 iacit.
820 742 943 799 Christus
994 751 1077 812 atur,
1093 752 1122 800 ut
1148 761 1230 802 omne
1246 762 1278 802 os
1301 746 1469 814 obstruatur,
1490 755 1516 804 ει
1527 748 1650 805 subditus
1673 748 1720 806 tiat
1734 767 1794 808 om·

143 835 217 892 euim
227 843 332 892 tantum
346 834 448 891 bonum
462 833 490 890 iu
505 850 546 901 se,
571 842 598 891 et
624 833 653 890 in
667 831 724 890 suis
738 831 813 890 lacit.
841 831 942 904 sepul·
994 855 1006 881 ε
1023 833 1066 888 εἰε
1080 835 1198 890 mumdus
1212 836 1280 901 Deo,
1298 836 1362 908 quia
1376 853 1409 894 ex
1425 836 1553 908 operibus
1567 836 1639 911 legis
1665 855 1720 895 non
1745 840 1793 910 ju-

141 941 233 984 eram.
250 923 336 995 Quasi
350 923 421 980 dicat
437 941 444 978 :
462 925 500 979 lta
515 922 729 988 declinaverunt,
756 928 785 977 ut
811 919 941 986 diximus,
995 941 1007 973 a
1025 919 1185 979 stificobitur
1198 924 1286 981 omnis
1302 940 1366 981 caro
1380 941 1474 981 coram
1485 925 1545 982 illo.
1566 949 1578 974 a

141 1015 220 1072 etita
235 1013 296 1070 aliis
310 1012 420 1070 inutiles
432 1011 549 1079 fuemnt,
566 1011 639 1085 quod
661 1013 762 1082 puttar
781 1025 878 1067 eorum
901 1011 944 1065 est
1032 1011 1143 1069 &imus
1158 1014 1265 1080 autem,
1282 1019 1336 1069 etc.
1353 1012 1478 1070 Ostendit
1485 1014 1594 1070 Judaeos
1605 1022 1668 1071 ante
1678 1015 1795 1090 gratiam

142 1104 304 1176 sepulcrum
312 1106 426 1176 pateas,
443 1101 471 1157 id
486 1109 528 1158 εει
548 1101 617 1157 letor
630 1098 776 1156 verborum
791 1106 817 1154 ει
831 1112 944 1169 operum
994 1096 1078 1155 luisse
1093 1100 1145 1156 sub
1159 1109 1271 1172 peccato
1285 1101 1443 1158 auctoritate
1462 1101 1608 1174 Scripturae
1622 1104 1720 1171 David,
1747 1103 1796 1160 sed

142 1208 239 1249 eorum
253 1190 403 1262 corrumpit
417 1189 496 1256 alios,
513 1196 540 1245 et
554 1187 609 1243 hiat
631 1186 753 1259 recipere
781 1185 843 1242 illos
866 1199 944 1241 mor·
994 1203 1029 1242 ue
1044 1187 1131 1244 Judaei
1146 1188 1314 1244 auctoritatis
1330 1189 1418 1245 David
1446 1190 1530 1247 verba
1560 1189 1739 1262 inverterent,
1769 1200 1796 1248 et

141 1276 427 1354 tuos.[1lmbrosius.]
454 1279 524 1334 Nam
547 1275 628 1334 melis
650 1274 797 1348 mancipati
820 1273 906 1330 bonos
922 1271 946 1328 si
995 1274 1047 1332 alio
1061 1276 1263 1350 detorquerent,
1288 1277 1478 1346 aitzscimas‚
1508 1286 1561 1335 etc.
1591 1278 1676 1347 Quasi
1703 1279 1794 1336 dicat:

141 1375 236 1442 posset
252 1368 323 1436 beri,
341 1367 477 1425 devorare
500 1364 611 1436 vellem,
637 1371 666 1419 ut
689 1363 760 1420 sicut
789 1360 947 1436 sepulcrum
995 1363 1054 1422 lloc
1068 1365 1157 1421 David
1172 1365 1238 1422 dicit
1254 1381 1261 1422 :
1277 1366 1335 1422 Nos
1350 1373 1441 1422 autem
1456 1365 1558 1424 scimus
1577 1369 1711 1441 quoniam
1721 1385 1797 1442 pate·

142 1467 218 1532 patet
231 1459 266 1514 ad
277 1455 436 1529 recipienda
457 1455 601 1524 cadavera,
617 1453 654 1509 ita
669 1460 695 1509 et
710 1451 843 1509 adversus
858 1449 946 1507 bonos
995 1469 1106 1527 cunque
1122 1454 1248 1526 loquitur
1261 1455 1319 1522 lec,
1333 1455 1458 1528 loquitur
1473 1455 1516 1511 bis
1527 1455 1574 1529 qui
1588 1457 1619 1511 iu
1635 1457 1695 1528 lepe
1716 1461 1795 1526 aunt,

143 1555 256 1622 guture
270 1545 388 1602 illorum.
403 1545 438 1602 Et
452 1543 476 1600 si
488 1559 544 1600 uon
558 1541 659 1598 audent
673 1540 774 1613 apertis
788 1538 867 1596 malis
882 1553 947 1612 per·
996 1542 1093 1614 supple
1108 1550 1135 1598 et
1148 1541 1183 1600 de
1198 1543 1240 1598 bis
1251 1542 1298 1614 qui
1311 1543 1341 1598 in
1349 1543 1413 1617 lege
1427 1552 1499 1600 sunt.
1514 1542 1646 1619 [Haimol
1659 1545 1714 1601 lex
1724 1546 1797 1602 cnbn

144 1636 233 1710 sequi,
250 1635 355 1708 linput's
367 1635 439 1702 saio,
451 1632 480 1688 id
489 1640 531 1688 εει
540 1630 631 1698 malis,
641 1630 733 1688 doun
741 1625 872 1700 agebant,
883 1642 946 1683 ver·
995 1629 1144 1702 aliquando
1158 1631 1311 1703 appellatur
1333 1631 1497 1705 generaliter
1525 1632 1608 1689 Vetus
1636 1632 1798 1690 Testamen-

143 1725 186 1780 bis
201 1725 272 1782 bona
286 1723 418 1790 diceutes,
435 1721 484 1778 sed
498 1719 601 1776 malum
612 1718 696 1776 corde
705 1716 867 1792 cogitantes,
883 1714 983 1804 quiaB
997 1726 1064 1790 tum,
1075 1717 1222 1791 aliquando
1240 1735 1293 1792 pro
1311 1727 1388 1792 parte
1408 1719 1515 1776 Veteris
1538 1720 1704 1778 Testamenti
1725 1723 1798 1780 acci-

141 1829 281 1872 ceueuum
291 1812 432 1885 aspidum,
448 1809 477 1866 id
492 1816 535 1866 εει
548 1807 639 1864 odium
649 1805 802 1862 insanabile
812 1812 879 1872 erat,
892 1802 943 1862 rub
994 1807 1076 1880 pitur,
1092 1807 1161 1864 sicut
1172 1807 1210 1862 ibi
1222 1808 1357 1881 :Aperuit
1367 1809 1503 1866 Dominus
1511 1809 1658 1884 discipulis
1668 1827 1796 1882 sensum,

144 1902 226 1960 talus
239 1918 348 1970 eoram,
363 1900 392 1956 id
406 1906 448 1956 est
461 1896 512 1954 sub
525 1896 609 1954 corde
624 1911 728 1964 eorum,
756 1893 821 1966 quia
848 1893 944 1964 hujus·
993 1899 1026 1954 ut
1042 1897 1239 1969 inteltipareut
1249 1897 1282 1953 de
1292 1899 1346 1954 Deo
1360 1913 1422 1970 quor
1431 1897 1539 1970 scripta
1551 1901 1635 1954 erant
1647 1900 1678 1955 t‘n
1691 1899 1750 1970 tege
1766 1905 1795 1956 ει

142 1990 218 2048 modi
231 1989 370 2046 bominum
385 1987 470 2045 verba
484 1985 637 2056 muscipula
658 1991 731 2041 sunt.
746 1982 789 2038 Ad
804 1983 856 2038 boc
870 1980 943 2037 euim
992 1979 1138 2057 propbeti's
1152 1989 1180 2042 et
1188 1985 1308 2058 psalmis
1319 1985 1397 2056 (buc.
1409 1985 1503 2058 xxiv).
1514 1985 1718 2060 Nonnunquam
1730 2003 1795 2045 vero

142 2081 290 2153 loquuntur
302 2085 331 2134 ut
344 2076 489 2149 decipiant.
503 2075 538 2132 Ut
553 2074 623 2131 sicut
641 2089 692 2145 per
709 2071 780 2127 labia
809 2069 943 2143 serpentis
993 2073 1092 2145 psalmi
1107 2072 1151 2129 lex
1166 2081 1314 2141 vocantur;
1330 2073 1402 2131 sicut
1425 2073 1557 2131 Dominus
1590 2073 1639 2130 ait.
1669 2077 1703 2132 ln
1736 2077 1796 2150 lepe

141 2168 354 2242 peremptorium
369 2179 505 2224 venenum
523 2161 643 2218 inlusum
657 2169 711 2228 est,
727 2160 766 2217 ita
791 2175 843 2232 per
870 2159 944 2215 labia
993 2165 1087 2218 uestra
1106 2162 1246 2234 scriptum
1260 2163 1462 2234 ert:lipodist
1483 2182 1492 2218 :
1511 2163 1559 2220 bit
1585 2165 1665 2230 estis,
1691 2167 1721 2220 et
1743 2165 1801 2235 fittt

143 2273 238 2316 eorum
252 2256 333 2314 dolus
346 2263 372 2312 et
386 2254 487 2327 captio.
500 2253 623 2321 anrwu
633 2249 751 2307 etiamoa
759 2250 878 2324 plenum
888 2251 941 2316 ert,
992 2249 1107 2308 Eucelsi
1117 2267 1214 2308 omues
1225 2251 1316 2322 (locu.
1329 2251 1521 2323 strallltalibi.
1537 2253 1570 2310 Ut
1579 2254 1802 2324 impleaturser·

141 2347 321 2416 abundanter,
332 2343 532 2402 maledictione
542 2339 672 2414 [Haimo],
684 2338 713 2394 id
723 2345 774 2405 est,
786 2336 878 2394 verbis
889 2352 945 2392 ma·
992 2355 1039 2396 mo
1053 2341 1102 2413 pai
1110 2340 1142 2394 tu
1153 2341 1316 2412 lepeeornra
1327 2342 1451 2414 scriptus
1461 2344 1505 2397 est
1517 2359 1526 2397 .·
1540 2339 1682 2408 Quicodio
1700 2339 1800 2399 babae·

142 2435 250 2504 ledicis,
265 2441 295 2490 ut
325 2432 501 2490 Daemonium
530 2428 623 2495 babes,
657 2434 683 2484 et
716 2425 871 2496 huiusmodi
904 2432 942 2493 et,
993 2429 1387 2501 rantmepratisilonn.xv.)
1403 2429 1445 2484 lta
1460 2435 1486 2484 et
1499 2429 1544 2484 hic
1558 2428 1657 2500 psalmi
1672 2428 1799 2486 dicuntur

143 2524 347 2593 amaritudine,
364 2521 391 2577 id
407 2527 448 2578 est
462 2518 565 2576 amaris
579 2515 671 2573 minis.
696 2516 729 2572 Et
752 2514 834 2572 etiam
847 2514 942 2588 pedes,
994 2517 1053 2586 lex,
1066 2517 1094 2574 id
1107 2525 1148 2574 est
1158 2517 1269 2576 nomine
1279 2517 1350 2593 legis
1360 2517 1557 2590 intelliguntur,
1564 2518 1628 2592 quia
1637 2518 1795 2577 informant.

139 2614 173 2671 id
187 2620 230 2670 eat
244 2611 358 2670 affectus
381 2625 479 2669 eorum
503 2614 566 2664 sunt
593 2607 700 2664 veloces
725 2602 763 2662 cd
800 2603 944 2676 effunden·
994 2607 1104 2680 Utergo
1114 2607 1270 2663 ostenderet
1280 2607 1429 2678 Apostolus
1438 2622 1470 2662 ea
1481 2623 1542 2679 quae
1553 2607 1680 2679 superius
1690 2607 1757 2664 dixit
1766 2609 1801 2667 de

142 2703 212 2760 dum
225 2701 394 2774 sanquinem
409 2696 507 2754 Christi
530 2704 557 2752 et
580 2710 702 2752 suorum.
732 2691 816 2762 Quasi
845 2691 943 2749 dicat:
993 2695 1102 2768 psalmo
1116 2696 1254 2768 pertinere
1273 2696 1308 2751 ad
1322 2695 1442 2764 Judaeos,
1458 2711 1576 2768 quorum
1591 2695 1721 2768 superbia
1735 2713 1801 2755 aon·

142 2789 292 2848 llomicidoe
307 2795 370 2845 suut
383 2803 417 2844 ex
426 2784 634 2851 deliberatione,
651 2783 687 2839 ad
701 2782 804 2838 bouum
832 2796 942 2855 segnes,
994 2783 1141 2857 fringenda
1155 2792 1225 2854 erat,
1242 2783 1308 2840 dixit
1325 2799 1331 2839 :
1349 2784 1466 2852 Scimus,
1484 2785 1612 2858 quoniam
1628 2801 1797 2859 εεεεεεεεεε

142 2882 178 2938 ad
191 2877 368 2952 parricidium
382 2883 444 2933 sunt
459 2874 579 2940 voloces,
596 2872 645 2930 sed
659 2871 723 2928 inde
738 2871 790 2926 erit
816 2869 858 2926 eis
885 2870 945 2927 huc
994 2873 1038 2930 lex
1052 2873 1183 2945 loquitur,
1200 2874 1228 2928 in
1242 2873 1304 2930 loco
1317 2873 1380 2941 isto,
1396 2872 1424 2929 id
1439 2880 1480 2929 εει
1492 2873 1600 2945 psalmi,
1617 2873 1660 2930 bis
1678 2874 1799 2947 loquitur

142 2983 223 3043 poeaa
237 2966 351 3037 scilicet,
362 2965 427 3038 quia
439 2964 585 3030 contritio,
596 2961 624 3016 id
634 2957 941 3031 esttemporalispoeua,
995 2961 1042 3034 qui
1055 2960 1083 3016 ia
1096 2961 1159 3034 lege
1175 2969 1248 3027 sunt,
1260 2961 1288 3017 id
1298 2969 1340 3016 cst
1352 2960 1454 3017 ludaeis
1463 2961 1554 3033 legem
1563 2960 1736 3019 habentibus.
1751 2965 1795 3034 Ut,

142 3063 172 3118 et
186 3059 356 3130 infelicitas,
370 3054 398 3110 id
413 3059 570 3110 estaetema
584 3047 721 3106 damnatio
737 3045 788 3104 erit
815 3047 848 3102 in
877 3046 940 3112 ειιε,
955 3095 979 3157 0
993 3048 1040 3115 ita,
1056 3065 1138 3108 ornae
1154 3066 1194 3120 os,
1211 3048 1470 3115 etiamludaeorum,
1504 3047 1679 3118 obstruatur,
1709 3051 1797 3122 (θυι

141 3148 170 3204 id
185 3154 227 3204 est
239 3146 268 3202 in
282 3143 421 3217 operibus,
436 3157 544 3207 eorum,
554 3139 582 3195 id
595 3146 645 3206 est,
657 3152 706 3208 pro
724 3134 876 3192 actionibus
887 3133 944 3189 suis
995 3152 1046 3193 sua
1056 3136 1144 3209 gloria
1160 3137 1291 3194 etomnis
1300 3137 1436 3204 mundus,
1452 3135 1480 3191 id
1491 3144 1532 3191 εει
1542 3136 1631 3192 omnis
1644 3138 1737 3208 homo,
1747 3139 1797 3196 sci·

141 3235 223 3292 malis
236 3233 327 3292 veniet
341 3232 381 3290 eis
396 3229 532 3300 contritio,
548 3236 575 3285 ει
589 3225 744 3283 infelicitas.
769 3222 844 3280 Talia
871 3221 945 3278 enim
995 3225 1059 3283 licet
1073 3241 1128 3282 nou
1146 3223 1375 3298 tantum'gentilis
1390 3223 1450 3280 sine
1459 3224 1592 3298 legereus
1601 3225 1636 3282 de
1646 3225 1794 3298 impietate,

141 3325 253 3394 iaciunt,
269 3322 342 3380 uude
355 3325 531 3378 conterentur
545 3317 573 3372 iu
588 3317 640 3373 boc
654 3313 766 3382 saeculo,
783 3327 833 3384 per
854 3311 944 3368 Titum
995 3314 1045 3371 sed
1059 3314 1141 3370 etiam
1156 3314 1267 3370 tudens
1282 3329 1347 3370 reus
1362 3313 1396 3369 de
1411 3312 1483 3386 legis
1498 3315 1726 3386 transgressione,
1743 3317 1796 3386 fiat

142 3421 170 3472 et
186 3411 403 3485 Vespasianum,
420 3415 446 3464 et
460 3408 489 3464 in
503 3405 592 3462 futuro
616 3411 695 3461 erunt
718 3399 841 3458 infelices
857 3398 944 3472 puniti
994 3401 1123 3460 subditus
1133 3405 1209 3460 Deo,-
1223 3408 1309 3458 totum
1329 3401 1502 3471 cinthinus,
1519 3401 1722 3478 [Haimopquip
1735 3421 1795 3462 om-

141 3504 233 3562 anima
248 3510 274 3558 et
289 3514 414 3571 corpore.
430 3497 464 3554 Et
484 3495 536 3552 hoe
552 3493 624 3562 ideo,
638 3492 702 3566 quia
716 3491 792 3548 mam
803 3489 892 3562 pacis,
915 3487 943 3544 id
993 3508 1043 3548 nes
1057 3499 1215 3563 peccatores
1229 3499 1292 3548 sunt
1300 3491 1414 3560 inventi,
1425 3499 1452 3548 ει
1459 3491 1544 3566 matio
1553 3499 1614 3548 suut
1622 3492 1729 3563 salvati,
1739 3510 1795 3552 uon

141 3599 184 3650 est
198 3590 346 3654 Christum,
361 3603 420 3645 uon
434 3585 634 3658 coperuerunt.
651 3579 768 3655 [Ηείεεο.
786 3575 943 3650 Origenes]
993 3580 1106 3638 moritis.
1124 3581 1196 3650 Quia
1206 3597 1243 3638 ec
1257 3581 1394 3654 operibus,
1411 3588 1464 3636 eto.
1480 3579 1531 3637 llic
1540 3579 1633 3652 incipit
1642 3598 1726 3655 agere
1735 3584 1794 3656 ple-

142 3683 231 3738 Deum
245 3677 318 3736 enim
330 3675 458 3733 vitiorum
473 3672 552 3729 bellis
567 3685 677 3741 semper
697 3674 840 3742 urgentur,
870 3664 942 3722 riam
992 3669 1054 3724 nius
1068 3668 1104 3726 de
1118 3668 1192 3742 lege,
1208 3677 1237 3725 ut
1251 3668 1377 3726 ostendat
1392 3667 1526 3738 justitiam
1541 3683 1596 3724 nou
1611 3685 1673 3726 esse
1692 3686 1725 3726 ex
1739 3686 1792 3740 ca;

140 3769 218 3843 pacis
233 3768 371 3840 ignorant,
388 3763 416 3820 id
431 3770 473 3819 εει
486 3759 634 3826 Christum,
647 3773 698 3830 per
712 3771 792 3830 quem
820 3761 862 3811 εει
889 3769 942 3826 pax
992 3758 1071 3830 quasi
1093 3757 1191 3814 dicat:
1213 3758 1282 3816 Dico
1306 3764 1336 3812 ut
1357 3757 1446 3814 omnis
1469 3757 1588 3812 mundus
1613 3757 1738 3814 subditus
1759 3760 1794 3816 sit

140 3858 227 3916 multa
241 3853 417 3928 diligentibus
431 3866 531 3908 nomen
545 3846 673 3914 Domini;
695 3843 852 3902 necsaltem
861 3841 942 3898 timot·
992 3848 1067 3904 Deo:
1084 3846 1158 3920 quod
1171 3846 1262 3915 debet,
1279 3844 1456 3918 quiacertum
1468 3853 1518 3914 est,
1531 3844 1605 3918 quod
1617 3847 1793 3920 exoperibus

141 3948 193 4005 Dei
207 3962 255 4003 eos
270 3943 379 4001 reflexit
393 3957 410 3997 a
423 3941 506 4007 malo,
523 3937 587 4011 quia
597 3953 655 3994 non
665 3939 709 3991 est
720 3931 941 3990 timorDeicute
992 3936 1072 4008 lepte,
1084 3934 1461 4007 nonjustifirabiturcoram
1485 3934 1546 4002 illo,
1570 3933 1673 3990 scilicet
1696 3951 1791 3992 coram

141 4038 236 4097 oculos
251 4025 639 4106 eorum.1tmbrosius.]ttou
653 4024 725 4081 enim
735 4022 836 4078 habent
845 4019 895 4077 Dei
904 4019 940 4075 ti·
990 4026 1059 4094 Deo,
1075 4024 1127 4081 etsi
1142 4039 1236 4081 coram
1251 4021 1417 4091 bominibus,
1434 4023 1527 4079 omnis
1542 4038 1617 4090 earo,
1633 4023 1690 4096 (88)
1705 4023 1791 4082 idest

140 4141 257 4192 morem,
273 4122 319 4196 qui
333 4128 375 4177 est
388 4118 494 4175 initium
507 4115 657 4188 sapientia.
678 4114 719 4169 De
732 4111 776 4166 bis
799 4109 865 4166 dicit
891 4110 940 4164 ιε·
989 4113 1081 4182 bomo,
1097 4111 1141 4170 vel
1157 4111 1304 4169 carnaliter
1317 4109 1412 4168 virens
1426 4129 1434 4178 ;
1449 4118 1475 4166 et
1488 4109 1550 4167 ideo
1560 4110 1600 4166 illi
1610 4111 1655 4184 qui
1665 4128 1728 4170 curn
1737 4114 1789 4170 sub

142 4213 264 4274 remias:
283 4213 359 4269 luno
368 4197 880 4275 manesrutrenernutinpropbetam
890 4199 941 4254 Do·
989 4199 1052 4274 lege
1081 4208 1175 4258 essent
1202 4199 1311 4256 Christo
1337 4198 1522 4267 crediderunt,
1552 4215 1609 4256 uon
1635 4200 1698 4273 quio
1722 4201 1789 4272 justi

139 4303 216 4360 mini
227 4302 353 4360 colenter
364 4297 489 4358 occidere
500 4311 564 4352 earn
575 4293 644 4364 (der.
656 4293 750 4362 xxv1);
768 4295 794 4345 ει
804 4285 936 4358 subjecti:
988 4296 1074 4361 erant,
1086 4289 1135 4347 sed
1157 4296 1187 4345 ut
1204 4286 1429 4359 justificarentur,
1451 4295 1584 4346 uenerunt
1610 4288 1645 4346 ad
1674 4291 1788 4362 gretiam

142 4391 241 4450 Omnis
248 4393 345 4446 cutem
353 4386 484 4460 populas,
497 4399 555 4439 non
563 4378 764 4454 permisititlor
771 4375 870 4448 (um).
883 4375 938 4431 Sed
989 4375 1063 4435 fidei.
1078 4377 1234 4434 Destruitur
1245 4385 1337 4434 autem
1350 4377 1394 4434 bic
1409 4377 1538 4449 superbia
1552 4377 1727 4449 gloriantium
1750 4379 1785 4436 de

139 4478 307 4538 contrarium
321 4476 426 4533 videtur
449 4471 523 4546 quod
537 4484 633 4527 omnes
655 4465 836 4524 insurrexisse
859 4452 972 4531 dixit,1)
987 4466 1115 4538 operibus
1129 4465 1210 4540 legis,
1226 4481 1261 4522 ne
1276 4465 1363 4539 gratia
1377 4464 1441 4521 lidei
1454 4465 1591 4522 videretur
1605 4481 1661 4522 non
1687 4481 1787 4524 ueces-

139 4577 167 4628 et
181 4583 292 4626 omnem
320 4563 450 4638 populum
481 4575 537 4616 nou
568 4557 737 4631 permisisse.
754 4553 857 4611 Omnes
871 4567 937 4625 ergo
987 4555 1069 4624 sorio,
1085 4556 1136 4613 sed
1149 4555 1231 4611 etiam
1246 4571 1329 4627 opero
1343 4553 1414 4629 legis
1424 4552 1571 4625 justificare
1595 4553 1783 4613 crederentur.

139 4659 209 4716 dixit
221 4654 410 4720 insurrexisse,
428 4651 531 4708 scilicet
545 4648 642 4716 malos,
659 4654 687 4704 et
709 4660 819 4702 omnem
845 4657 936 4714 popu·
987 4643 1190 4718 [Augustinus]
1204 4644 1296 4717 Opera
1309 4652 1401 4699 autem
1414 4642 1485 4716 legis
1500 4642 1627 4700 dicuutur
1640 4659 1701 4717 quae
1724 4660 1785 4702 cum

137 4749 196 4804 lum
219 4761 274 4804 uon
298 4741 468 4817 permisisse,
485 4738 589 4796 scilicet
612 4736 719 4802 bonos;
735 4741 762 4791 et
784 4733 830 4789 hie
852 4729 935 4801 enim,
985 4731 1048 4804 lege
1062 4733 1194 4802 instituta,
1210 4741 1237 4788 ει
1251 4731 1396 4788 terminata
1410 4739 1482 4800 sunt,
1498 4739 1525 4786 ut
1549 4739 1626 4786 erant
1650 4747 1784 4790 caeremo-

137 4853 195 4893 non
207 4834 271 4908 quia
284 4833 359 4901 dicit,
374 4845 470 4889 omnes
488 4827 703 4892 declinaverunt,
718 4830 801 4879 totam
829 4820 937 4893 penitus
985 4821 1068 4878 uialia
1082 4829 1109 4878 ει
1122 4820 1268 4895 figurmiva
1283 4837 1344 4892 quoe
1358 4834 1498 4892 uunquam
1515 4819 1660 4876 valuerunt
1675 4821 1785 4878 consci-

137 4926 248 4998 plebem
264 4921 409 4998 significat,
425 4919 474 4976 sed
487 4917 602 4974 alteram
614 4923 720 4988 partem
732 4909 831 4984 plebis.
856 4908 937 4966 Sem·
986 4910 1087 4967 entiam
1101 4909 1241 4979 mundare,
1258 4907 1365 4964 etiamsi
1379 4924 1441 4966 cnm
1456 4908 1585 4964 charitate
1599 4916 1626 4964 et
1640 4909 1786 4968 devotione

137 5031 190 5088 per
204 4999 278 5071 enim
302 5012 357 5068 duo
380 5007 474 5082 populi
495 5014 559 5063 suut
581 5004 610 5060 in
631 5019 685 5060 una
704 5001 794 5074 plebe.
817 4997 868 5054 llic
896 5003 938 5054 est
986 4997 1093 5056 fierent.
1110 4999 1139 5055 Si
1152 5013 1219 5056 vero
1233 4996 1374 5070 quaritur,
1391 5013 1476 5070 quare
1490 4997 1535 5052 illa
1548 4997 1618 5054 iacta
1639 4997 1668 5052 in
1693 4997 1786 5056 chari·

138 5106 213 5162 enim
224 5102 343 5177 populus
357 5114 440 5172 quem
453 5097 574 5168 increpat
596 5092 739 5160 Dominus,
770 5088 865 5145 dicens
887 5084 938 5142 sub
986 5095 1040 5144 tate
1055 5103 1111 5144 uon
1120 5085 1311 5157 justificarent,
1327 5085 1397 5142 sicut
1419 5101 1493 5143 nunc
1516 5101 1598 5158 opera
1624 5085 1698 5142 bona
1724 5103 1786 5160 quae

138 5192 249 5250 εοιειεε
262 5189 417 5248 Jerusalem
430 5183 598 5253 termulen,
609 5180 778 5249 Jerusalem,
789 5193 851 5251 pate
866 5174 938 5234 θεει-
986 5176 1099 5234 iacimus
1144 5176 1173 5232 in
1219 5175 1351 5233 charitate
1394 5174 1553 5246 iustificam,
1587 5175 1787 5248 respondemus

139 5282 182 5340 dir
190 5278 431 5356 propbetasaac.
449 5275 525 5346 xrrr)·,
548 5279 575 5328 et
593 5267 841 5327 itemzdeneratto
860 5264 938 5321 mala
987 5265 1052 5339 quia
1065 5265 1112 5321 illa
1138 5280 1194 5322 non
1217 5263 1326 5321 luerunt
1353 5263 1473 5320 instituta
1500 5263 1528 5319 in
1553 5262 1785 5336 justificationem,

139 5375 169 5430 et
191 5369 324 5428 adultera
348 5365 462 5440 (natet.
488 5361 565 5433 avr).
598 5351 792 5432 [umbrosius]
819 5355 860 5412 De
884 5366 939 5426 qua
987 5354 1244 5413 sedinluturorum
1259 5350 1496 5427 significationem,
1511 5359 1539 5410 ει
1550 5353 1656 5426 peccati
1670 5362 1697 5412 et
1710 5353 1788 5412 iufir-

173 5547 225 5616 (et)
239 5541 546 5613 augurumosaptntu
558 5542 583 5593 ει
599 5539 637 5594 lit.
1024 5532 1075 5601 (88)
1089 5533 1137 5597 td,
1154 5531 1430 5598 basplrituetllttera.
