3878 6322
131 142 201 197 tcta
376 160 377 165 ¹
443 141 697 201 COLLECTANEA
716 141 753 199 IN
769 138 878 198 EPIST.
898 137 935 195 D.
959 137 1072 196 Ptuut.
1087 171 1122 183 -
1136 142 1174 200 IN
1192 143 1248 199 EP.
1272 145 1284 199 l
1303 144 1350 200 nb
1370 142 1452 201 COD.
1708 143 1778 199 lblltl

128 262 208 319 bolus
223 262 357 336 cruciligi,
370 279 420 334 per
440 281 522 336 quem
537 265 580 336 ius
595 281 673 321 suum
689 280 718 320 se
732 263 852 335 perdere
868 261 924 319 sci·
938 265 962 325 A
976 271 1059 334 ponet
1073 265 1190 321 animam
1206 283 1300 334 snam;
1317 284 1381 326 ecce
1395 268 1482 323 habes
1503 283 1572 340 opus
1595 265 1772 332 auctoritatis,

127 359 179 407 ret.
196 352 247 408 Vel
262 351 296 407 de
319 353 421 408 ludaeis
444 361 532 425 potest
556 353 654 426 accipi,
680 368 796 426 quorum
820 352 930 424 quidam
981 359 1009 407 et
1033 360 1063 408 ut
1090 355 1255 427 generaliter
1290 357 1469 423 concludam,
1499 356 1606 428 quoties
1639 356 1666 409 in
1695 370 1779 411 carue

130 447 320 512 cognoverunt
348 439 563 509 Christum;alii
578 455 644 498 vero
658 457 713 498 non
728 448 928 514 cognoverunt.
980 441 1103 497 Christus
1127 442 1228 515 aliquid
1258 446 1370 516 patitur,
1396 462 1465 517 opus
1494 445 1613 502 auctoris
1637 453 1688 510 cst,
1714 444 1778 515 quia

130 529 171 584 De
196 529 386 600 ignorantibus
411 529 475 585 dicit
498 532 594 586 Petrus
611 546 617 585 :
634 532 706 597 Scio,
732 533 848 602 fratres,
864 529 930 602 quia
979 530 1051 585 enim
1067 539 1200 602 potestate
1215 549 1264 588 suu
1279 550 1334 589 uon
1349 534 1402 590 alio
1417 543 1533 606 cogente
1548 533 1708 604 perpetitur.
1717 534 1779 604 lpse

125 633 178 688 per
192 617 387 689 ignorumium
402 618 432 674 td
445 619 572 690 prorutis
588 618 661 688 (Act.
679 623 731 688 ur).
748 617 796 673 lsti
810 633 865 672 non
879 631 929 672 co·
979 627 1130 676 auctorest
1143 621 1244 693 operis.
1261 622 1321 678 Non
1347 638 1414 694 ergo
1428 622 1464 676 ad
1478 623 1589 677 Mariam
1606 622 1688 678 locali
1701 629 1778 676 motu

126 705 385 776 gnoscebaotillum
401 706 518 778 assequi
532 706 559 761 in
569 706 631 780 lege
645 706 797 778 promissus
808 711 868 762 erat
878 703 927 759 eis.
979 708 1056 764 verbi
1078 708 1227 765 divinitatis
1248 709 1330 770 venit.
1347 710 1397 766 sed
1421 709 1551 764 ineffabili
1573 710 1701 780 potentiae
1721 726 1779 766 suae

3 815 5 852 r
49 793 52 798 ’
127 793 244 864 Maiores
267 809 343 860 vero,
360 801 389 849 ut
404 793 542 865 principes
566 794 750 864 sacerdotum,
777 793 881 851 Scriba
902 799 929 848 et
978 795 1145 867 plenitudine
1164 813 1219 853 non
1234 798 1358 869 privata;
1374 814 1426 855 nec
1439 797 1540 853 dimisit
1565 799 1670 854 Patrem
1694 797 1775 853 Cbri-

128 880 261 938 Pharisaei
282 890 469 956 cognoverunt
493 883 584 954 ipsum
597 899 659 938 esse
673 883 720 956 qui
734 883 762 937 in
776 883 839 954 lege
860 896 929 952 pro·
978 891 1037 939 stus
1057 899 1119 941 curu
1145 885 1261 942 venitin
1281 886 1431 960 Virginem.
1448 885 1553 959 Ubique
1576 893 1657 953 totus,
1674 885 1776 958 ubique

129 969 231 1026 missus
247 979 325 1039 erat;
341 970 390 1027 sed
400 972 489 1026 Deum
504 987 575 1039 esse,
588 971 632 1028 val
645 971 743 1026 Filium
756 970 807 1026 Dei
817 969 927 1026 nescie-
977 972 1124 1043 perlectus.
1141 973 1201 1030 Uno
1215 973 1299 1047 igitur
1313 975 1464 1048 eodemque
1488 982 1611 1044 tempore
1626 981 1698 1029 totus
1719 983 1777 1030 erat

130 1065 206 1113 runt.
225 1059 260 1113 Et
274 1058 337 1115 ideo
351 1059 386 1115 de
410 1059 530 1132 utrisque
545 1058 585 1116 sic
600 1067 690 1130 potest
713 1058 800 1131 accipi
817 1074 823 1113 :
840 1057 864 1114 si
876 1072 927 1114 co·
977 1058 1004 1114 in
1020 1060 1137 1131 interno,
1153 1069 1226 1118 totus
1239 1062 1267 1116 io
1282 1063 1362 1128 coelo,
1379 1078 1445 1118 vere
1459 1070 1592 1128 mortuus,
1609 1078 1672 1118 vere
1687 1062 1775 1130 vivus,

126 1146 297 1220 gnovissent,
314 1147 358 1202 vel
372 1147 493 1202 minores
507 1147 584 1203 illum
598 1163 660 1204 esse
679 1147 806 1204 ldessiam
822 1147 850 1201 in
865 1146 927 1220 lege
976 1147 1074 1222 inquo
1090 1159 1117 1206 et
1130 1159 1245 1206 mortem
1266 1150 1403 1222 susceptio
1426 1149 1596 1209 mortalitatis
1618 1151 1734 1222 excepit,
1751 1159 1778 1207 ct

126 1234 304 1306 promissum,
319 1235 362 1290 rel
386 1225 515 1304 majores'
529 1235 604 1290 illum
629 1236 717 1291 Deum
732 1251 803 1302 esse,
818 1234 863 1291 uel
878 1234 928 1289 Dei
978 1237 1061 1294 vitam
1088 1238 1216 1296 divinitas
1244 1255 1298 1295 non
1326 1238 1453 1310 perdidit.
1476 1240 1591 1293 blortem
1622 1237 1704 1311 igitur
1726 1237 1778 1294 Dei

126 1322 233 1391 Filium,
241 1339 379 1396 uunquam
388 1323 534 1379 Dominum
545 1323 642 1396 gloriae
650 1322 859 1381 crucifixissent.
870 1323 926 1392 (tl)
977 1325 1071 1394 Filius,
1100 1333 1125 1382 et
1146 1327 1173 1382 io
1197 1327 1288 1382 anima
1311 1343 1365 1382 non
1388 1326 1506 1398 pertulit,
1533 1333 1559 1381 et
1582 1327 1610 1380 in
1634 1327 1775 1394 majestate

125 1412 188 1468 Non
212 1409 284 1467 enim
309 1412 361 1468 hoc
383 1411 515 1478 tacerent,
533 1412 556 1466 si
570 1413 657 1468 Deum
680 1427 741 1468 esse
764 1410 873 1467 scirent.
897 1408 927 1465 Si
977 1429 1032 1470 non
1050 1415 1145 1481 sensit,
1171 1415 1220 1471 sed
1249 1423 1353 1470 tuntum
1381 1414 1588 1487 participatione
1609 1413 1774 1470 infirmitatis

125 1499 199 1555 enim
224 1501 363 1556 daemones
388 1501 475 1556 Deum
497 1499 599 1557 tactum
619 1499 758 1557 hominem
773 1515 828 1555 non
843 1497 926 1553 intel·
975 1518 1024 1558 rex
1039 1503 1136 1576 gloriae
1150 1503 1295 1560 crucifixus
1310 1511 1361 1560 est.

125 1587 260 1658 texerunt,
286 1588 493 1660 quantomagis
516 1588 662 1644 homines?
675 1589 737 1645 Non
750 1588 835 1660 igitur
849 1587 963 1676 illumB
1011 1590 1095 1646 Vnus.
1108 1595 1231 1648 9-l3.-
1247 1592 1328 1649 Sicut
1345 1594 1544 1664 scriptumest
1560 1607 1566 1646 :
1584 1591 1661 1658 Quod
1675 1593 1774 1648 ocutus

125 1675 204 1733 aliter
224 1675 346 1733 scierunt
368 1677 516 1746 daemones,
533 1692 615 1749 quarn
636 1675 755 1733 scierunt
776 1676 923 1748 principes.
976 1679 1126 1747 concidit,
1143 1697 1195 1737 uec
1217 1681 1296 1748 auris
1315 1681 1433 1750 crudivit,
1458 1695 1510 1736 occ
1532 1681 1630 1737 iocor
1649 1679 1773 1738 bominis

126 1763 255 1820 Sciebant
279 1763 351 1820 enim
375 1764 464 1836 ipsum
489 1781 551 1821 esse
573 1765 619 1836 qui
643 1764 793 1837 promissus
817 1773 876 1821 erat
896 1765 924 1820 in
976 1767 1114 1837 ascendit,
1137 1785 1198 1841 pura
1219 1770 1394 1841 proepcrcuit
1414 1771 1487 1825 Deus
1516 1768 1559 1825 tris
1577 1768 1625 1841 gui
1651 1768 1773 1840 diligunt

123 1850 196 1925 lege,
213 1867 268 1908 non
292 1860 385 1908 tamen
407 1853 567 1924 mysterium
590 1853 649 1923 ejus
675 1852 747 1925 quod
769 1853 854 1908 Filius
875 1851 926 1908 Dei
976 1857 1069 1911 illum.
1097 1855 1177 1912 Nobis
1196 1860 1294 1913 cutem
1315 1858 1450 1912 revelavit
1471 1857 1544 1912 Deua
1565 1857 1773 1928 perspiritum

125 1947 193 2007 erat,
218 1948 245 1996 et
266 1941 301 1995 ub
325 1947 447 2009 aetern03
463 1957 552 2013 neque
575 1940 698 1997 sciebant
722 1947 925 1997 sacramentum
975 1959 1069 1999 auum.
1086 1945 1211 2017 Spiritus
1226 1947 1303 2000 euim
1315 1946 1411 2003 omnia
1432 1947 1591 2010 acrrrtotur,
1606 1946 1695 2000 ctiam
1706 1959 1772 2017 pro·

125 2029 330 2094 incarnationis,
347 2028 484 2100 passionis
498 2038 525 2084 et
539 2029 742 2101 redemptionis.
975 2031 1068 2103 fundu
1077 2034 1135 2088 Dei.
1150 2034 1301 2101 Quiacrrr'm
1313 2032 1460 2089 homiuum
1470 2035 1523 2088 scit
1534 2048 1595 2105 quoe
1604 2036 1673 2088 sunt
1682 2032 1772 2088 homi-

161 2115 240 2184 Quod
255 2133 322 2191 ergo
335 2117 364 2171 in
377 2117 530 2190 Evangelio
545 2117 664 2174 clamant
677 2118 834 2174 daemones:
852 2118 925 2186 Quid
975 2119 1031 2186 nia,
1048 2121 1105 2176 retal
1120 2121 1239 2192 ..putero
1264 2121 1396 2184 bominis.
1413 2121 1461 2194 qui
1483 2121 1588 2192 inipso
1603 2116 1670 2176 eat't
1685 2122 1728 2176 lto
1742 2123 1771 2176 ct

122 2207 202 2262 uobis
211 2210 239 2261 ct
251 2206 311 2272 titt,
323 2206 389 2262 lesu
399 2207 454 2262 rut
464 2206 515 2262 Dei
524 2205 652 2279 (iterur)
663 2207 677 2262 ‘t
692 2205 782 2278 magis
791 2221 823 2261 ex
834 2207 924 2278 suspi·
974 2223 1035 2280 quea
1049 2208 1099 2264 Dei
1112 2213 1181 2264 suut
1189 2224 1272 2265 uento
1282 2211 1418 2280 cognouit,
1436 2209 1495 2264 uiar'
1506 2208 1630 2280 Spiritus
1642 2209 1701 2264 Dei.
1717 2209 1771 2264 llos

123 2293 489 2368 cionequamexcognitione
501 2293 603 2349 dixisse
614 2294 819 2350 credendisunt.
829 2293 889 2364 Vel,
900 2294 924 2350 si
974 2300 1072 2352 autem
1086 2312 1144 2352 ocu
1159 2297 1293 2368 spiritum
1309 2295 1509 2369 hujusmundi
1528 2296 1698 2368 accepimus,
1723 2295 1772 2352 sed

122 2381 324 2455 cognovissent,
335 2381 372 2437 ita
380 2382 844 2455 quodmentieorumbenescderet,
853 2399 924 2437 nun·
974 2385 1106 2456 spiritum
1116 2387 1165 2458 qui
1173 2401 1209 2440 ec
1219 2386 1273 2441 Deo
1283 2385 1507 2450 est,utsctamur
1515 2400 1576 2457 quae
1586 2385 1770 2440 donatarum

125 2485 208 2544 quam
219 2468 362 2525 Dominum
373 2469 469 2543 gloriar
478 2469 685 2527 cmcilrxissent.
701 2470 773 2527 Nota
783 2471 857 2542 quod
872 2469 921 2536 ait,
975 2473 1063 2542 nobis,
1089 2489 1149 2546 quoe
1172 2477 1200 2528 ct
1224 2474 1365 2545 loquimur
1384 2487 1442 2528 uon
1469 2475 1501 2528 iu
1522 2472 1612 2528 doctis
1638 2471 1771 2528 temone

123 2557 269 2614 Dominum
285 2557 379 2631 gloriae
402 2558 602 2615 crucifixerunt.
620 2559 676 2629 (ιι)
691 2560 733 2614 Ex
746 2558 835 2614 torma
849 2558 923 2614 enim
974 2563 1230 2634 cupicutiaeuerlu's,
1243 2561 1291 2617 scd
1302 2563 1334 2616 io
1346 2561 1621 2634 docbiouSpiritua,
1637 2561 1772 2632 spirituu-

124 2645 197 2703 servi
207 2646 353 2703 crucifixus
364 2654 414 2712 est,
427 2653 454 2702 et
467 2654 557 2702 tamen
567 2643 700 2702 Dominus
713 2647 807 2718 gloriae
816 2646 924 2702 crucili-
975 2649 1046 2706 tibus
1062 2651 1226 2723 spiritualia
1241 2653 1447 2724 comparantes.

125 2742 233 2791 xusest.
242 2734 394 2790 Talisenim
405 2743 464 2790 erat
471 2734 517 2791 issa
525 2736 661 2808 susceptio
668 2736 821 2807 quaeDeum
831 2735 923 2791 bomi-
1008 2739 1098 2804 Sicut,
1114 2745 1167 2795 etc.
1183 2737 1321 2810 [August]
1337 2737 1421 2807 Quasi
1437 2737 1509 2794 dicat
1526 2737 1616 2794 :Dico
1635 2736 1659 2792 si
1672 2751 1774 2810 coguo-

124 2839 189 2880 nem
202 2823 313 2894 iaceret,
330 2831 357 2880 et
369 2823 508 2880 hominem
519 2825 614 2879 Deum.
628 2822 698 2891 Quid
710 2832 800 2879 tamen
810 2832 923 2897 propter
973 2827 1086 2892 vissent,
1111 2842 1166 2882 non
1188 2825 1396 2893 crucifixissent,
1422 2826 1471 2882 sed
1497 2841 1552 2882 non
1574 2833 1770 2899 cognorerunt,

126 2912 201 2986 quid,
218 2919 244 2967 et
266 2912 415 2969 secundum
437 2911 502 2985 quid
526 2912 633 2968 dicatur
656 2911 785 2982 prudens,
815 2919 841 2967 ει
862 2911 924 2967 dili·
972 2915 1047 2970 suut
1061 2915 1201 2986 scriptum
1215 2919 1258 2969 ert
1273 2913 1301 2968 in
1317 2914 1397 2982 isaia,
1413 2913 1460 2968 ubi
1483 2915 1535 2969 hcc
1551 2922 1591 2968 est
1615 2912 1771 2984 scriptum:

123 3017 202 3074 gens,
220 3006 247 3055 et
269 2999 331 3071 pius
351 3000 437 3056 lector
461 2999 604 3070 intelligat.
629 2999 700 3054 Nam
720 3015 784 3054 ecce
806 2965 957 3055 ιιὶείιειιε0
974 3001 1050 3068 Quod
1063 3003 1161 3057 ocutus
1175 3001 1299 3071 corporis
1313 3017 1371 3056 nou
1385 3001 1465 3070 uidit,
1477 3001 1658 3071 quianonest
1673 3000 1771 3066 colorr

122 3088 186 3161 quia
202 3089 351 3144 secuudum
374 3088 402 3144 id
423 3088 496 3161 qnod
517 3089 590 3143 Deus
610 3095 661 3154 est,
683 3085 818 3160 glorificat
834 3103 916 3156 suos3
972 3105 1025 3144 uec
1039 3089 1118 3144 auru
1132 3087 1253 3153 audiuit,
1270 3088 1333 3161 quia
1357 3095 1469 3143 nonest
1492 3102 1594 3154 sonus;
1610 3104 1662 3144 uec
1678 3089 1709 3143 tre
1723 3103 1772 3144 cor

121 3176 270 3234 secundum
296 3177 358 3244 hoc,
384 3176 488 3232 scilicet
509 3174 583 3247 quod
606 3175 738 3230 Dominus
755 3174 850 3248 gloriae
864 3185 915 3244 εει,
973 3177 1096 3234 bominis
1108 3176 1246 3242 escendit,
1263 3175 1327 3247 quia
1341 3191 1396 3231 non
1410 3182 1453 3230 est
1467 3175 1558 3242 homo,
1575 3175 1658 3230 idest
1675 3190 1771 3232 carna-

121 3273 148 3322 et
163 3273 256 3321 tamen
270 3264 403 3320 Dominus
421 3263 517 3336 gloriae
532 3261 676 3319 crucifixus
704 3271 754 3331 est,
770 3263 834 3336 quia
848 3271 921 3321 recte
971 3265 1015 3333 lis,
1032 3266 1082 3320 scd
1096 3265 1216 3337 spiritus,
1243 3264 1326 3320 idest
1347 3263 1494 3336 spiritualis
1517 3263 1563 3335 qui
1586 3263 1668 3318 novit.
1680 3264 1715 3318 Et
1729 3269 1772 3318 est

120 3353 219 3410 dicitur
233 3354 306 3409 Deus
329 3351 484 3422 crucifixus,
506 3368 561 3408 non
584 3368 617 3407 ex
640 3351 738 3408 virtute
761 3351 919 3420 divinitatis,
971 3370 1068 3410 sensus
1085 3368 1091 3408 :
1109 3353 1211 3409 Oculus
1226 3368 1280 3408 non
1295 3352 1371 3422 vidit,
1388 3360 1440 3408 etc.
1453 3352 1480 3408 id
1495 3359 1538 3408 est
1549 3351 1610 3408 visu
1623 3366 1769 3422 corporeo,

119 3442 168 3498 sed
197 3459 230 3498 ex
259 3440 413 3497 infirmitate
434 3441 535 3498 carnis.
560 3441 620 3497 Una
642 3439 713 3497 enim
737 3456 857 3512 persona
879 3448 922 3496 εει
970 3441 1014 3498 rel
1034 3441 1127 3497 auditu
1154 3457 1209 3497 non
1228 3449 1317 3513 potest
1337 3441 1477 3512 cognosci,
1502 3456 1553 3496 nec
1574 3441 1634 3511 ejus
1653 3439 1771 3496 hominis

121 3529 251 3596 Christus,
269 3531 343 3586 Deus
358 3537 384 3586 et
399 3531 491 3586 homo.
508 3530 573 3585 ldeo
588 3528 687 3585 dicitur
703 3543 709 3582 :
726 3545 808 3586 uerno
823 3545 921 3586 orcan-
970 3529 1075 3585 ratione
1091 3530 1206 3601 quinon
1226 3538 1267 3585 est
1281 3529 1399 3600 spiritus.
1422 3530 1485 3586 Non
1499 3529 1573 3584 enim
1595 3526 1772 3600 cognoscitur

120 3619 162 3674 dit
175 3619 207 3674 iu
222 3619 323 3675 coetum
335 3619 392 3674 uisi
412 3635 459 3690 qut
475 3618 508 3674 dc
525 3619 592 3674 coelo
614 3617 758 3674 descendit
775 3617 866 3688 (locu.
878 3618 919 3687 ιιι)
969 3619 1023 3692 boc
1037 3618 1142 3674 ratione
1153 3619 1211 3687 ejus
1226 3618 1270 3689 qui
1279 3617 1456 3684 carnalisest‚
1468 3633 1522 3672 non
1537 3616 1695 3689 spiritualis.
1708 3615 1768 3682 Vel,

119 3707 189 3778 (23).
207 3705 235 3762 Si
250 3722 318 3779 ergo
333 3705 458 3761 attendas
473 3705 675 3762 distinctionem
695 3705 918 3772 substantiarum,
969 3721 1025 3760 non
1035 3706 1197 3762 ascenditin
1211 3721 1258 3762 cor
1268 3705 1396 3771 hominis,
1410 3705 1473 3776 quia
1492 3720 1546 3760 non
1555 3712 1596 3760 est
1604 3703 1706 3777 aliquid
1717 3710 1771 3758 ter·

119 3793 204 3850 Filius
219 3795 269 3850 Dei
277 3793 427 3862 descendit,
443 3801 469 3848 et
484 3793 555 3848 lilius
566 3793 683 3850 hominis
696 3791 843 3849 crucifixus
857 3803 918 3850 est:
970 3809 1076 3850 renum.
1108 3792 1289 3866 [Ambrosius]
1316 3792 1395 3861 Quod
1422 3792 1494 3848 enim
1518 3792 1545 3846 in
1573 3806 1622 3848 cor
1649 3790 1767 3846 bominis

119 3881 142 3938 si
157 3890 248 3939 autem
261 3881 391 3938 unitatem
406 3897 539 3954 persona,
552 3889 578 3936 ει
592 3880 664 3936 tilius
678 3881 795 3937 hominis
805 3881 920 3938 descen·
969 3882 1102 3950 ascendit,
1114 3881 1187 3937 intra
1201 3897 1249 3938 cor
1263 3881 1381 3937 hominis
1396 3888 1447 3936 est.
1463 3880 1528 3936 Ideo
1544 3881 1571 3934 in
1586 3893 1635 3936 cor
1649 3877 1767 3934 hominis

117 3971 167 4042 dit,
184 3979 209 4027 et
224 3971 306 4026 Filius
329 3971 379 4027 Dei
402 3970 545 4026 crucifixus
560 3976 610 4026 est.
637 3971 751 4042 Propter
773 3970 845 4026 banc
867 3985 918 4025 au·
969 3971 1102 4037 ascendit,
1135 3970 1199 4042 quia
1226 3985 1310 4041 supra
1336 3968 1403 4024 illud
1425 3976 1467 4024 est
1492 3984 1541 4024 cor
1555 3984 1609 4040 quo
1633 3968 1766 4024 ascendit.

117 4067 173 4116 tcrn
200 4059 330 4115 unitatem
351 4074 487 4131 personae,
503 4075 559 4114 non
583 4059 671 4115 solum
695 4057 779 4113 filium
801 4057 919 4115 hominis
969 4059 1048 4129 Quod
1063 4058 1135 4114 enim
1159 4057 1282 4114 ascendit
1297 4057 1325 4111 in
1340 4072 1388 4112 cor
1410 4056 1527 4113 hominis
1549 4056 1584 4112 de
1599 4056 1653 4112 imo
1676 4056 1768 4113 estad

118 4148 294 4204 descendisse
308 4148 343 4204 dc
368 4147 447 4215 coelo,
465 4146 515 4202 sed
533 4145 614 4202 etiam
637 4145 704 4202 dixit
729 4162 791 4202 esse
806 4145 833 4201 in
848 4147 918 4203 coelo
967 4148 1124 4215 hominem3
1140 4162 1194 4218 quo
1209 4153 1300 4201 autem
1315 4145 1437 4202 ascendit
1452 4161 1500 4202 cor
1514 4145 1641 4213 hominis,
1658 4159 1767 4201 sursum

117 4253 179 4294 cum
202 4236 357 4309 loqueretur
371 4237 399 4290 in
413 4244 495 4292 terra.
516 4235 594 4292 Absit
608 4244 637 4291 ut
652 4235 692 4292 sic
706 4235 827 4291 Christus
852 4251 917 4291 sen·
967 4237 1058 4293 catab
1073 4235 1196 4292 homine.
1216 4233 1290 4290 lutra
1305 4251 1371 4308 ergo
1388 4250 1437 4292 cor
1450 4233 1567 4290 bominis
1589 4242 1630 4290 est
1651 4234 1723 4307 quod
1737 4234 1766 4289 in

117 4324 182 4380 serit
204 4333 330 4392 mortem,
352 4331 381 4380 ut
406 4331 535 4397 quantum
559 4324 586 4379 in
609 4340 640 4380 se
663 4324 727 4393 rita,
751 4323 835 4380 vitam
857 4320 954 4396 per-D
969 4341 1019 4384 cor
1032 4324 1175 4392 ascendit;
1192 4339 1273 4396 supra
1290 4339 1338 4380 cor
1361 4331 1401 4380 est
1415 4331 1555 4390 aternum,
1572 4323 1607 4378 ad
1623 4322 1695 4394 quod
1718 4337 1766 4378 cor

117 4413 224 4469 diderit.
239 4414 295 4485 (at)
312 4413 340 4470 si
355 4413 427 4468 enim
448 4414 501 4470 hoc
515 4413 649 4480 iterasset,
676 4412 738 4469 vitae
752 4411 813 4467 tons
829 4413 918 4468 aruis·
968 4413 1100 4480 ascendit,
1112 4420 1139 4469 et
1149 4413 1200 4470 hoc
1216 4414 1343 4487 estquod
1361 4413 1435 4468 Deus
1453 4419 1573 4468 reservat
1586 4410 1674 4466 bonis.
1687 4410 1766 4467 Unde

117 4510 168 4558 eet.
198 4502 290 4558 Sensit
318 4502 401 4575 igitur
423 4509 540 4558 mortem
567 4500 775 4573 participatione
806 4501 917 4557 bomani
969 4502 1059 4558 subdit
1078 4517 1084 4556 τ
1102 4502 1167 4569 Quae
1180 4503 1352 4575 proepurcuit
1366 4499 1516 4566 Deualel,
1534 4515 1588 4555 uon
1602 4498 1724 4556 ascendit
1737 4499 1767 4554 in

115 4589 238 4657 allectus,
256 4606 338 4663 quern
356 4597 453 4661 sponte
469 4597 836 4662 susceperu13nonnaturae
860 4607 917 4646 suae
966 4591 1156 4658 corhominis,
1172 4590 1255 4646 idest
1278 4589 1391 4658 alicujus
1416 4587 1543 4645 carnalis.
1565 4588 1640 4644 Tunc
1665 4603 1711 4644 res
1725 4587 1768 4643 di·

115 4677 234 4750 perdidit
252 4678 411 4749 potentiam,
428 4694 477 4750 per
502 4694 584 4751 quum
606 4686 705 4735 cuncta
726 4677 854 4735 vivificat.
870 4678 916 4735 Sic
965 4680 1035 4736 citur
1049 4679 1199 4736 ascendere
1214 4679 1243 4733 in
1258 4692 1315 4744 cor,
1332 4693 1392 4733 cum
1417 4677 1486 4733 bene
1511 4676 1645 4732 intellecta
1666 4676 1765 4748 placet.

115 4765 143 4818 in
158 4765 285 4836 sepulcro
300 4781 411 4822 carnem
426 4782 504 4822 suam
528 4765 731 4822 commoriendo
753 4782 808 4822 non
831 4767 914 4822 dese·
966 4766 1034 4836 Quae
1061 4767 1232 4840 praeparavit.
1259 4765 1343 4834 Quasi
1373 4766 1444 4822 dicat
1461 4781 1466 4820 :
1483 4766 1546 4821 Non
1570 4765 1637 4821 vidit
1660 4764 1763 4831 oculus,

115 4851 176 4919 ruit,
193 4852 263 4908 sicut
276 4853 304 4908 in
318 4861 396 4910 utero
416 4854 530 4928 virginis
545 4871 608 4910 cum
622 4854 762 4912 nascendo
777 4854 912 4910 tenuavit.
964 4873 1016 4914 nee
1029 4856 1131 4911 audivit
1147 4855 1231 4925 auris,
1248 4854 1352 4911 scilicet
1376 4870 1409 4910 ea
1424 4871 1484 4927 quae
1499 4856 1572 4910 Deus
1587 4859 1759 4926 preparavit,

115 4941 238 4997 Mortuus
253 4950 295 4997 est
309 4958 376 5014 ergo
391 4958 445 4998 non
470 4943 628 5000 discedente
642 4944 706 5011 vita,
724 4943 791 5000 sicut
814 4959 913 5014 passus
962 4945 991 5000 in
1001 4945 1142 5017 praemium
1159 4944 1202 4999 bis
1218 4945 1265 5017 qut
1280 4944 1404 5014 diligunt
1419 4945 1513 4999 illum.
1529 4942 1594 4999 llaec
1601 4950 1644 4998 est
1653 4942 1760 5014 sapien-

114 5038 155 5086 est
180 5045 235 5085 non
259 5037 388 5101 pereunte
412 5031 541 5103 potentia.
567 5031 654 5088 Nemo
684 5030 770 5087 aufert
793 5032 913 5087 animam
962 5033 1001 5088 tia
1014 5032 1073 5098 Dei,
1100 5032 1184 5088 idest
1207 5033 1330 5088 Christus
1353 5031 1400 5104 qui
1422 5031 1596 5105 diligentibus
1622 5033 1708 5087 Deum
1732 5031 1760 5086 in

114 5119 172 5188 ejus
186 5118 220 5173 ab
236 5135 278 5189 eo,
303 5119 367 5192 quia
382 5128 546 5192 potestatem
570 5119 653 5177 babet
675 5121 804 5192 ponendi,
821 5129 845 5179 et
859 5135 911 5192 po-
962 5121 1103 5194 praamium
1127 5127 1292 5191 praeparatus
1315 5128 1366 5186 εει,
1395 5135 1579 5191 quemnemo
1608 5118 1760 5191 principum

3 5215 6 5250 t
110 5215 236 5266 testatem
264 5208 400 5265 sumendi.
429 5209 502 5267 Ecce
532 5208 618 5265 habes
647 5218 785 5267 auctorem
809 5208 909 5282 operis,
961 5208 1100 5284 cognovit.
1116 5209 1198 5266 Notis
1212 5212 1319 5266 cutem.
1335 5207 1419 5277 Quasi
1434 5208 1507 5264 dicet
1524 5223 1530 5263 :
1546 5207 1588 5264 llli
1602 5223 1657 5264 non
1671 5223 1758 5266 nove-

159 5383 190 5435 Ξι
221 5381 388 5462 duss.‚tnlib.
403 5383 567 5446 Quast.ttor.
583 5384 674 5440 etht.
689 5386 757 5440 Teat.
996 5386 1039 5454 (tt
1070 5387 1117 5453 ld,
1131 5387 1217 5437 contra
1230 5383 1397 5464 ltaximinum.

149 5383 193 5516 iffi
222 5449 556 5516 ld.,iubb.lle'trtnttete.
996 5454 1040 5520 (at
1068 5452 1390 5520 ld.,contraFelrcranum.
