3906 6056
211 169 280 238 tsr's'
885 170 987 232 emur
1009 139 1189 232 nonatum
1790 179 1861 234 ists

208 307 283 362 mino
293 304 443 375 judicandi.
463 305 498 358 Et
521 303 585 374 quia
605 307 749 374 utrumque
774 310 814 358 est
837 319 852 357 a
876 301 1002 367 Domino,
1014 301 1043 364 A
1057 317 1156 356 causas
1170 300 1336 370 dijudicabit.
1353 302 1387 356 Et
1401 316 1475 369 vere,
1496 302 1638 375 scriptum
1658 306 1702 359 εει
1725 305 1804 359 enim
1830 304 1856 358 iu

207 393 389 467 [Ambrosius]
405 407 483 466 ergo,
499 391 556 447 sive
581 389 696 448 vivimus
719 391 777 447 siva
799 390 930 446 morimur
950 393 1004 446 Do·
1055 390 1149 445 lsaia:
1170 392 1230 446 Vivo
1246 407 1304 463 eqo,
1320 389 1390 446 dicit
1403 392 1548 448 Dominus.
1575 389 1658 460 Quasi
1681 392 1778 448 dicat:
1802 391 1854 460 Qui

204 485 390 540 ministrmus
405 481 487 537 servi.
506 481 581 554 (ιιι)
597 480 792 547 Veh-Domini,
809 480 893 534 idest
910 496 926 533 a
946 480 1003 534 Do·
1054 479 1118 534 olim
1134 478 1170 535 ιιιι
1185 487 1307 535 mortuus
1319 480 1374 548 iam
1389 479 1451 537 vivo
1465 479 1492 534 in
1513 479 1642 550 potentia,
1669 497 1731 553 quae
1754 480 1782 534 in
1805 481 1855 536 hoc

202 573 278 628 mino
293 588 387 628 sumus
399 569 553 640 iudicandi.
573 569 627 625 Cur
644 584 710 641 ergo
729 569 830 638 judicat
848 567 955 624 bomo?
972 569 1004 622 la
1053 575 1136 639 patet.
1153 569 1290 636 Qrooaiom
1299 568 1758 638 flecteturmiltiinjudicio,omuc
1768 586 1854 640 qens,

204 663 355 719 horahim.
372 658 458 729 Quasi
473 658 545 715 dicat
562 674 569 712 :
586 660 655 714 Vere
679 658 788 713 Domini
812 673 915 723 snmus,
941 655 1005 728 quia
1054 657 1136 712 etiam
1146 656 1326 722 inimicorum,
1339 665 1367 713 ει
1377 659 1469 714 omnis
1480 659 1587 728 linqua,
1600 657 1627 713 id
1638 665 1679 713 est
1689 658 1856 714 conscientia

202 751 291 823 pretio
307 748 447 823 sanguinis
462 747 531 803 eruit
546 763 606 814 nos,
622 763 672 802 nec
695 746 798 802 tenebit
825 761 901 800 mors
929 745 1004 800 illum
1054 761 1225 817 cognoscens
1240 762 1284 801 me
1299 761 1360 801 esse
1374 747 1472 816 Deum,
1487 745 1669 816 confitebitor
1686 746 1751 818 quid
1765 747 1855 819 egerit

204 854 324 911 proquo
339 847 461 894 mortuus
477 845 518 892 est
533 836 645 891 liberiu
667 835 789 890 mortuis.
819 835 853 888 Et
882 835 934 890 hoc
963 840 1004 888 est
1054 833 1191 890 mihiDeo.
1208 833 1320 906 thuia
1335 835 1475 905 Scriptura
1494 835 1530 890 ita
1553 835 1628 890 dicit.
1649 836 1746 907 ltaque
1764 853 1855 891 anas-

202 927 275 1000 quod
283 928 320 982 ait
332 942 339 981 ε
355 928 385 981 ln
397 927 448 982 hoc
459 925 530 981 euim
543 925 672 981 Christos
681 927 811 980 mortuas
820 927 863 978 est
873 927 902 978 ει
913 939 1005 980 resar-
1054 923 1168 995 quisque
1179 927 1319 992 nostram,
1328 922 1491 992 judicandus
1505 939 1520 978 a
1540 923 1668 989 Domino,
1688 924 1785 980 reddet
1800 925 1854 980 Deo

203 1018 282 1072 rexit
297 1019 329 1071 ιιι
344 1015 516 1080 dominetur,
529 1013 556 1068 id
571 1021 612 1068 εει
627 1011 795 1084 intelligatur
810 1011 954 1079 dominari,
974 1014 1003 1066 et
1053 1028 1103 1084 pro
1113 1027 1142 1066 sc
1150 1011 1300 1078 rationem,
1312 1027 1366 1066 non
1378 1011 1468 1067 eludet
1477 1010 1516 1066 ibi
1523 1027 1572 1083 per
1580 1011 1721 1085 ambages.
1734 1013 1777 1079 Et,
1790 1012 1853 1084 quia

204 1105 330 1162 oiuomnn
343 1108 371 1159 ει
385 1107 570 1168 mortuorum,
588 1107 614 1156 et
629 1108 758 1171 utrosque
770 1099 904 1169 jndicare,
921 1107 948 1155 et
959 1115 1004 1156 ac·
1054 1114 1104 1170 pro
1121 1114 1150 1153 se
1164 1099 1279 1171 quisque
1294 1099 1390 1154 reddet
1405 1099 1545 1168 rationem,
1560 1116 1618 1156 non
1633 1115 1695 1172 erqo
1715 1101 1850 1172 amplias,

205 1192 270 1264 cipit
285 1192 320 1247 ad
333 1191 450 1246 litteram
466 1190 543 1245 vivos
559 1197 585 1244 et
598 1197 728 1244 mortuos.
741 1190 799 1244 lloc
811 1188 869 1258 jam
882 1188 1003 1243 ideo-di·
1053 1187 1122 1241 sicut
1136 1187 1268 1242 hactenus
1284 1185 1409 1254 iacimus,
1421 1189 1710 1260 invicemjudiccmus
1728 1204 1789 1252 nos,
1821 1205 1853 1244 ex

205 1280 251 1346 cit,
268 1287 363 1335 utnon
391 1286 498 1350 putetur
524 1277 647 1332 Christus
689 1285 791 1332 tantum
817 1277 941 1347 judicare
969 1277 1016 1333 de·
1054 1274 1190 1346 opinione,
1208 1275 1287 1347 quasi
1301 1291 1356 1330 non
1366 1291 1529 1347 usurpemus
1542 1275 1631 1341 nobis,
1647 1277 1720 1348 quod
1742 1277 1779 1332 ad
1804 1292 1854 1332 nos

203 1368 328 1434 mortuis,
346 1367 423 1439 quasi
438 1368 503 1423 dum
521 1366 612 1422 vivunt
634 1366 789 1421 bominibus
813 1365 847 1420 sit
872 1365 1002 1422 commis·
1053 1379 1109 1419 uon
1124 1363 1250 1435 pertinet.
1267 1365 1342 1436 (att)
1357 1365 1418 1419 Non
1430 1365 1660 1437 reprehendamus
1673 1381 1707 1421 ea
1721 1383 1783 1438 quae
1802 1383 1854 1422 ne—

205 1473 265 1514 sum
276 1456 417 1526 judicium,
435 1457 483 1511 sed
498 1463 559 1527 post
574 1461 689 1510 mortem
704 1455 770 1509 Deo.
788 1455 844 1509 Hoc
868 1455 940 1508 enim
962 1454 1003 1509 ιιι-
1054 1453 1155 1508 scimus
1170 1468 1224 1524 quo
1239 1451 1330 1508 animo
1346 1452 1430 1522 fiant3
1447 1453 1491 1509 vel
1505 1452 1598 1520 etiam,
1623 1453 1646 1508 ει
1670 1463 1764 1525 aperta
1787 1455 1851 1522 sint,

203 1541 358 1613 alpientium
371 1540 472 1612 dogma
485 1555 647 1611 perversum
675 1539 794 1594 tradidit.
825 1539 880 1594 Sed
906 1539 1003 1594 malins
1054 1541 1154 1597 nonita
1169 1541 1401 1612 reprehendamus
1416 1549 1444 1596 ut
1467 1542 1502 1598 de
1525 1541 1640 1598 sanitate
1663 1543 1851 1615 desperemus.

202 1639 244 1687 εει
262 1639 291 1686 ιιι
318 1637 493 1701 utrorumque
520 1629 625 1686 dicatur
646 1628 776 1700 ‚Christus
804 1628 947 1698 dominari,
977 1636 1003 1684 et
1017 1631 1084 1718 Bln
1098 1630 1141 1684 bis
1155 1630 1226 1685 enim
1242 1630 1348 1685 duobus
1363 1630 1534 1702 temerarium
1545 1639 1587 1686 est
1594 1631 1736 1701 judicium,
1750 1633 1853 1688 scilicet

201 1728 332 1791 utrosque
343 1717 478 1788 judicare,
496 1715 558 1789 quia
572 1717 669 1789 quibus
684 1716 759 1772 dedit
774 1715 844 1772 filios
859 1716 909 1771 Dei
931 1715 1002 1785 fieri,
1055 1734 1118 1774 cum
1134 1718 1265 1774 incertum
1281 1726 1322 1774 est
1338 1735 1392 1790 quo
1413 1719 1503 1776 animo
1526 1720 1646 1793 quidque
1666 1719 1769 1777 iactum
1791 1729 1851 1786 est;

202 1807 242 1862 illi
257 1816 282 1863 et
298 1823 369 1862 nunc
384 1814 411 1862 ει
425 1813 616 1878 postmortem
644 1813 758 1876 regnant
787 1821 848 1860 cum
877 1805 998 1861 Christo.

203 1897 278 1966 (376)
295 1895 349 1952 Sed
364 1895 442 1950 aliter
455 1910 528 1950 nunc
542 1901 659 1967 regnant
673 1910 734 1949 cum
749 1893 796 1948 illo
820 1893 907 1949 sancti
933 1893 1001 1962 ejus.

201 1983 288 2040 Aliter
301 1991 366 2040 tunc
380 1983 543 2055 regnabunt.
559 1983 640 2038 Nunc
654 1988 780 2055 regnant,
798 1981 860 2054 qnia
875 1998 935 2055 quae
946 1999 1003 2036 sur-

201 2087 262 2128 sum
284 2079 347 2127 sunt
374 2071 482 2143 sapiunt
509 2078 537 2126 et
560 2078 700 2142 quaerunt,
730 2079 869 2142 postremo
899 2086 1002 2144 regna-

199 2161 265 2216 bunt
279 2178 341 2218 cum
355 2160 411 2227 illo,
429 2160 466 2215 ita
490 2167 519 2215 ut
547 2160 599 2216 sint
627 2159 655 2214 in
679 2176 765 2232 regno
795 2159 862 2229 ejus,
893 2167 920 2215 et
949 2159 1003 2214 siut

201 2250 284 2306 etiam
310 2249 349 2305 illi
377 2264 494 2321 regnum
522 2249 589 2317 eJ'us,
619 2248 681 2320 quia
709 2256 735 2303 et
762 2247 858 2302 animm
894 2248 1002 2319 piorum

199 2347 368 2395 mortuorum
382 2353 437 2393 non
453 2345 613 2409 separantur
628 2337 664 2392 ab
683 2336 815 2401 Ecclesia,
841 2352 901 2408 quae
920 2336 1000 2391 etiam

198 2444 270 2484 nunc
285 2434 326 2483 est
340 2442 455 2500 reguum
480 2424 590 2494 Christi,
623 2423 686 2496 quia
715 2431 812 2496 regnat
839 2440 912 2480 nunc
940 2441 1001 2480 cum

200 2506 309 2573 Christo
326 2515 448 2571 Ecclesia
462 2513 490 2568 in
505 2513 574 2570 vivis
600 2505 626 2569 ει
650 2512 773 2568 mortuis.
797 2511 926 2586 Alioquin
950 2529 1001 2570 neo

199 2604 235 2660 ad
249 2605 334 2660 altare
349 2603 399 2659 Dei
414 2601 490 2658 heret
503 2601 634 2661 memoria
649 2618 743 2657 eorum
766 2601 793 2656 in
816 2601 1000 2657 communica-

198 2693 272 2748 tione
287 2691 410 2763 corporis
424 2691 533 2747 Christi.
551 2691 626 2761 Ergo
647 2688 741 2745 fideles
765 2689 847 2744 etiam
868 2688 997 2758 defuncti,

1053 1808 1096 1863 vel
1111 1823 1172 1863 cum
1187 1807 1322 1864 incertum
1337 1815 1379 1863 est
1394 1808 1481 1879 qualis
1496 1807 1604 1864 iuturus
1618 1807 1652 1864 sit
1665 1809 1712 1881 qui
1726 1811 1854 1866 nunebo

1052 1912 1103 1950 uus
1117 1896 1163 1951 vel
1177 1896 1265 1951 malus
1291 1895 1434 1953 manifeste
1455 1904 1578 1968 apparet,
1604 1905 1630 1952 ει
1653 1897 1696 1954 vel
1721 1899 1853 1970 superbia

1053 1992 1093 2040 est
1108 1985 1151 2040 vel
1166 1984 1322 2052 invidentia,
1339 1985 1373 2041 de
1387 1986 1430 2040 bis
1441 1985 1565 2055 iudicare
1580 1987 1653 2059 quod
1666 1987 1784 2043 maxime
1808 1988 1850 2044 la-

1052 2074 1125 2129 ciunt
1141 2073 1188 2145 qui
1203 2074 1289 2145 magis
1316 2081 1407 2130 amant
1436 2075 1563 2143 clamare,
1588 2076 1744 2147 vituperare
1771 2092 1852 2148 quarn

1052 2162 1200 2217 emendare
1212 2171 1239 2217 et
1247 2163 1396 2234 corrigere.
1407 2162 1486 2219 Unde
1496 2163 1596 2219 dicitnr
1607 2180 1614 2218 :
1624 2165 1716 2220 Nolite
1719 2165 1852 2237 judicare

1052 2255 1079 2306 et
1085 2266 1144 2306 noo
1147 2251 1351 2323 judicabimini
1361 2253 1471 2322 (llatth.
1487 2255 1547 2323 vn),
1559 2253 1607 2308 scd
1617 2255 1849 2325 moqisjndicote,

1050 2338 1135 2394 idest
1157 2340 1332 2396 observando
1358 2339 1504 2396 discernite
1518 2341 1593 2412 quod
1615 2341 1710 2412 prosit,
1735 2350 1764 2397 ιιι
1788 2343 1850 2408 hoc,

1051 2427 1154 2484 scilicet
1169 2445 1205 2484 ne
1218 2429 1334 2500 ponatis
1349 2429 1488 2500 fratribus
1495 2429 1709 2502 offendiculum,
1721 2430 1748 2485 id
1755 2432 1850 2486 estali·

1051 2515 1116 2586 quid
1132 2516 1204 2571 unda
1218 2515 1406 2587 pereatirater
1415 2524 1507 2573 vestro
1518 2518 1643 2588 exemplo
1652 2519 1725 2574 idem
1736 2518 1848 2587 iaciens,

1050 2604 1094 2658 vel
1107 2606 1285 2674 scandalum,
1296 2605 1376 2661 idest
1399 2605 1631 2662 contristationem
1647 2624 1655 2663 :
1671 2607 1747 2680 quod
1760 2608 1850 2663 minus

1050 2699 1103 2746 est.

197 2781 322 2836 membra
337 2786 399 2835 sunt
413 2780 481 2849 ejus.
496 2779 560 2834 ldeo
576 2794 642 2850 ergo
656 2784 779 2833 mortuus
794 2784 846 2843 est,
862 2786 888 2833 et
903 2794 998 2834 resur·
1084 2780 1168 2837 Vsus.
1187 2783 1340 2840 ll·20.-r
1352 2781 1414 2838 Scio
1434 2789 1461 2838 et
1479 2781 1587 2840 confido
1605 2783 1633 2839 in
1654 2784 1772 2840 Domino
1785 2787 1851 2842 lesu

198 2869 278 2936 rexit,
293 2876 323 2923 ut
336 2868 523 2924 ostenderetur
538 2867 669 2922 Dominus
684 2874 763 2938 atque
776 2866 860 2936 judex
875 2866 999 2923 ulvosum
1051 2889 1062 2920 ι
1084 2869 1222 2940 quianihil
1233 2885 1377 2927 commune
1387 2887 1438 2943 per
1449 2870 1547 2943 ipsum,
1559 2871 1611 2927 nisi
1635 2871 1660 2928 ei
1682 2873 1728 2945 qui
1755 2874 1851 2929 existi-

197 2963 224 3012 et
238 2965 417 3013 mortuorum.
437 2955 485 3011 Vel
499 2955 545 3023 ita,
562 2963 592 3010 ut
606 2961 728 3010 mortuos
743 2962 770 3010 et
784 2955 861 3010 vivos
884 2955 999 3026 mystice
1050 2979 1061 3005 ι
1083 2965 1138 3012 mat
1149 2959 1368 3030 quidcommune
1378 2975 1450 3028 esse,
1461 2961 1500 3015 illi
1510 2967 1716 3018 commuueest.
1728 2962 1758 3018 Si
1777 2964 1852 3019 enirn

197 3044 375 3117 accipiamus.
390 3043 475 3114 Quasi
489 3044 563 3100 dicat
581 3059 587 3098 :
604 3045 674 3099 Vera
696 3043 804 3099 Domini
834 3060 938 3099 sumus.
969 3045 998 3099 ln
1016 3019 1063 3088 0«
1085 3049 1196 3114 propter
1215 3043 1307 3098 cibum
1330 3043 1416 3100 irater
1434 3053 1497 3099 tuns
1519 3045 1704 3112 contristatur,
1716 3046 1773 3116 jam
1798 3063 1854 3104 non

197 3134 251 3191 boc
265 3134 336 3190 enim
349 3134 473 3190 Christus
484 3141 605 3189 mortuus
620 3140 662 3189 est
676 3140 703 3188 et
725 3132 875 3188 resurrexit
898 3140 926 3188 ut
949 3135 998 3188 do·
1051 3151 1062 3181 ι
1086 3132 1236 3188 seeundum
1250 3132 1408 3188 charitatem
1424 3133 1560 3189 ambulas.
1575 3133 1638 3189 Noli
1661 3133 1724 3190 cibo
1749 3143 1798 3190 tao
1821 3136 1855 3192 il·

196 3223 317 3279 minetur
330 3223 454 3280 vivorum
469 3232 496 3278 et
510 3229 685 3288 mortuorum,
703 3221 730 3276 id
745 3229 786 3276 est
799 3229 827 3276 ut
843 3223 878 3278 ad
905 3221 998 3276 Domi·
1051 3239 1062 3270 ι
1084 3219 1140 3274 lum
1151 3221 1279 3291 perdere,
1294 3235 1346 3292 pro
1361 3237 1415 3294 quo
1430 3222 1555 3277 Christus
1569 3231 1694 3278 mortuns
1709 3232 1764 3279 εει.
1787 3226 1853 3280 Νοιι

195 3311 270 3367 nium
285 3329 363 3368 suum
378 3312 498 3368 traheret
513 3311 636 3367 viventes
660 3310 687 3364 in
709 3311 852 3366 virtutibus
877 3318 903 3365 et
921 3327 998 3366 mor·
1050 3328 1062 3358 ι
1083 3323 1152 3380 ergo
1166 3307 1371 3379 blasphemetur
1386 3310 1486 3366 bonnm
1501 3319 1634 3366 nostrum.
1651 3311 1712 3367 Non
1727 3314 1852 3368 estenim

197 3406 258 3455 tuos
277 3400 305 3454 in
327 3400 458 3471 peccatis.
483 3398 664 3472 [Ambrosius]
690 3399 742 3454 Per
762 3398 899 3454 Christum
924 3399 997 3454 enim
1050 3419 1060 3444 ι
1080 3412 1197 3468 regnum
1211 3397 1262 3452 Dei
1276 3413 1341 3454 esca
1355 3407 1380 3454 ει
1395 3391 1485 3470 potus,
1502 3399 1550 3455 sed
1571 3399 1674 3469 justitia
1696 3408 1723 3456 ει
1747 3417 1802 3472 pax
1827 3411 1854 3458 et

195 3495 332 3554 creatura,
349 3505 410 3560 qnae
424 3503 476 3559 pro
491 3492 604 3559 peccato
619 3487 735 3542 alienata
750 3494 806 3541 erat
819 3487 853 3541 ab
874 3495 995 3557 auctore,
1049 3505 1061 3535 ι
1082 3485 1213 3558 gaudium
1228 3485 1256 3540 in
1271 3486 1373 3557 Spiritu
1388 3495 1494 3544 sancto.
1510 3486 1562 3556 Qui
1579 3488 1685 3544 enimin
1696 3489 1749 3546 boc
1763 3493 1853 3546 servit

184 3583 219 3632 -et
232 3573 302 3632 iacta
316 3577 431 3648 captiva,
448 3584 488 3631 est
514 3575 638 3642 liberata,
664 3591 744 3647 quem
768 3576 849 3631 Pater
871 3575 906 3630 de
926 3576 996 3631 coelo
1050 3595 1060 3620 ι
1083 3573 1201 3640 Christo,
1217 3574 1308 3644 placet
1322 3576 1390 3642 Deo,
1411 3585 1438 3632 et
1461 3576 1591 3647 probatus
1615 3585 1657 3633 est
1680 3578 1852 3634 homiuibus.

190 3664 262 3719 misit
277 3666 311 3722 ad
328 3674 423 3732 terras,
439 3680 474 3720 ne
489 3680 558 3735 opus
572 3664 631 3732 ejus
646 3663 757 3735 periret,
773 3681 824 3736 pro
840 3664 938 3736 quibus
960 3665 996 3720 li·
1049 3682 1061 3712 ι
1083 3662 1176 3733 ltaque
1190 3679 1252 3734 quae
1270 3664 1345 3734 pacis
1360 3672 1422 3719 sunt
1437 3672 1582 3736 sectemur,
1598 3673 1624 3722 et
1646 3682 1706 3738 qua
1728 3666 1854 3724 adifica-

191 3755 322 3814 berandis
337 3762 364 3811 et
377 3753 546 3824 adjuvandis,
563 3752 686 3807 Christus
701 3753 783 3820 venit,
801 3765 924 3809 mortuus
944 3761 994 3824 est,
1049 3771 1060 3802 ι
1082 3750 1164 3806 tionis
1179 3759 1241 3807 sunt
1255 3751 1373 3812 invicem
1388 3754 1582 3810 custodiamus.
1597 3754 1661 3811 Noli
1675 3763 1787 3827 propter
1802 3773 1854 3813 es·

193 3855 220 3903 et
234 3843 390 3902 resurrexit.
401 3843 523 3898 Mortuus
539 3840 611 3896 enim
627 3847 669 3896 est
684 3848 715 3896 ut
736 3849 859 3897 mortuos
883 3842 911 3896 in
930 3857 996 3913 pec·
1048 3860 1060 3891 ι
1083 3855 1143 3895 eam
1160 3841 1302 3896 destruere
1317 3857 1386 3913 opus
1399 3842 1459 3898 Dei.
1478 3862 1490 3893 ε

192 3935 260 3993 ειιιε
274 3933 371 3990 liberet
396 3947 413 3987 a
439 3929 568 4002 peccatis,
599 3929 664 3984 dum
691 3929 765 3994 vixit,
797 3929 875 3986 vivus
900 3930 995 3985 salutis
1083 3928 1153 3996 Scio,
1170 3936 1224 3985 etc.
1241 3927 1327 3997 Quasi
1342 3929 1415 3986 dicat
1431 3945 1438 3984 ε
1454 3930 1523 3986 Dico
1537 3946 1572 3986 ne
1587 3931 1695 4002 ponatis
1709 3933 1784 3988 fratri
1806 3935 1854 3990 οι-

191 4024 264 4082 viam
278 4020 416 4086 ostendit;
433 4017 591 4087 resurrexit,
608 4026 637 4074 ut
650 4017 811 4086 justificatos
836 4035 930 4075 secum
955 4017 996 4073 vi·
1045 4014 1223 4087 iendiculam,
1239 4025 1398 4074 nouantem
1415 4018 1488 4086 dico,
1504 4017 1698 4076 offendiculum
1711 4021 1854 4080 velscan-

194 4127 260 4170 vere
275 4111 365 4167 iaciat.
390 4107 431 4162 lix
455 4106 568 4179 perditis
588 4121 656 4179 ergo
676 4105 836 4162 reformavit
860 4106 914 4162 sibi
939 4123 995 4162 ser·
1046 4104 1146 4169 dalum,
1163 4121 1196 4161 eo
1212 4106 1284 4176 quod
1299 4107 1377 4162 cibus
1392 4107 1427 4162 sit
1441 4107 1609 4176 immundus,
1624 4109 1696 4182 quia,
1713 4110 1779 4178 seio,
1798 4129 1854 4182 per

195 4215 255 4257 pos,
1045 4193 1098 4249 hoo
1112 4196 1151 4259 ει,
1162 4193 1191 4248 id
1204 4200 1246 4249 est
1256 4194 1330 4266 quia,
1352 4195 1462 4267 confido
1475 4198 1507 4252 ιιι
1526 4198 1643 4254 Domino
1658 4199 1732 4266 lesa,
1754 4197 1783 4253 id
1809 4211 1855 4256 εει

232 4289 271 4344 To
285 4289 391 4342 ιιιιιειιι.
404 4282 488 4353 Quasi
498 4283 568 4340 dicat
587 4283 644 4339 :Ex
655 4283 816 4355 hisapparet
830 4283 900 4356 quod
918 4283 996 4339 Chri·
1044 4297 1095 4351 per
1109 4282 1160 4337 boc
1176 4282 1250 4352 quod
1264 4281 1425 4339 confidentia
1441 4293 1482 4340 εει
1495 4285 1561 4338 mihi
1577 4285 1604 4339 in
1618 4286 1694 4353 lesu,
1703 4286 1750 4357 qui
1768 4297 1854 4358 post-

197 4385 255 4434 stus
267 4375 348 4431 debet
362 4372 506 4430 dominari.
523 4373 563 4426 Tu
579 4380 677 4441 autem,
702 4372 869 4428 manducans
893 4372 993 4443 omnia,
1009 4374 1127 4441 unam
1137 4370 1438 4444 venitabsolvitalege,
1451 4373 1517 4445 quia
1531 4373 1606 4429 nihil
1625 4382 1665 4430 εει
1686 4391 1851 4445 commane,

198 4465 263 4539 qaid
277 4461 392 4537 judicos
420 4463 541 4533 fratrem
570 4464 652 4518 taam
681 4475 735 4515 nou
762 4459 999 4516 manducantem?
1048 4457 1075 4512 id
1090 4465 1132 4513 εει
1146 4458 1324 4528 immundum,
1334 4475 1387 4532 per
1402 4462 1506 4534 ipsam,
1522 4461 1550 4517 id
1565 4469 1606 4518 est
1627 4479 1678 4534 per
1699 4464 1852 4521 adventum

200 4555 305 4621 natta,
317 4566 370 4607 non
382 4549 558 4619 manducans,
568 4565 654 4622 qnare
664 4549 774 4621 spernis
783 4551 907 4620 fratrem
916 4554 998 4606 tuam
1049 4547 1117 4616 ejus,
1133 4547 1177 4602 vel
1186 4563 1236 4618 par
1250 4547 1308 4616 ejus
1323 4548 1498 4605 creationem.
1523 4550 1595 4606 Nota
1617 4551 1680 4622 quia
1701 4567 1852 4610 commune

199 4638 433 4698 manducantem?
446 4638 508 4694 Non
522 4637 559 4692 ita
574 4637 657 4692 debes
672 4635 772 4692 lacere.
798 4637 897 4694 Omnes
921 4638 999 4694 enim
1048 4635 1124 4704 ponit
1139 4651 1190 4706 pro
1204 4636 1355 4704 immundo,
1372 4645 1399 4693 et
1414 4646 1456 4694 εει
1469 4646 1607 4696 tracturus
1621 4640 1695 4696 vasis
1709 4657 1771 4713 qnae
1785 4653 1853 4699 anta

200 4730 347 4795 stabimus,
358 4735 386 4782 ut
397 4727 544 4797 iudicandi,
561 4730 629 4781 onte
642 4726 769 4781 tribaoal
781 4725 895 4794 Christi,
917 4726 944 4781 id
958 4734 1000 4782 cst
1049 4729 1125 4778 erant
1139 4723 1264 4778 omnibus
1278 4725 1374 4780 usibus
1396 4726 1561 4794 eommunia,
1585 4743 1699 4800 quorum
1722 4731 1852 4802 qxoedam

201 4817 391 4887 antejudioem
406 4816 494 4870 Deum
509 4815 659 4870 sedentem.
676 4814 711 4868 Et
725 4813 822 4870 dicitur
841 4815 894 4870 boc
917 4831 932 4868 a
958 4815 998 4869 si·
1049 4819 1144 4882 postea
1159 4811 1300 4868 sacrificiis
1314 4814 1437 4870 dedicata
1449 4815 1507 4884 jam
1527 4830 1583 4872 non
1606 4819 1771 4886 communia,
1800 4821 1852 4876 sad

200 4906 271 4963 mili.
291 4903 420 4962 'tribunal
434 4902 506 4959 enim
521 4902 601 4957 sedes
613 4902 733 4972 judicum
749 4909 798 4970 est,
815 4919 875 4974 quae
897 4901 924 4957 in
948 4919 998 4958 ex·
1049 4907 1145 4956 sancta
1158 4899 1326 4957 dicebantur.
1343 4902 1393 4958 Vel
1406 4911 1576 4960 tractumest
1602 4921 1617 4960 a
1643 4906 1754 4975 ludaeis,
1784 4911 1852 4980 quia

201 4995 275 5054 celso
290 4994 401 5060 locatur,
418 5000 446 5047 ut
458 4991 540 5062 judex
556 4991 591 5046 ab
605 4991 731 5046 omuibus
745 4991 878 5060 videatur,
899 4999 926 5047 et
940 4991 998 5063 ipse
1047 4985 1100 5057 ipsi
1123 4987 1208 5044 tndaei
1227 4988 1385 5046 dicebantur
1403 4991 1477 5062 prius
1500 4993 1628 5064 proprius
1653 4994 1771 5066 populus
1784 4997 1851 5052 Dei.

202 5101 235 5141 ex
251 5081 379 5140 eminenti
393 5081 453 5138 loco
468 5095 563 5137 omnes
578 5079 667 5136 valeat
681 5079 798 5146 intueri3
814 5080 851 5135 ita
867 5088 894 5136 et
921 5079 1000 5135 Chri·
1048 5073 1177 5149 [Haimol
1191 5076 1243 5132 Alii
1258 5093 1322 5134 vero
1336 5093 1433 5136 omues
1455 5080 1614 5138 dicebantur
1636 5097 1798 5138 communes
1822 5093 1852 5140 ει

201 5182 259 5230 stus
272 5170 350 5245 quasi
364 5171 391 5226 in
406 5169 534 5225 tribunali
546 5167 661 5235 sedebit,
685 5169 747 5241 quia
768 5177 795 5224 et
814 5169 849 5224 ab
872 5169 998 5225 omnibus
1048 5163 1188 5235 immundi,
1205 5173 1231 5220 et
1244 5165 1282 5222 ita
1295 5167 1381 5223 ludaei
1395 5167 1472 5224 cibos
1485 5184 1519 5225 ex
1533 5169 1597 5244 lege
1610 5185 1757 5228 concessos
1785 5179 1853 5226 tan·

202 5260 346 5328 videbitur,
362 5267 388 5316 ει
402 5259 461 5331 ιρεε
488 5257 609 5313 omnium
636 5256 816 5314 conscientias
843 5257 944 5315 videbit
971 5267 998 5314 et
1048 5259 1105 5308 tum
1119 5252 1247 5310 dicebant
1260 5255 1387 5312 mundos.
1404 5255 1508 5326 Quibus
1526 5266 1616 5315 autem
1641 5266 1738 5332 genoes
1765 5275 1850 5317 eom-

1082 5430 1151 5500 (ιιιι
1170 5431 1219 5500 ra,
1232 5434 1266 5488 ιε
1278 5434 1328 5488 av.
1339 5435 1394 5489 oo.

248 5433 310 5569 3753
328 5432 485 5498 Αιιιιιειιιιιιε,
498 5432 523 5482 in
535 5431 615 5485 Duch.

246 5501 296 5553 ιιι
327 5498 548 5565 ramesensi.
