3906 6056
119 211 190 268 tlte
458 211 711 271 COLLECTANBA
728 213 766 269 IN
783 211 892 270 EPIST.
912 211 947 270 D.
966 213 1080 272 etum.
1096 245 1131 257 -
1146 216 1183 273 ΙΝ
1201 217 1255 273 ΕΡ.
1275 217 1322 273 ΑΙ)
1341 213 1426 274 ΗΘΜ.
1695 215 1765 276 tiso

118 345 145 393 et
158 333 182 392 si
197 335 361 404 diminutio,
377 335 405 392 id
420 344 462 394 est
476 337 591 409 abjectio
606 354 712 405 eorum,
737 339 846 395 divitia
856 345 920 394 sunt
932 341 961 400 A
971 356 1032 414 auce
1046 340 1097 396 erit
1120 344 1276 415 assumptio
1297 342 1471 416 reliquorum,
1487 344 1546 400 nui
1568 343 1627 400 aito
1642 342 1764 416 gentium

119 426 259 497 gentium,
276 424 304 480 id
315 433 357 481 εει
373 424 396 480 ει
410 427 490 498 pauci
505 427 539 483 de
553 427 593 482 eis
608 427 742 494 conversi,
759 435 788 482 ut
803 426 920 500 apostoli
971 446 1008 486 eu
1029 431 1159 506 mortuis,
1177 431 1204 486 id
1220 440 1262 487 εει
1275 447 1308 489 ει
1319 448 1352 489 eo
1376 433 1449 504 quod
1463 441 1576 488 mortuae
1600 440 1670 488 sunt.
1687 432 1767 502 Quod

120 513 276 569 ditaverunt
292 521 399 586 gentes,
420 517 632 587 quantomagis
651 515 798 588 plenitudo
811 531 918 586 eorum,
970 525 1061 574 autem
1074 519 1163 576 ludaei
1177 528 1291 590 possunt
1319 521 1420 576 assumi
1444 520 1478 576 ad
1506 521 1707 593 reprimendam
1722 537 1767 577 su·

118 602 190 676 quod
217 601 245 657 iu
273 601 327 658 fine
350 603 445 659 mundi
469 612 652 671 convertetur,
669 605 721 660 erit
739 604 839 660 divitia
853 621 920 677 gen·
970 605 1093 678 perbiarn
1116 607 1295 680 quorumdam
1319 609 1461 680 gentilium
1480 608 1549 666 forte
1564 609 1710 666 dicentium
1722 617 1765 666 to·

119 691 197 758 tium,
209 691 238 746 id
253 698 295 747 est
310 691 334 747 si
348 692 450 749 malum
467 709 563 749 eorum
577 693 658 750 uertit
671 694 745 749 Deus
759 693 787 748 in
807 692 918 762 bonnm,
970 702 1027 751 tum
1043 712 1131 768 genus
1148 713 1209 753 εεεε
1225 697 1390 764 damnatum,
1418 697 1513 768 probat
1527 714 1576 769 per
1603 707 1703 754 nature
1727 697 1768 753 si-

119 777 147 835 id
162 787 204 836 εει
225 779 254 834 iu
282 779 390 836 divitias
415 782 525 848 mundi,
541 781 627 838 multo
650 782 738 854 magis
752 782 853 839 bonum
869 798 920 839 eo·
970 783 1150 841 militudinem
1175 785 1315 841 subdens:
1329 786 1404 855 Quod
1423 786 1448 841 si
1467 786 1609 842 delibatio.
1628 785 1713 855 Quasi
1726 786 1767 841 di·

120 885 190 937 rum,
221 868 327 925 scilicet
354 886 416 925 cum
443 869 471 924 in
494 868 548 926 fine
563 870 657 926 mundi
671 870 812 942 plenitudo
825 886 920 926 eorum
970 880 1013 928 cat
1031 873 1113 928 :Dixi
1129 873 1201 946 quod
1226 874 1376 945 assumptio
1398 889 1492 931 eorum
1507 874 1558 930 erit
1576 874 1691 928 multum
1710 874 1765 928 uti-

118 971 254 1014 convarsa
268 957 364 1012 ditabit
378 966 474 1032 gentas
489 959 613 1016 doctrina
628 966 655 1014 et
675 959 810 1030 exemplo.
820 959 852 1013 In
866 974 920 1030 qno
970 959 1015 1030 lis,
1031 977 1112 1033 qnam
1127 978 1163 1018 ne
1177 962 1285 1031 dicatis,
1301 979 1319 1016 c
1333 963 1451 1034 gentiles
1466 979 1521 1018 non
1530 977 1613 1034 posse
1623 961 1690 1027 fieri,
1703 977 1767 1034 qua·

118 1045 238 1102 ostendit
260 1062 310 1102 nec
330 1046 453 1103 inutilem
473 1062 525 1104 nec
557 1047 795 1119 irrecuperabilem
824 1062 920 1104 casum
970 1049 994 1105 si
1007 1057 1091 1105 totum
1107 1066 1195 1121 genus
1210 1051 1244 1105 sit
1262 1051 1446 1123 repudiatum.
1472 1050 1562 1119 Quod,
1578 1051 1605 1105 id
1629 1057 1669 1106 est
1693 1049 1763 1123 quia,

121 1133 288 1204 ludaeorum,
305 1141 332 1190 et
345 1135 422 1207 quasi
451 1135 550 1208 aliquis
572 1143 708 1207 quareret
730 1151 766 1192 un
794 1142 921 1208 poterunt
970 1138 993 1193 si
1006 1137 1134 1194 delibatio
1152 1137 1220 1195 facta
1234 1147 1285 1205 εει,
1301 1139 1329 1194 id
1345 1147 1386 1194 εει
1400 1139 1423 1194 ει
1437 1139 1517 1210 pauci
1531 1139 1565 1194 de
1589 1138 1642 1193 illis
1656 1155 1765 1193 assum-

118 1222 242 1279 converti
262 1223 326 1278 leit
342 1241 349 1278 :
365 1224 493 1280 Potemnt
513 1223 615 1296 utique.
969 1227 1008 1298 pti
1023 1227 1057 1282 ad
1070 1225 1162 1294 fidem,
1179 1227 1225 1283 ubi
1240 1227 1355 1299 aposloli
1370 1236 1396 1282 ει
1412 1227 1457 1281 alii
1473 1226 1599 1297 discipuli
1627 1234 1688 1281 sunt
1704 1226 1766 1282 fecti

152 1312 238 1367 Vsus.
265 1312 362 1370 ts-at.
388 1342 424 1352 -
440 1334 452 1360 a
480 1311 565 1368 Vobis
586 1311 659 1368 enim
689 1312 751 1369 dico
771 1311 918 1385 gentibus:
970 1316 1067 1372 sancti.
1083 1317 1157 1372 Tunc
1172 1320 1201 1372 ct
1215 1333 1310 1372 massa
1322 1320 1364 1372 est
1377 1320 1488 1386 saneta,
1499 1315 1527 1370 id
1538 1322 1579 1370 εει
1594 1330 1663 1386 gens
1675 1321 1765 1385 potest

121 1399 277 1468 «Quandiu
305 1399 416 1472 quidem
435 1415 488 1473 ego
517 1416 578 1455 snm
608 1399 730 1472 gentium
761 1399 917 1471 Apostolus,
970 1401 1141 1460 sanctificari.
1158 1405 1207 1459 Est
1221 1412 1312 1460 autem
1330 1404 1459 1460 delibatio
1470 1419 1557 1475 parva
1571 1419 1604 1459 ex
1631 1402 1722 1474 aliqua
1736 1418 1765 1458 re

119 1487 328 1544 «ministerium
354 1504 445 1544 meum
469 1487 666 1556 honorificabo,
684 1489 706 1544 si
722 1503 775 1562 qno
789 1489 871 1545 modo
885 1489 920 1543 ad
970 1491 1119 1563 assumptio
1145 1493 1178 1546 ad
1208 1491 1424 1564 experimentum
1453 1492 1533 1547 totius
1556 1507 1669 1558 masse,
1690 1499 1719 1545 ιιι
1732 1506 1766 1546 ex

119 1597 130 1628 a
147 1576 330 1632 emulandum
358 1593 507 1648 provocem
522 1592 631 1633 caraem
655 1592 763 1646 meam,
788 1585 815 1633 et
829 1577 919 1634 salvos
969 1581 1030 1636 cibo
1045 1580 1088 1636 vel
1102 1587 1177 1652 polu.
1195 1581 1262 1636 Cum
1274 1580 1346 1636 enim
1361 1580 1489 1636 delibatio
1504 1580 1583 1635 nnius
1607 1578 1766 1634 substantias

119 1686 131 1717 ι
149 1665 244 1722 faciam
268 1665 376 1738 aliquos
403 1681 437 1722 ex
458 1665 522 1721 illis.
540 1666 569 1721 Si
596 1665 668 1722 enim
687 1665 798 1722 amissio
812 1681 953 1758 eorum,B
970 1669 1003 1725 sit
1018 1685 1079 1726 cum
1090 1684 1190 1736 massa,
1207 1685 1262 1724 non
1276 1677 1365 1740 potest
1392 1685 1453 1724 esse
1475 1668 1604 1724 delibatio
1620 1675 1722 1736 sancta,
1740 1673 1766 1722 et

119 1777 130 1802 ι
147 1753 336 1812 reconciliatio
353 1763 395 1810 εει
409 1755 523 1810 mundi:
540 1770 600 1826 quae
622 1754 772 1827 assumptio
796 1754 847 1809 nisi
861 1755 917 1812 vita
968 1773 1060 1814 massa
1073 1758 1221 1814 immunda.
1238 1757 1373 1814 Delibatio
1388 1758 1460 1813 enim
1471 1758 1505 1813 de
1520 1772 1611 1812 massa
1621 1763 1672 1812 εει.
1689 1758 1724 1811 fit
1738 1756 1764 1811 si

119 1859 179 1899 «ex
206 1842 344 1899 mortuis?
360 1842 439 1913 Quod
454 1843 477 1898 si
507 1842 668 1899 deliberatio
693 1849 784 1898 sancte
808 1851 859 1910 εει,
890 1850 917 1900 ει
968 1847 1054 1904 radin
1082 1854 1123 1902 est
1147 1851 1259 1912 sancta,
1274 1846 1302 1901 id
1328 1855 1370 1903 est
1396 1847 1419 1900 si
1446 1844 1606 1917 patriarchae
1634 1844 1763 1917 equibus

118 1947 235 1988 emessa
252 1946 258 1986 :
275 1939 301 1987 ει
315 1931 338 1986 si
354 1931 429 1986 radin
444 1940 547 1999 sancta,
564 1939 591 1987 ει
615 1932 691 1987 rasni.
708 1930 788 2001 Quod
811 1932 833 1986 si
863 1932 916 1988 ali-
967 1936 1128 1992 contrahunt
1156 1937 1298 1991 humorem
1336 1933 1399 1989 fidei
1436 1934 1524 1990 sancti
1559 1932 1678 1999 fuerunt,
1697 1939 1763 1990 tuna

120 2042 132 2073 a
150 2021 244 2094 quiex
267 2020 350 2075 ramis
372 2019 453 2078 fracti
474 2029 545 2091 sunt,
562 2027 591 2076 ιιι
612 2029 704 2077 autern
722 2036 784 2077 cnm
798 2020 916 2076 oleaster
967 2026 1055 2092 romi,
1072 2023 1101 2079 id
1116 2031 1157 2079 est
1170 2023 1209 2078 illi
1223 2023 1270 2096 qni
1283 2024 1317 2080 de
1331 2038 1434 2095 genere
1449 2038 1546 2078 eorum
1573 2027 1761 2088 excreverunt,

121 2131 132 2162 a
151 2125 228 2166 esses
248 2109 368 2165 insertus
394 2125 424 2165 es
439 2109 467 2164 in
482 2108 546 2176 illis,
558 2117 585 2165 et
599 2110 690 2166 socius
704 2109 805 2165 radicis
819 2116 845 2165 ει
859 2109 916 2182 pin·
966 2111 996 2166 in
1009 2127 1105 2168 aarum
1127 2110 1181 2167 fide
1203 2111 1316 2178 medati,
1341 2111 1428 2166 sancti
1454 2117 1526 2166 sunl.
1556 2108 1674 2182 [ιιειιιιο]
1689 2107 1764 2166 Sicut

119 2197 276 2270 «guedinis
296 2197 375 2254 olive
394 2196 483 2254 factus
511 2213 551 2267 es,
580 2197 636 2254 noli
652 2197 765 2270 gloriari
785 2197 916 2254 adversus
967 2201 1039 2256 enim
1054 2200 1132 2257 radix
1147 2201 1332 2257 bonabonum
1348 2215 1460 2256 succum
1475 2197 1601 2255 diffundit
1615 2197 1644 2252 in
1658 2212 1761 2262 ramos,

117 2309 128 2336 a
147 2302 252 2342 ramos.
271 2285 351 2356 Quod
366 2286 390 2341 si
405 2285 542 2360 gloriaris,
559 2301 613 2342 non
627 2294 656 2342 tu
678 2286 798 2343 radicem
812 2295 913 2358 portes,
966 2288 1013 2344 ubi
1028 2287 1095 2344 fiunt
1109 2288 1213 2346 fructus
1238 2288 1302 2344 boni
1330 2288 1444 2359 saporis,
1474 2287 1512 2355 ita
1530 2285 1646 2358 apostoli
1662 2293 1688 2341 et
1716 2282 1763 2340 alii

116 2375 195 2431 «sed
221 2375 300 2432 radix
315 2383 351 2431 te.
377 2375 453 2432 Dicis
482 2391 549 2447 ergo
566 2392 572 2430 :
589 2375 678 2431 fracti
698 2383 760 2430 sunt
789 2375 868 2442 rami,
886 2383 916 2430 ut
967 2377 1012 2450 qui
1026 2376 1158 2449 originem
1174 2377 1340 2432 duxeruntu
1364 2376 1465 2432 sanctis
1479 2375 1603 2446 patribus
1621 2381 1648 2428 at
1666 2387 1762 2430 eorum

118 2479 202 2538 «ego
217 2463 334 2520 inserar.
352 2465 435 2520 Bene.
466 2464 579 2536 Propter
606 2463 822 2521 incredulitatem
837 2462 915 2520 fracti
965 2463 1047 2522 fidem
1062 2464 1159 2521 imitati
1179 2472 1252 2532 sunt,
1277 2464 1343 2520 boni
1358 2471 1385 2520 et
1400 2463 1488 2520 sancti
1502 2462 1620 2518 fuerunt.
1641 2460 1762 2529 Quodsi

116 2560 219 2608 «sunt.
236 2554 275 2608 Τιι
290 2560 379 2608 antem
394 2551 448 2608 tide
462 2553 543 2608 atesi
557 2553 620 2608 Noli
642 2552 727 2607 altum
741 2568 848 2625 sapere,
866 2553 915 2608 sed
965 2555 1064 2628 aliani.
1104 2554 1203 2609 Probat
1243 2552 1330 2610 adhuc
1362 2552 1473 2610 ludens
1491 2567 1574 2623 posse
1604 2549 1706 2630 assumi
1733 2555 1763 2604 ut

116 2641 219 2698 «time.
235 2641 264 2698 si
279 2640 353 2697 enirn
367 2641 442 2698 Deus
455 2641 625 2697 naturalibus
641 2641 725 2697 ramis
745 2657 801 2696 non
814 2657 915 2713 peper·
965 2643 1096 2714 reprimet
1130 2649 1251 2716 gentes,
1282 2640 1358 2713 quasi
1402 2640 1475 2696 dicut
1505 2656 1511 2695 :
1542 2638 1620 2695 Remi
1646 2644 1762 2714 possunt

116 2752 127 2783 ι
144 2731 190 2800 eit,
207 2746 243 2787 ne
258 2729 328 2786 forte
342 2745 394 2786 nec
407 2728 456 2785 tibi
470 2738 575 2801 parcat.
599 2729 668 2787 Vide
683 2745 751 2802 ergo
766 2730 914 2786 bonitatem
965 2729 1139 2798 sanctificari,
1168 2729 1295 2804 quodid
1309 2737 1350 2786 εει
1368 2729 1418 2784 sed
1435 2768 1442 2799 ,
1459 2727 1482 2783 si
1498 2727 1581 2799 aliqui
1609 2742 1646 2784 eu
1673 2717 1761 2782 earnis

116 2843 127 2868 ι
145 2827 173 2876 ει
188 2819 362 2876 severitatem
378 2819 438 2875 Dei.
456 2819 486 2873 fn
506 2833 553 2874 ecs
568 2817 677 2890 quidem
688 2817 734 2890 qui
744 2817 911 2886 ceciderunt,
965 2819 1132 2876 naturalibus
1146 2821 1327 2891 sanctisunt,
1344 2818 1370 2873 id
1387 2825 1428 2874 est
1442 2816 1652 2889 aprcmissione
1667 2811 1762 2884 excisi,

116 2907 378 2977 saeveritatem3in
393 2916 420 2964 te
436 2915 526 2964 autem
539 2948 546 2976 ,
561 2905 709 2963 bonitatem
725 2906 793 2973 Dei,
810 2907 833 2962 si
847 2923 914 2978 per·
965 2908 1069 2966 scilicet
1083 2907 1136 2980 ipsi
1150 2907 1301 2979 blasphemi
1330 2914 1357 2963 et
1389 2905 1464 2977 impii
1492 2906 1526 2961 de
1540 2904 1641 2977 populo
1654 2903 1763 2960 ltrdaeo-

115 2997 276 3054 omanseris
303 2997 331 3051 in
360 2996 490 3064 bonitate,
516 2993 638 3066 alioquin
655 3002 682 3050 et
715 3001 744 3049 tu
765 2994 910 3051 excideris.
963 3013 1035 3052 rum.
1051 2999 1089 3052 fu
1104 2999 1239 3062 autema
1253 2995 1364 3067 gentilis
1378 2995 1660 3050 cumessesoleastor·
1674 2991 1759 3062 (327),

116 3107 128 3138 ι
147 3086 202 3143 Sed
218 3093 244 3142 et
258 3085 335 3141 illisi
355 3101 411 3141 non
433 3083 643 3157 permanserint.
660 3083 688 3137 in
711 3082 909 3151 incredulitate,
928 3051 990 3140 0id
1005 3092 1046 3141 est
1074 3083 1175 3140 sterilis
1204 3081 1365 3138 naturaliter
1395 3089 1421 3136 ει
1447 3097 1566 3148 auarus,
1583 3081 1758 3159 inserturos,

116 3197 128 3228 a
145 3175 324 3242 inserentur;
345 3181 443 3246 potens
468 3181 510 3229 εει
529 3171 602 3229 enim
629 3173 704 3228 Deus
718 3172 816 3228 iterum
839 3171 912 3228 inse·
962 3173 991 3229 id
1005 3182 1047 3230 εει
1060 3173 1149 3228 aliena
1159 3169 1497 3243 operationeconjunctus,
1509 3168 1620 3234 inillis,
1635 3166 1664 3222 id
1679 3166 1759 3222 estin

115 3280 207 3320 «rere
229 3263 302 3320 illos.
321 3264 391 3319 Nam
413 3263 437 3319 si
458 3271 484 3318 et
499 3269 526 3318 tn
556 3278 589 3318 ex
604 3261 720 3317 naturali
743 3262 850 3318 excisus
881 3277 911 3317 es
962 3261 1023 3318 loco
1037 3260 1194 3327 fractomm,
1212 3265 1241 3316 et
1250 3262 1345 3331 factus
1357 3275 1385 3314 es
1395 3260 1497 3328 socius,
1514 3256 1541 3312 id
1555 3264 1597 3312 est
1609 3254 1756 3328 particeps,

114 3375 126 3406 a
145 3353 414 3421 claustraclaustra
428 3350 682 3407 naturaminsertus
703 3366 732 3406 es
756 3349 784 3406 in
811 3350 911 3406 bonam
961 3351 1076 3420 rodun,
1093 3349 1198 3407 scilicet
1217 3347 1434 3421 patriarcharum
1459 3354 1486 3402 ει
1512 3346 1714 3418 prophetamm,
1730 3347 1759 3400 et

114 3442 251 3512 «olivam,
266 3449 367 3514 quanto
391 3440 481 3515 magis
503 3439 531 3495 bi
552 3438 597 3512 qui
616 3438 764 3496 seeundum
785 3447 909 3496 naturam
959 3439 1151 3512 pinguedinis,
1166 3438 1195 3493 id
1209 3444 1251 3493 εει
1280 3436 1478 3509 apostolorum,
1493 3434 1540 3506 qui
1554 3449 1612 3505 pree
1630 3432 1757 3489 omnibus

115 3553 127 3584 ι
144 3531 300 3586 inserentur
315 3547 372 3587 suae
385 3529 464 3586 clivia
483 3529 516 3583 i»
960 3526 1060 3584 babent
1074 3527 1199 3600 spiritum
1218 3526 1328 3593 radicis,
1345 3525 1418 3592 dico,
1436 3532 1462 3581 ει
1480 3521 1655 3596 pinguedinis
1665 3522 1764 3592 alitae,¹

152 3621 227 3676 Vobis
251 3619 327 3676 euim
355 3619 416 3675 dieo
439 3615 584 3692 gentibus,
605 3618 632 3674 id
647 3626 688 3675 εει
703 3617 849 3692 gentilibus
864 3614 910 3689 qui
960 3616 988 3672 id
1003 3625 1043 3672 εει
1057 3616 1149 3688 populi
1164 3615 1267 3672 ludoici
1293 3613 1425 3671 fructiferi
1440 3619 1503 3668 ante
1523 3613 1668 3668 adventum
1683 3607 1758 3666 Chri·

112 3707 179 3765 mibi
193 3708 298 3781 proprii
322 3707 397 3776 estis,
416 3709 469 3764 hoc
492 3707 605 3775 scilicet,
621 3707 693 3779 quod
718 3707 844 3780 quaudiu
861 3721 909 3776 epo
960 3705 1004 3760 sti.
1020 3704 1058 3775 si,
1074 3705 1195 3776 inquam,
1211 3704 1263 3759 hoc
1277 3710 1328 3771 est,

112 3815 179 3856 ιιιιη
193 3799 340 3871 Apostolus
351 3797 462 3870 quidem
474 3798 622 3870 gentium,
640 3797 712 3868 quod
734 3810 842 3866 semper
856 3801 906 3863 est,
995 3794 1058 3850 Noli
1076 3793 1194 3864 gloriari
1210 3793 1341 3848 aduersus
1361 3806 1455 3847 ramos
1469 3786 1579 3855 fractos,
1595 3786 1623 3841 id
1646 3791 1688 3841 est
1701 3782 1758 3841 noli

111 3896 140 3943 et
154 3884 383 3952 nonludaeorum,
400 3885 461 3958 qnia
476 3885 510 3940 ad
534 3892 631 3960 gentes
647 3884 746 3939 missus
771 3899 841 3950 sum,
858 3882 909 3940 lto-
960 3880 1088 3938 insultare
1103 3881 1183 3936 malis
1197 3880 1317 3936 alterins.
1330 3881 1364 3935 Et
1380 3879 1403 3934 si
1426 3877 1499 3934 enim
1526 3883 1617 3947 putata
1631 3881 1671 3930 est
1686 3873 1757 3931 oliva

111 3976 265 4046 nonfiaalo
280 3975 475 4031 ministerium
485 3989 601 4042 meump
616 3972 667 4029 etsi
681 3971 908 4045 Apostolusgen-
959 3986 1015 4026 non
1042 3978 1135 4026 nmen
1162 3977 1311 4041 amputata.
1332 3968 1407 4041 (328l
1438 3965 1479 4021 illi
1504 3965 1575 4020 enim
1604 3961 1715 4035 superbi
1729 3969 1756 4018 et

111 4065 178 4120 tium
192 4079 262 4133 snm,
275 4071 364 4118 tamen
379 4061 530 4119 honorifico
540 4061 719 4117 ministerium
737 4076 829 4116 meum
839 4059 909 4114 ultra
958 4059 1111 4131 blasphemi
1125 4075 1174 4131 per
1187 4057 1369 4131 fragmentum
1382 4055 1440 4125 jem
1456 4053 1493 4109 ibi
1517 4069 1572 4109 non
1589 4059 1661 4107 suut.
1677 4048 1757 4107 Olea·

111 4155 165 4210 hcc
180 4151 253 4226 quod
277 4150 364 4208 debeo
384 4149 603 4223 superaddendo,
620 4155 650 4206 ut
665 4149 744 4206 etiam
759 4148 793 4205 dc
808 4147 909 4204 iudeis
960 4153 1015 4205 ster
1028 4163 1084 4204 non
1098 4147 1135 4203 ibi
1151 4154 1221 4214 erat,
1236 4146 1274 4201 ibi
1290 4153 1342 4201 εει.
1360 4144 1400 4200 itti
1415 4160 1465 4216 per
1489 4140 1640 4213 superbiam
1669 4137 1757 4213 frangi

109 4241 241 4308 laborem,
258 4247 364 4296 tentam
378 4241 403 4296 si
417 4239 561 4314 quomodo,
579 4238 683 4295 seilicet
706 4237 749 4294 vel
763 4253 824 4294 cum
840 4252 909 4308 pro·
958 4244 1125 4304 meruerunt,
1140 4236 1192 4292 iste
1218 4251 1269 4307 per
1285 4233 1465 4289 bumilitatem
1480 4230 1564 4287 inseri
1591 4227 1700 4286 meruit.
1716 4227 1758 4283 flli

1 4355 5 4364 ’
111 4330 261 4404 speritate,
291 4328 335 4386 vel
368 4344 430 4386 cum
450 4328 613 4385 adversitate
638 4343 797 4402 provocem,
812 4325 841 4381 id
868 4333 910 4382 εει
959 4325 1107 4382 emiserunt
1121 4324 1253 4392 radicem,
1274 4331 1302 4378 ει
1316 4322 1367 4377 ιειε
1384 4321 1470 4378 tenuit
1484 4335 1554 4388 eam,
1576 4327 1602 4373 ει
1615 4317 1702 4374 factus
1716 4321 1759 4371 εει

110 4434 261 4493 provocare
276 4417 384 4474 valeam
398 4434 514 4474 coenem
533 4433 636 4484 meam,
653 4415 682 4472 id
697 4423 737 4472 est
751 4415 860 4471 ludaeos
874 4413 909 4470 de
923 4410 1054 4471 Dsocius
1070 4413 1182 4480 radicis,
1200 4420 1226 4468 et
1241 4411 1416 4486 pinguedinis
1430 4409 1509 4466 olivae
1523 4407 1552 4462 in
1574 4421 1622 4478 spe
1635 4401 1756 4477 promis-

111 4509 210 4583 quibus
231 4515 312 4564 natus
331 4523 406 4574 snm,
421 4508 457 4563 ad
476 4506 681 4574 aemulandum,
698 4505 726 4560 id
741 4511 782 4560 εει
796 4503 909 4560 imitan-
960 4502 1054 4570 sionis,
1084 4500 1267 4575 [ambrosius]
1292 4499 1355 4573 quia
1381 4514 1436 4554 non
1464 4494 1638 4553 credentibus
1665 4491 1757 4548 multis

110 4599 178 4653 dum
191 4613 245 4664 nra,
262 4604 288 4652 at
299 4613 359 4654 cum
370 4595 491 4668 pluribus
504 4594 593 4651 modis
609 4593 735 4666 experiar
749 4601 909 4650 convertere
959 4593 1124 4662 iudeorum,
1141 4598 1167 4646 et
1182 4598 1279 4662 gentes
1302 4588 1390 4644 insite
1404 4592 1466 4642 sunt
1486 4601 1535 4656 per
1557 4581 1640 4639 fidem
1666 4581 1693 4637 in
1709 4596 1758 4652 spe

110 4686 221 4742 iudaeos
231 4693 260 4740 ιιι
275 4685 298 4740 si
312 4685 364 4742 bac
378 4700 434 4741 non
454 4684 575 4741 succedit
590 4683 644 4754 via,
666 4681 816 4757 aggrediar
829 4680 909 4736 aliam
958 4679 1159 4753 promissionis,
1176 4686 1206 4734 ut
1221 4678 1300 4734 dolor
1322 4683 1396 4732 esset
1409 4673 1519 4730 ludaeis.
1536 4672 1595 4728 Hoc
1608 4677 1699 4726 autem
1713 4668 1759 4724 di-

1 4783 7 4819 i
109 4776 192 4842 viam,
209 4772 282 4846 quod
297 4789 351 4830 non
366 4772 485 4830 facerem
500 4773 522 4828 si
537 4774 571 4829 de
586 4771 673 4828 salute
696 4787 792 4827 eorum
807 4771 909 4842 despe-
961 4770 1031 4827 citnr
1046 4776 1140 4826 contra
1155 4781 1261 4823 morem
1286 4773 1313 4821 ει
1340 4764 1431 4837 legem
1446 4760 1613 4817 insertionis.
1629 4760 1704 4814 Bona
1719 4763 1757 4813 eu

111 4879 218 4931 rarem;
240 4878 408 4934 provocem,
426 4862 497 4932 dico,
527 4861 562 4918 ad
591 4860 782 4927 aernulandum,
812 4866 841 4914 ιιι
870 4858 910 4915 sic
961 4859 1034 4916 euim
1048 4856 1170 4913 arboria
1184 4871 1240 4911 non
1263 4855 1362 4909 bonam
1390 4850 1475 4906 inseri
1498 4849 1577 4905 solet.
1594 4847 1645 4903 llic
1668 4853 1757 4901 autem

110 4953 203 5009 salvos
217 4951 334 5023 faciam,
353 4950 440 5024 gratia
453 4950 504 5006 Dei
518 4949 673 5019 adjuvante,
692 4949 788 5004 saltem
801 4949 910 5021 aliquos
961 4963 1016 5003 non
1036 4947 1107 5003 bona
1128 4945 1155 4999 in
1181 4944 1292 5000 bonam.
1310 4941 1382 5006 Dicit
1402 4940 1474 4996 enim
1501 4937 1650 4994 oleastrum
1667 4934 1759 4989 inser-

111 5057 150 5100 eu
166 5041 237 5096 illis.
254 5040 385 5108 sienim,
407 5039 485 5112 quasi
500 5039 572 5095 dicat
589 5052 595 5093 :
610 5039 644 5094 ιιι
659 5036 722 5094 ideo
739 5037 773 5092 de
802 5035 856 5092 illis
871 5035 912 5092 la·
963 5044 1030 5104 tum,
1047 5042 1075 5090 ιιι
1090 5032 1213 5090 surculus
1234 5031 1350 5087 fructum
1366 5027 1467 5084 radicis
1481 5025 1586 5082 afferat.
1616 5023 1677 5080 Noli
1692 5034 1760 5094 ergo

110 5131 192 5197 bono,
209 5128 358 5200 quinctilis
373 5128 425 5185 erit
448 5127 599 5200 assumptio
623 5141 717 5183 earum
731 5126 767 5181 ad
780 5124 911 5180 infomna-
963 5123 1082 5199 gaudere
1097 5122 1125 5176 in
1139 5120 1327 5178 incredulitate
1342 5115 1461 5173 illorum.
1481 5117 1516 5172 Ut
1542 5113 1614 5170 enim
1629 5111 1666 5166 eit
1681 5110 1760 5166 Salo·

1 5234 6 5259 ¹
110 5219 213 5275 tionem
235 5217 367 5290 gentium.
386 5219 421 5274 Ει
446 5233 511 5274 νειε
528 5231 535 5271 :
559 5215 681 5288 (iiilsi
705 5215 782 5271 enim
796 5215 912 5271 amado
963 5229 1028 5270 mon
1045 5229 1052 5266 :
1068 5210 1200 5284 Displicet
1213 5210 1272 5265 Deo
1287 5208 1332 5281 qni
1352 5205 1462 5262 insultat
1476 5203 1554 5259 malis
1569 5201 1689 5258 altadus.
1705 5199 1763 5256 Nec

111 5323 228 5376 eorum,
244 5305 271 5362 id
286 5311 328 5364 εει
351 5304 496 5364 infidelitas
510 5305 706 5365 reconciliatio
729 5307 772 5362 est
797 5301 911 5372 mundi,
965 5301 1038 5360 enim
1052 5314 1135 5358 causa
1149 5297 1271 5373 gentium
1287 5295 1386 5366 abjecti
1401 5302 1473 5364 sunt,
1490 5291 1539 5349 sed
1554 5291 1619 5364 quia
1634 5305 1689 5346 nou
1700 5303 1763 5346 cre·

157 5479 218 5614 {aa}
235 5480 587 5614 fthblssssgsiossemfmm'
1000 5477 1074 5547 (sas)
1092 5473 1320 5545 August.,iu1=al.
1333 5485 1438 5526 mxxrn.

266 5583 284 5615 .,
504 5586 511 5601 .
