3946 6070
177 243 229 298 999

849 227 952 288 PETRI
978 217 1167 286 honoram.

1693 183 1826 287 ‘1⁰00

178 371 219 419 est
232 361 281 418 tibi
294 359 430 432 subjectos
447 404 454 428 ,
470 378 503 416 ex
518 360 653 418 voluntate
668 359 712 416 vel
730 359 901 416 necessitate.
926 355 974 411 ln·
987 351 1016 410 A
1025 349 1130 412 Christe
1145 355 1204 424 Fili,
1217 356 1273 426 jnrn
1288 357 1374 414 uirtus
1389 365 1435 414 tua
1460 364 1501 412 est
1523 355 1641 424 emissa;
1658 343 1752 412 sedin
1766 355 1823 422 die,

176 450 240 521 cipit
253 457 344 508 nutem
358 466 392 506 ex
406 449 482 517 Sion,
494 449 523 504 id
536 457 577 506 est
587 465 621 506 ex
633 447 752 504 ludensis
766 463 883 521 regnum
897 445 975 502 Chri-

177 538 223 594 sti.
243 540 322 595 Unde
336 538 427 594 subdit
443 556 450 592 :

212 629 297 685 Vnus.
314 632 340 684 3.
363 649 374 680 a
400 627 513 701 virgam
536 626 642 683 virtutis
667 635 718 682 tuae
747 626 850 681 emittet
877 623 973 679 Domi-

177 739 188 768 ι
206 733 256 773 nus
270 733 304 773 ex
319 716 384 772 Sion
400 715 560 782 ;dominare
573 715 603 772 in
616 714 707 772 medio
721 713 895 770 inimicorum
909 719 973 768 tuo-

1025 445 1151 516 specialis
1165 447 1281 503 oirtntta
1291 451 1357 512 tue,
1375 445 1478 502 scilicet
1492 445 1521 500 1η
1535 444 1637 512 tuturo,
1655 447 1759 511 tecum,
1771 443 1824 500 erit

1024 533 1090 588 mihi
1097 534 1274 607 principium
1290 553 1297 588 z
1313 535 1366 590 hoc
1381 543 1407 590 et
1422 550 1532 605 semper
1546 541 1596 600 est,
1614 531 1663 588 sed
1676 548 1732 588 uon
1745 533 1823 588 uide-

1024 629 1066 676 tur
1078 639 1085 675 ε
1095 629 1158 678 ωηο
1168 630 1258 678 autem
1268 621 1639 693 uidebitur,'cum-Ch1istus,
1656 621 1703 694 qui
1712 619 1824 676 011ωηί-

1025 725 1071 764 sus
1086 710 1169 766 estin
1183 710 1270 768 torma
1284 711 1366 780 servi,
1381 710 1544 767 ridebitura
1563 709 1672 766 mundis
1692 709 1823 766 cordibus

1023 799 1050 853 1η
1065 799 1151 857 torma
1166 800 1226 866 Dei,
1242 816 1325 872 aquo
1340 799 1400 856 visu
1424 799 1525 856 tollitur
1551 799 1652 870 impius
1672 813 1707 854 ne
1730 797 1823 856 videat

1023 888 1141 962 gloriam
1155 889 1215 945 Dei.
1231 889 1308 957 Dico,
1323 890 1355 946 in
1370 890 1414 946 die
1422 889 1540 945 rietatis
1550 887 1824 960 temimeptertdort-

179 821 324 961 ‹iiiiiicm
338 891 410 946 hanc
437 888 556 954 laudem,
578 885 725 961 [Cassiod]
751 884 855 943 scilicet
879 884 972 953 subje-

175 977 273 1033 ctionis
286 977 457 1034 inimicorum
471 977 609 1048 Propheta
622 975 694 1032 canit
706 974 826 1040 Christo,
835 973 870 1029 ad
884 973 972 1044 ipsum
1023 979 1253 1045 memnonem,
1269 977 1297 1033 id
1311 985 1354 1034 est
1368 977 1478 1050 quando
1492 977 1578 1034 saneti
1592 985 1673 1033 erunt
1686 976 1715 1031 in
1728 976 1823 1048 splen-

174 1067 202 1120 in
217 1082 266 1121 sua
280 1081 398 1138 persone
411 1066 537 1138 loquens,
554 1055 582 1120 et
590 1064 717 1120 ordinem
729 1061 878 1134 incipiendi
892 1061 974 1134 regni
1020 1066 1087 1122 dore
1101 1064 1248 1140 fulgentes,
1261 1066 1330 1123 sicut
1341 1065 1382 1122 sol
1392 1066 1419 1120 in
1431 1082 1518 1138 regno
1530 1065 1624 1133 Patris,
1640 1073 1703 1120 ωηο
1713 1079 1779 1121 aum
1788 1080 1822 1120 eo

175 1155 333 1222 ostendens,
362 1153 466 1227 quoda
493 1153 594 1209 iudaeis
621 1153 743 1226 incoepit,
763 1159 791 1207 et
813 1151 848 1206 ad
874 1157 973 1222 gentes
1023 1153 1824 1227 eritprincipium,etmodoprincipiumest,scilicetPater

175 1244 291 1312 transiit,
303 1244 332 1299 iu
347 1243 444 1315 quibus
460 1250 671 1298 consummatur.
702 1241 737 1296 Et
763 1239 803 1298 sic
827 1255 913 1312 usque
937 1239 972 1293 ad
1023 1259 1085 1299 cnm
1098 1243 1156 1300 Flio
1170 1243 1335 1315 principium
1350 1251 1401 1311 est,
1423 1243 1474 1300 sed
1495 1250 1559 1300 tunc
1587 1241 1723 1298 uidebitur
1750 1257 1822 1314 quo·

174 1329 256 1390 finem
274 1331 371 1403 psalmi
386 1330 506 1387 decurrit
520 1331 656 1402 Propheta
671 1329 787 1400 loquens
800 1328 828 1384 in
843 1343 891 1384 sua
904 1343 971 1399 per·
1022 1331 1104 1386 modo
1117 1331 1280 1403 principium
1294 1346 1357 1388 curn
1372 1347 1414 1398 ao,
1431 1330 1495 1403 quia
1510 1339 1574 1386 tunc
1589 1329 1728 1386 similesci
1742 1329 1822 1386 vide-

174 1436 253 1477 sona.
282 1419 365 1489 Quasi
390 1420 482 1475 dicat:
499 1419 630 1474 Dominus
654 1425 737 1490 ponet
760 1417 886 1473 inimicos
908 1423 971 1470 tuos
1022 1420 1088 1474 bunt
1113 1435 1175 1476 eum
1203 1420 1272 1478 sicut
1287 1428 1338 1475 est.
1363 1419 1476 1474 Viderat
1504 1419 1646 1491 Philippus
1670 1418 1823 1475 secundum

173 1508 321 1566 scabellum
334 1509 435 1580 pedum
450 1516 567 1575 tuorum,
583 1506 655 1580 quod
664 1505 700 1561 ita
716 1503 771 1574 fiet,
784 1503 971 1576 scilicetquod
1021 1507 1138 1564 sormam
1152 1509 1235 1580 servi,
1251 1516 1278 1564 et
1291 1508 1450 1580 obiurgatus
1471 1523 1504 1564 eo
1524 1507 1597 1580 quod
1627 1507 1655 1562 iu
1671 1506 1738 1563 Filio
1766 1522 1822 1562 non

173 1597 284 1669 incipiet
297 1613 313 1651 a
325 1597 436 1653 ludaeis.
453 1597 488 1652 Et
500 1597 553 1652 hoc
567 1603 618 1662 est,
635 1596 771 1652 Dominus
786 1593 900 1650 emittet
910 1595 970 1648 oir-
1021 1605 1184 1670 agnosceret
1199 1598 1316 1664 Patrem,
1334 1613 1416 1670 quem
1430 1596 1569 1668 quaerebat
1582 1595 1688 1662 videre,
1703 1594 1820 1652 dicens:

172 1703 236 1759 eam
252 1687 434 1743 virtutiatme
451 1685 575 1753 essina,
592 1681 727 1757 [llierlid
741 1689 783 1738 est
798 1696 971 1753 reguumpo-
984 1686 1147 1760 Bitomtee,
1173 1687 1288 1742 ostende
1309 1686 1389 1742 nobis
1410 1687 1536 1752 Patrem,
1566 1689 1595 1740 et
1617 1684 1723 1755 suffieit
1740 1684 1822 1741 cobis

173 1775 263 1832 tentiae
280 1782 333 1830 tuae
361 1774 498 1845 incipieta
528 1772 692 1829 Jerusalem.
718 1771 796 1827 Unde
814 1787 820 1824 τ
836 1772 875 1826 lle
904 1770 971 1828 Sion
1023 1776 1116 1845 (toan.
1132 1776 1206 1846 nv.)
1220 1773 1310 1830 audit:
1325 1772 1377 1844 Qui
1392 1772 1819 1842 mevidet,nonlormamservi‚

172 1862 263 1920 enitet
278 1864 335 1928 lece,
352 1867 382 1919 et
392 1861 506 1919 verbnm
514 1862 628 1919 Domini
639 1860 841 1917 deterseratem
849 1857 915 1930 (trs.
929 1859 970 1927 n).
1022 1864 1071 1920 sed
1086 1864 1194 1936 qualem
1213 1880 1258 1919 me
1271 1862 1402 1920 abscondi
1417 1862 1584 1930 timentibus,
1611 1869 1637 1918 et
1652 1861 1762 1934 qualem
1776 1877 1822 1916 me

172 1949 267 2025 [hum]
280 1950 342 2006 Non
353 1951 387 2006 dc
401 1949 448 2006 illo
462 1965 550 2023 regno
574 1948 675 2004 Christi
690 1947 811 2020 loquitur
827 1947 971 2017 Propheta,
1021 1952 1168 2009 videndum
1176 1952 1287 2024 perficio
1295 1951 1477 2024 sperantibus,
1489 1952 1563 2008 uidet
1574 1953 1721 2008 etPotrem
1730 1949 1821 2022 (ibid).

172 2055 226 2114 quo
241 2039 366 2096 Christus
381 2055 490 2111 semper
505 2045 603 2112 regnat
617 2053 679 2093 cum
695 2037 775 2091 Patre
794 2052 801 2090 τ
819 2034 868 2090 sed
879 2035 913 2090 de
925 2034 972 2090 illo
1022 2042 1079 2097 Hoc
1092 2049 1182 2097 autem
1192 2041 1274 2098 modo
1290 2040 1457 2097 credendum
1471 2047 1523 2108 est,
1539 2048 1568 2096 ut
1581 2047 1646 2096 ωηο
1668 2039 1821 2095 videantur.

173 2127 371 2202 dispensatorio
387 2135 414 2183 et
437 2125 580 2200 temporali
596 2142 650 2200 quo
673 2140 787 2196 uesper
801 2122 972 2180 medietatem
1021 2129 1100 2187 Unde
1115 2137 1142 2186 et
1154 2130 1277 2203 Philippo
1292 2129 1391 2187 dicitur
1401 2146 1407 2185 :
1418 2131 1478 2188 Non
1490 2129 1581 2186 crenis
1591 2129 1658 2202 quta
1667 2145 1714 2202 θρα
1724 2129 1756 2183 tn
1767 2131 1822 2184 Pa-

170 2233 226 2274 suae
268 2217 359 2274 carnis
383 2216 491 2274 vocavit
508 2216 536 2272 in
570 2215 757 2286 aeternitatem,
783 2221 810 2270 et
833 2211 859 2268 1η
892 2213 972 2270 nobis
1022 2223 1065 2276 tre
1079 2223 1108 2276 et
1123 2220 1253 2276 Pateria
1267 2235 1312 2276 me
1326 2217 1574 2291 est?(ibtd.)qunsi
1587 2216 1821 2287 dicatzQuodvi-

172 2314 278 2379 regnat,
295 2306 371 2375 eujus
395 2313 486 2361 tamen
499 2321 554 2360 non
569 2304 621 2361 erit
634 2303 706 2358 finis·
723 2301 821 2374 Incipit
843 2311 932 2358 autem
957 2317 972 2357 a
1021 2309 1086 2364 dere
1100 2309 1327 2380 nondumpotest,
1340 2307 1459 2374 crenejut
1470 2304 1819 2363 rideremerearis.Filium

170 2394 332 2452 Jerusalem.
345 2395 422 2450 Unde
436 2395 496 2466 ipse
503 2393 636 2450 Dominus
650 2392 688 2448 nit
703 2410 710 2445 :
728 2391 878 2464 Oportebat
889 2391 972 2448 Cleri·
1020 2411 1082 2454 cum
1098 2397 1177 2452 Patre
1193 2403 1220 2452 et
1234 2396 1262 2451 in
1275 2396 1364 2462 Patre,
1381 2395 1498 2468 qualiter
1520 2409 1583 2451 cum
1601 2411 1634 2450 eo
1657 2393 1820 2465 principium

172 2489 249 2540 stam
259 2485 334 2556 poti,
346 2487 374 2540 et
383 2499 530 2554 reserpere
546 2482 706 2546 amortuis,
720 2484 749 2536 et
768 2477 973 2553 premamur
1021 2497 1062 2540 est
1076 2485 1164 2540 Pater.
1190 2485 1254 2541 llaec
1269 2493 1358 2540 autem
1373 2484 1452 2551 visio,
1468 2483 1522 2538 vita
1538 2490 1639 2538 aeterna
1654 2489 1703 2538 est.
1720 2482 1818 2539 Unde:

170 2573 203 2628 in
215 2574 332 2629 nomiae
342 2575 402 2644 ejus
410 2572 586 2645 penitentie
599 2573 628 2628 et
646 2570 773 2626 remissio
789 2572 972 2640 peccatorum
1021 2576 1083 2630 Haec
1097 2578 1140 2630 est
1154 2577 1252 2630 actem
1266 2575 1326 2630 vito
1339 2576 1459 2640 eterno,
1470 2575 1680 2644 ctcoprtosemet
1689 2575 1716 2627 te
1726 2572 1821 2627 solnm

168 2677 222 2734 ptr
235 2676 331 2718 999968
344 2665 450 2734 ttulit,
467 2659 698 2732 99999999ῑῦ99
720 2657 878 2715 'emblem
893 2657 969 2728 (Luc.
1021 2679 1119 2720 verrem
1133 2664 1233 2729 benm,
1262 2666 1291 2718 et
1306 2679 1388 2735 quem
1416 2662 1522 2718 misisti
1549 2662 1644 2718 terum
1674 2659 1820 2717 Christum

171 2746 262 2816 9999)·
279 2741 873 2818 [9999ιῦ9999919999999999999999,
888 2755 970 2812 scep·
1021 2752 1113 2822 (icon.
1130 2753 1213 2820 ηοη.)
1229 2753 1369 2808 deutero.
1382 2749 1550 2819 Quasidicat
1561 2750 1634 2805 :Hoc
1644 2746 1821 2804 tuucvidebi-

170 2836 242 2886 9999
256 2829 341 2902 99999
350 2827 505 2900 99999999,
518 2822 971 2899 9999999999999999999199999·
1020 2846 1074 2906 tur,
1090 2841 1140 2896 sed
1153 2855 1235 2906 nunc,
1250 2856 1284 2895 ex
1299 2847 1385 2907 utero,
1402 2839 1430 2894 id
1445 2847 1486 2894 est
1501 2855 1535 2894 ex
1550 2838 1655 2894 occulta
1670 2844 1698 2892 et
1713 2844 1820 2894 secreta

171 2925 273 2991 999999
287 2917 362 2974 9999·
377 2917 412 2973 Ei
426 2924 490 2972 ⁰0¹⁸
513 2915 586 2988 9999
610 2915 657 2981 fllia
684 2913 801 2980 999999,
831 2921 859 2968 ei
881 2911 969 2980 addit,
1021 2929 1172 2986 substantia
1186 2925 1748 3000 meapeoniteineilabiliter.Ethocoate
1758 2926 1821 2980 Ln-

171 3013 233 3074 9991
249 3004 394 3078 [0999991
410 3003 529 3077 ileum·l
539 3003 603 3076 9999
613 3003 671 3058 999
681 3009 802 3074 1³⁰testis
809 3000 919 3073 9999999
929 3007 971 3144 99ῗ
984 3019 1152 3119 oeisemtm,
1170 3017 1318 3087 (Cassiod,
1335 3016 1528 3090 Αης.)1(1οεῑ,
1544 3021 1606 3071 ante
1629 3013 1721 3070 omnio
1743 3020 1818 3068 tem·

170 3094 270 3152 Christi
285 3111 318 3152 ex
332 3094 443 3151 deitate.
472 3095 624 3152 Dmntcorc
646 3091 691 3149 vel
704 3089 900 3160 dominaberis,
924 3105 959 3146 ve
1018 3123 1097 3178 pom,
1116 3105 1232 3173 Lucifer,
1262 3105 1309 3178 qui
1336 3103 1442 3161 nuntiat
1470 3104 1543 3160 diem
1567 3101 1819 3170 sae0u10‚em1neug

171 3183 364 3241 9999999999·
389 3181 473 3253 Quasi
494 3181 565 3238 99999
581 3198 588 3236 ³
604 3179 704 3236 99999
733 3179 849 3252 liliam·
878 3186 905 3234 99
929 3178 970 3234 999
1020 3195 1099 3252 stella
1113 3195 1157 3252 hic
1173 3185 1283 3266 ponitur
1296 3209 1347 3266 pro
1362 3192 1488 3250 omuibus
1501 3191 1588 3248 stellis
1616 3197 1643 3246 et
1666 3189 1818 3259 sideribus,

172 3272 272 3328 emissa
286 3271 373 3345 virga,
388 3270 575 3327 dominabitur
589 3269 649 3341 ipse
662 3269 753 3325 Pater.
770 3266 821 3324 Vel
835 3275 874 3335 tu,
891 3265 970 3322 Chri·
1019 3291 1148 3356 mquam
1162 3299 1226 3355 pass
1242 3298 1293 3355 pm
1309 3290 1375 3350 2010,
1392 3298 1441 3354 per
1453 3297 1514 3354 (με
1527 3280 1630 3348 sidem,
1641 3287 1761 3351 tempo„
1776 3277 1820 3334 in.

171 3368 222 3426 991
237 3359 389 3432 9999999991
406 3359 450 3415 iel
463 3357 656 3423 9999999999»
673 3358 706 3412 m
715 3354 818 3421 ”lidwv
834 3354 862 3409 99
878 3362 929 3422 esi·
941 3354 970 3408 99
1019 3372 1186 3445 telhgrmtur,
1198 3371 1392 3444 quiainsignis
1402 3377 1429 3427 at
1452 3369 1621 3441 temporibus
1640 3367 1729 3440 posita
1743 3376 1818 3434 sunt,

169 3447 331 3520 9999999999
352 3447 537 3504 9999999999
558 3448 673 3502 9999999
692 3441 884 3515 9999999999]
900 3443 968 3498 999·
1019 3461 1088 3518 sicut
1102 3461 1201 3534 legitur
1216 3461 1244 3516 1η
1259 3459 1360 3517 Genesi
1377 3459 1457 3531 (Gen.
1470 3460 1513 3530 1.).
1525 3459 1560 3514 llt
1578 3464 1628 3526 est,
1641 3455 1820 3514 anteLuaile·

171 3535 253 3608 sind]
269 3535 353 3605 Quasi
367 3535 440 3592 dicat
456 3532 666 3590 :Dominnberis
682 3531 834 3599 conversis,
857 3531 892 3587 de
906 3531 969 3603 qui·
1018 3565 1077 3605 ,um
1093 3548 1175 3622 genui
1189 3557 1225 3616 ιθ,
1240 3548 1268 3603 id
1298 3556 1339 3605 θεῖ
1354 3555 1418 3605 ante
1440 3563 1550 3604 omnem
1571 3551 1733 3614 ereaturam,
1753 3553 1818 3602 ,me

170 3627 329 3698 buscuuque
342 3624 460 3696 populis.
477 3624 540 3680 Non
552 3623 599 3690 ait,
615 3620 778 3688 vindicabis,
789 3627 918 3692 tanquam
928 3619 969 3676 in-

168 3730 263 3798 gratos
277 3722 404 3781 vindicte
417 3721 584 3778 districtione
599 3718 739 3793 percellat,
756 3717 805 3774 sed
819 3717 865 3786 ait,
878 3717 969 3775 domi·

168 3812 289 3880 haberis,
306 3810 441 3868 nttideles
456 3811 553 3867 educet
580 3807 720 3866 beneficiis
735 3813 762 3864 et
786 3806 966 3864 correctione.

1019 3638 1111 3696 omnia
1125 3645 1258 3710 tempora.
1273 3637 1324 3694 Vel
1339 3654 1372 3693 ex
1382 3651 1500 3709 persona
1514 3635 1656 3707 Prophetae
1663 3642 1753 3706 potest
1767 3649 1816 3690 ee-

1018 3727 1072 3799 cipi
1079 3727 1215 3799 loquentis
1223 3727 1258 3783 ad
1266 3727 1283 3782 F
1286 3726 1372 3798 ilium,
1384 3732 1484 3792 tecum,
1495 3724 1626 3796 (dicuin.)
1635 3724 1713 3796 quasi
1723 3721 1796 3780 dicet
1808 3741 1815 3778 ε

1018 3815 1151 3872 Dominus
1166 3815 1270 3874 emittat
1285 3815 1389 3888 virgam
1405 3813 1520 3881 virtutis,
1537 3822 1564 3870 et
1577 3813 1637 3884 ipse
1649 3820 1700 3882 est,
1716 3810 1817 3884 princi·

170 3901 229 3972 Vel,
246 3901 387 3957 d⁰ffliss⁸¹¹0
410 3901 439 3956 in
452 3899 545 3956 mediO
563 3897 736 3956 inimiGOtssm
751 3904 869 3963 9999991,
885 3897 970 3952 idest
1018 3905 1093 3977 pium
1107 3912 1207 3972 tecum,
1223 3905 1252 3961 id
1266 3912 1307 3962 ast
1320 3911 1472 3961 coaeternus
1482 3901 1541 3970 tibi,
1551 3918 1606 3960 non
1616 3910 1706 3958 tamen
1716 3915 1816 3958 secun·

168 3991 196 4045 iu
211 3990 336 4046 Ecclesia
349 3990 420 4045 inter
433 3988 521 4045 malos
535 3987 690 4045 consutum.
1018 3993 1084 4049 dum
1098 3995 1171 4066 quod
1185 4003 1214 4049 tu
1228 4009 1259 4049 es
1268 3994 1351 4050 homo
1363 4012 1370 4060 ;
1382 3994 1433 4048 sed
1444 3993 1472 4047 in
1486 3991 1530 4048 die
1547 3990 1663 4059 virtues,
1679 3990 1709 4045 id
1730 3997 1773 4045 est
1788 3989 1815 4044 in

207 4079 281 4134 PARS
294 4093 325 4132 ¹¹·
340 4078 426 4133 Vsus.
445 4079 470 4132 4·
487 4107 522 4119 -·
539 4099 550 4125 ‘⁴
566 4078 668 4133 Τ99999
694 4074 857 4146 9999999999
871 4073 899 4128 in
924 4073 969 4130 die
1018 4083 1140 4139 claritate
1151 4082 1269 4138 deitatis.
1286 4081 1406 4138 Virtutes
1421 4080 1493 4147 dico,
1520 4088 1580 4149 tuae,
1597 4078 1675 4151 quasi
1703 4084 1729 4132 et
1745 4092 1815 4134 con·

171 4189 181 4214 ‘⁴
202 4165 371 4222 99999919
394 4167 422 4220 in
446 4165 803 4237 splendoribussauctorum
819 4181 826 4230 t
842 4178 875 4218 ex
890 4170 968 4219 9990
1019 4171 1211 4228 substantiales
1227 4179 1268 4228 est
1284 4169 1342 4226 tibi.
1373 4171 1407 4226 Et
1430 4177 1472 4226 est
1489 4168 1570 4226 etiam
1588 4165 1762 4240 principium,
1788 4165 1816 4220 1η

172 4277 183 4302 ‘¹
201 4261 263 4310 ⁸⁰¹0
276 4253 431 4310 9999999999
443 4253 526 4327 99999
540 4261 575 4309 le·
590 4275 602 4304 ¹⁹
1018 4260 1211 4332 splendoribus
1226 4268 1393 4326 sanctorum,
1411 4257 1494 4314 idest
1509 4273 1570 4314 cum
1581 4256 1682 4328 Spiritu
1706 4262 1812 4326 sancto,

207 4345 306 4400 99999
323 4343 510 4417 primitium·
526 4341 904 4415 [9999999599999999991
921 4340 968 4396 ubi
1018 4351 1064 4424 qui
1078 4358 1187 4407 sanctos
1203 4345 1387 4421 splendificat.
1407 4348 1501 4420 (nug.)
1517 4345 1667 4417 Etego,ee
1679 4347 1760 4401 utero
1771 4361 1815 4415 ee·

168 4432 270 4489 indicat
285 4432 366 4489 Pater
387 4438 509 4488 naturam
536 4429 642 4486 deitatis
671 4430 771 4486 Christi
798 4430 966 4502 aliquatenus
979 4411 1071 4498 Dum·
1085 4445 1122 4507 te,
1139 4437 1204 4495 dicit
1218 4437 1316 4494 David,
1337 4435 1422 4505 Quasi
1438 4435 1509 4492 dicar
1526 4451 1532 4490 :
1549 4435 1618 4489 Cum
1632 4431 1717 4489 Maria
1731 4431 1765 4486 sir
1779 4433 1815 4487 de

169 4538 221 4594 pro
234 4530 327 4578 99599
342 4521 502 4593 9919999999·
519 4519 604 4590 Quasi
617 4519 688 4576 99999
706 4520 815 4584 :Paion
840 4535 892 4591 989
907 4521 965 4575 99·
1016 4545 1111 4596 me‚ex
1118 4536 1196 4584 utero
1205 4524 1324 4598 Virginis
1333 4523 1414 4599 genui
1425 4523 1505 4579 teht
1513 4523 1641 4589 bocania
1649 4521 1813 4588 Lucilemm,

169 4610 259 4666 minus
279 4611 399 4667 9999999
427 4609 532 4684 littam
559 4608 665 4665 999999
693 4616 755 4676 999,
785 4608 966 4680 (1999999999
1016 4617 1044 4673 id
1060 4625 1102 4673 est
1117 4624 1211 4672 noctu.
1232 4617 1300 4670 Ante
1316 4612 1389 4670 diem
1401 4611 1473 4669 enim
1483 4619 1562 4667 natus
1576 4618 1617 4667 est
1627 4609 1758 4666 Christus.
1772 4607 1815 4664 Ad

169 4706 211 4756 99
225 4699 291 4756 9999
303 4699 492 4773 primitium,
513 4697 642 4771 [999999]
663 4695 742 4770 quasi
761 4697 814 4753 999
841 4694 891 4751 libi
913 4695 965 4751 99·
1016 4707 1068 4762 hoe
1083 4713 1174 4762 autem
1187 4710 1319 4760 natusest
1334 4719 1369 4759 ex
1382 4717 1425 4770 ea,
1443 4708 1473 4757 ut
1487 4699 1618 4757 sacerdos
1625 4698 1654 4753 in
1669 4706 1811 4764 eternum,

167 4789 222 4844 buo
236 4788 297 4860 plus
316 4803 398 4862 quam
413 4787 483 4855 aliis,
508 4788 572 4860 quio
600 4795 628 4842 tu
651 4801 681 4842 es
700 4784 784 4841 Filius
809 4800 860 4857 per
883 4792 965 4841 natu·
1017 4794 1063 4867 qui
1078 4811 1108 4851 se
1123 4792 1242 4850 offerat:

169 4895 238 4946 ram,
253 4878 318 4951 quia
332 4884 423 4935 tecum
433 4885 474 4933 est
488 4875 565 4944 mihi,
590 4873 764 4947 principium.
788 4875 849 4931 Non
877 4873 966 4930 dicam

165 4967 214 5024 tibi
228 4983 346 5038 mecum,
361 4982 396 5024 ne
411 4965 492 5023 alicui
518 4964 655 5037 posterior
675 4979 720 5020 me
745 4961 883 5022 videaris:
913 4979 965 5036 ego
1111 5027 1117 5038 ,
1168 5026 1173 5038 ,
1525 5022 1531 5034 ,

168 5065 195 5116 e,
220 5065 249 5114 ,u
271 5072 356 5114 unum
397 5053 559 5127 pmcipium
595 5068 689 5110 ,umus
723 5052 854 5121 omnium,
892 5052 966 5125 quod
1018 5026 1187 5126 ‹poemtebrt
1200 5041 1272 5096 eum,
1288 5031 1316 5080 tu
1331 5039 1361 5124 es
1376 5021 1505 5080 sacerdos
1523 5039 1552 5078 ιη
1565 5029 1697 5081 eternum
1710 5034 1814 5078 monn-

168 5169 223 5212 non
236 5155 281 5212 hic
295 5155 410 5225 videtur,
427 5154 475 5210 sed
503 5150 639 5210 videbitur
652 5153 685 5208 io
709 5151 754 5208 dte
769 5151 885 5209 oirtntie
909 5156 966 5210 me
1018 5115 1110 5172 “dum
1124 5115 1247 5173 “dmm
1261 5113 1501 5170 Hel⁰h¹⁵⁰d⁰⁶h'”

167 5244 200 5298 in
228 5243 421 5316 splendoribus
444 5245 619 5308 sanctornm,
643 5240 738 5311 (Aug.)
767 5239 851 5296 idest
882 5246 964 5296 aeter-
1050 5238 1162 5296 torceii
1175 5237 1320 5294 Dominae.
1334 5233 1464 5306 (alcuin)
1479 5231 1568 5290 Tertia
1583 5249 1656 5306 pars,
1682 5231 1730 5287 ubi
1743 5231 1814 5287 Pro-

167 5331 252 5386 nitate
279 5331 326 5386 ubi
347 5331 434 5388 virtus
444 5330 534 5388 dimna
560 5327 727 5400 conspicitur
755 5343 810 5386 non
834 5328 869 5384 ab
893 5329 962 5396 aliia,
1015 5328 1096 5399 pheta
1108 5326 1164 5400 agit
1178 5325 1212 5382 de
1226 5324 1391 5380 humanitate
1407 5322 1517 5379 Christi.
1529 5323 1600 5379 Ecce
1611 5321 1730 5378 Verbum
1745 5335 1813 5377 caro

166 5419 217 5476 sed
243 5434 261 5474 a
295 5419 405 5488 sanctis,
441 5418 549 5491 quando
585 5418 612 5474 iu
649 5417 851 5474 resurrectione
887 5425 965 5474 erunt
1015 5415 1179 5472 factumest.
1195 5412 1384 5470 Etnotaudum
1399 5412 1566 5484 quodsupre
1580 5410 1664 5467 uerba
1688 5409 1812 5481 Prophe-

166 5505 288 5572 848
302 5507 439 5578 splendidi
462 5515 491 5564 ut
505 5505 601 5580 angeli·
611 5505 672 5562 Dei.
688 5506 738 5564 Vel
751 5506 798 5574 ita,
810 5513 837 5562 et
847 5505 965 5578 loquitur
1014 5511 1048 5561 ω
1062 5502 1169 5578 mentis
1197 5503 1231 5558 de
1259 5501 1424 5558 humanitate
1448 5497 1546 5556 Christi
1569 5500 1687 5566 luerunt,
1703 5497 1813 5570 virpcm

167 5595 248 5655 etiem
262 5594 364 5662 Pater;
382 5595 477 5667 (hug.)
496 5591 574 5668 quasi
588 5591 658 5650 dien
674 5607 681 5648 ε
696 5592 963 5662 connominatus
980 5649 988 5659 ,
1014 5591 1129 5650 virtutis
1146 5595 1212 5660 tce,
1224 5587 1602 5665 usqnatemmprtcctptom,
1613 5585 1726 5644 ibirero
1735 5583 1812 5643 Deus

1052 4938 1124 4994 Pars
1138 4951 1178 4993 ru.
1195 4937 1280 4993 Vnus.
1298 4937 1324 4990 t.
1341 4964 1375 4975 -
1391 4955 1403 4985 ι
1419 4933 1524 4990 turarii
1546 4931 1688 5002 Dominus,
1714 4937 1742 4986 et
1755 4945 1813 4987 non

58 5960 180 6040 A
