3896 6062
88 195 123 247 33
352 184 638 244 conuenientem
661 183 699 240 IN
725 180 894 240 Psntnos.
919 213 953 224 —
967 183 1114 241 FRATRIS
1128 183 1295 241 nlcflnnol
1316 181 1511 242 PROLOGUS.
1722 186 1757 241 bt
1784 159 1786 164 Ι

93 313 134 370 ad
147 314 266 369 litteras
276 312 475 386 propeqendas
484 309 712 384 propensissimi,
722 308 795 365 rothi
806 307 881 364 haud
891 309 1031 380 qrevatim
1042 309 1334 374 communicaverunt,
1342 311 1477 380 ecepimus
1488 325 1585 366 eorum
1593 313 1768 367 commenta·

97 388 214 441 morum
231 384 393 439 uberrimos
408 384 524 454 fructus
540 383 699 453 cleqnstere.
717 379 770 438 Sed
784 383 813 435 et
826 383 894 435 ente
909 396 960 436 nos
970 382 1128 452 complures
1137 381 1192 436 viri
1201 395 1309 450 praees,
1322 381 1369 452 qvi
1379 383 1410 434 in
1420 380 1593 437 bibliothecis
1603 381 1768 454 quibusdem

98 455 309 512 communibus
325 454 437 509 similia
452 453 630 523 exemplaria
641 451 895 523 deprehenderent,
913 450 1074 523 hujusmodi
1088 452 1252 523 opvsvariis
1268 451 1384 519 fioribus
1403 452 1542 506 concinne
1559 453 1769 508 coacervatione

99 529 274 582 consertum
291 527 446 580 senserant
461 524 739 579 decantatissimum.
756 521 831 576 Olid
841 521 1004 576 instabatur
1014 523 1202 577 estuantem
1216 521 1372 588 desideriis,
1385 524 1418 576 nt
1428 521 1515 593 precio
1529 524 1766 589 committeretur,

98 601 189 668 atque
204 595 339 651 amnium
350 598 412 664 fore
425 595 568 650 commodo
583 610 640 650 non
656 593 766 664 vvlqari
776 593 840 647 siin
847 591 993 664 pvblicvm
1004 593 1209 664 divulqeretnr,
1216 594 1451 664 presertimeum
1460 591 1535 647 nituit
1545 592 1577 646 in
1586 593 1767 662 orefidelium

100 668 288 738 frequentius
300 669 442 730 versetur,
458 663 757 720 auteccommodelius
765 661 801 718 ed
811 664 861 717 llei
869 663 980 718 cultum
990 663 1206 734 promovendum
1218 665 1331 733 ejusque
1341 663 1514 718 indicibile-m
1522 663 1642 733 qloriam
1654 663 1767 732 hymnis

98 739 219 794 ceneris
234 736 269 792 de
290 735 455 792 comendam
470 736 646 797 invenietur,
659 750 742 806 quem
751 734 926 805 psalmorum
936 733 1090 804 ineffabilis
1095 734 1214 803 jubilus.
1225 734 1296 788 llam
1306 734 1336 788 in
1353 734 1477 805 idipsum
1492 734 1583 788 omnis
1611 735 1769 790 terrainvi·

102 811 186 862 tetur
196 823 251 878 per
280 809 391 862 ivinnm
400 807 527 861 Psallcm
538 821 566 859 :u
579 805 677 860 Omnis
687 808 763 860 terra
773 803 953 866 adorette,et
962 804 1067 876 psallat
1079 805 1225 872 tibill’sal.
1237 805 1336 872 nsvin
1350 804 1425 870 Qvod
1433 804 1490 869 ubi,
1495 805 1585 873 jueta
1592 805 1765 875 Apostolum,

101 878 260 950 psallitur,
276 893 290 933 s
311 878 394 941 iritu,
405 877 546 949 psallitur
557 879 587 931 et
597 879 693 930 mente
703 876 729 944 ll
739 875 800 929 Cor.
811 873 883 943 xiv).
899 875 965 942 ovis
974 877 1067 946 posset
1078 875 1167 929 verbis
1182 876 1327 945 explicere
1344 879 1449 946 quanto
1463 874 1593 942 reficitur
1609 874 1710 945 qaudio
1726 877 1770 931 in·

101 953 206 1004 ternus
216 949 277 1020 ipse
286 895 378 1013 ionio,
391 946 501 1003 adeant
513 962 597 1002 nemo
607 947 682 1002 sciat
691 946 750 1000 nisi
758 945 807 1016 qvi
815 947 929 1016 accipit.
940 945 972 998 ln
981 948 1112 1017 promptu
1120 948 1163 999 est
1172 945 1243 1017 qued
1248 945 1382 1000 scribitur
1390 945 1414 1014 (l
1420 947 1482 1016 lteq.
1491 943 1563 1014 xvi),
1573 943 1607 999 de
1616 944 1685 1001 Saul
1695 961 1769 1030 reqc,

99 1037 117 1074 a
128 1019 242 1090 spiritu
256 1034 380 1090 nequem
397 1019 553 1089 enaqiteto,
573 1021 622 1089 qui
640 1015 744 1072 Decide
761 1015 904 1070 citharam
919 1031 1009 1070 resann
1025 1016 1202 1087 percutiente
1214 1016 1302 1070 levius
1316 1015 1433 1087 ferebat,
1448 1015 1694 1094 etxenobeiqvnab
1710 1033 1771 1088 equs

99 1098 218 1153 duriori
228 1097 418 1168 infestatione
432 1097 590 1153 recedebat.
600 1095 741 1167 linquam
752 1109 874 1159 omnem,
884 1110 966 1150 omne
976 1095 1123 1165 inqenium
1131 1098 1248 1166 superat
1255 1096 1432 1166 psalmorum
1440 1096 1532 1153 virtus
1541 1098 1659 1156 ἐνταῦθα
1670 1093 1721 1178 γὰρ
1733 1094 1770 1154 ἔνι

98 1176 229 1256 bsehoqlu
238 1175 335 1235 τελεία.
353 1176 438 1232 liutto
448 1177 540 1247 meqis
551 1179 647 1230 tamen
658 1177 777 1244 proestet
790 1175 919 1246 experiri
934 1175 1106 1230 cumtimore
1121 1175 1170 1229 Dei
1186 1191 1270 1246 quam
1281 1173 1338 1230 soto
1352 1190 1480 1230 sermone
1491 1193 1656 1248 personare.

144 1259 293 1312 cerumar
302 1272 335 1312 eo
345 1255 550 1326 rependimus,
560 1254 873 1324 undediqressisumus,
888 1253 1003 1309 tandem
1011 1253 1143 1326 persuasi
1153 1269 1250 1308 snmus
1261 1257 1295 1308 ut
1304 1268 1372 1325 opus
1380 1254 1475 1325 ipsum
1484 1258 1544 1310 tam
1553 1258 1628 1312 dives
1639 1257 1714 1329 typis
1722 1272 1771 1313 ecc·

100 1328 272 1392 cuderetur,
289 1327 450 1382 subnotatis
463 1329 562 1381 nostra
576 1325 654 1398 quali
664 1324 815 1396 viqilentie
826 1323 983 1380 doctoribus
1000 1339 1067 1396 quos
1081 1326 1113 1380 in
1126 1324 1281 1394 qnamdam
1297 1327 1471 1395 ferrnqinem
1489 1329 1690 1383 concitaverat.
1718 1329 1770 1396 Qui

103 1400 244 1470 effectum
257 1401 301 1452 est
309 1396 421 1469 utqnod
428 1397 525 1452 coeteri
531 1396 655 1468 sparsim
665 1396 695 1450 in
704 1395 827 1468 psalmos
837 1395 1021 1450 commentati
1030 1397 1158 1464 fucrant,
1185 1396 1245 1467 ipse
1254 1395 1396 1451 collectim
1406 1394 1525 1467 quodem
1535 1399 1688 1455 laconismo
1699 1413 1772 1454 com·

103 1471 300 1550 plecteretur.
317 1469 353 1522 Et
370 1466 428 1522 haec
443 1469 487 1521 est
501 1467 628 1548 diqnitns
643 1465 805 1536 hujusmodi
815 1466 1097 1550 commentqriorum.
1119 1464 1191 1549 Quia
1210 1481 1274 1521 vero
1289 1482 1347 1522 non
1366 1467 1438 1520 setis
1454 1468 1652 1552 tiquebetnqece
1667 1469 1726 1526 loce
1742 1472 1771 1524 et

105 1535 1770 1692 nessecentunculisneilices-‘linecesiciirecentissimetl‘selscf:

106 1691 138 1749 eb
149 1685 263 1771 capiti<
291 1686 634 1757 nonfueruntobservata
645 1688 678 1740 ut
696 1685 931 1741 desideraveram.
950 1685 1088 1741 Ceterum
1098 1684 1259 1740 videbamus
1282 1685 1435 1740 editionem
1446 1688 1769 1763 eeclesiasticam,quam

105 1771 213 1826 dieunt
223 1767 476 1890 l'ulqatamqerme
486 1766 517 1820 in
526 1768 745 1836 spretvmpossc
756 1765 870 1819 venire:
882 1763 952 1836 quod
960 1766 989 1818 et
1000 1765 1110 1834 fectum
1122 1778 1181 1818 esse
1190 1763 1390 1835 propemodum
1401 1767 1601 1838 comperimus.
1617 1769 1771 1840 qualialib-

104 1857 160 1896 nus
172 1837 309 1895 sitltavcd
320 1838 336 1892 b
346 1852 383 1891 no
401 1837 466 1900 is,et
478 1837 495 1890 h
512 1837 633 1890 conticis
645 1835 782 1890 hactenus
794 1835 868 1906 apud
880 1834 1055 1890 Christianos
1066 1834 1258 1898 celebratis,ob
1269 1837 1308 1890 tot
1319 1835 1445 1890 invectas
1463 1838 1667 1895 translationes
1678 1855 1773 1905 noves,

107 1915 142 1966 ut
148 1914 214 1982 jam
223 1912 319 1982 posset
326 1907 467 1980 quispiam
477 1906 646 1960 existimare
666 1921 832 1977 permenam
849 1905 931 1960 illam
948 1904 1122 1974 psalmorum
1134 1905 1283 1960 lectionem
1293 1920 1352 1960 esse
1364 1905 1566 1976 adulteratam,
1584 1909 1617 1964 in
1627 1911 1772 1966 communi

111 1980 301 2037 ecelesiarum
312 1995 345 2060 ee
356 1977 595 2060 monasteriorum
604 1976 841 2060 psalmodiisque
851 1975 900 2030 diu
909 1979 977 2032 noct
1015 1991 1052 2058 ne
1060 1975 1444 2060 lteollominoupotentissime
1453 1979 1636 2048 persolvitur,
1655 1981 1771 2036 etiamsi

107 2045 1770 2190 insensu:intermissionem.‘cnsillustrissimi.bilitionem

107 2193 223 2249 cellatis
233 2189 377 2246 codicibus
387 2189 516 2260 inspecta
526 2191 610 2259 atque
622 2187 749 2243 discusse
761 2207 769 2242 :
781 2191 895 2242 tentum
909 2188 981 2242 absit
991 2187 1126 2257 falsitas!
1141 2207 1151 2236 s
1164 2187 1218 2242 Nec
1237 2188 1372 2242 absonum
1392 2190 1488 2243 temen
1508 2190 1655 2248 videbatur
1679 2193 1771 2248 tutori

108 2264 328 2318 sacrosanctum
338 2259 471 2314 Eeclesice
480 2275 574 2324 mum,
586 2260 862 2330 quantumtenniees
872 2262 971 2313 nostra
980 2258 1151 2328 petiebatur,
1163 2257 1190 2312 si
1207 2257 1258 2312 isti
1274 2273 1305 2313 eo
1323 2259 1420 2314 animo
1438 2259 1498 2315 suis
1512 2263 1685 2318 novitatibus
1704 2278 1771 2318 one-

111 2334 211 2388 rarint
220 2331 401 2404 peqellas,ut
410 2328 553 2384 traductio
564 2329 690 2400 Vutqete,
703 2333 795 2401 etqua
805 2328 1059 2384 utituruniversus
1069 2327 1201 2382 Ecclesia
1220 2327 1285 2383 ordo
1305 2329 1336 2382 in
1355 2344 1468 2400 pessum
1483 2331 1582 2387 abiret.
1605 2333 1681 2402 Qvod
1695 2334 1771 2389 sicut

110 2420 170 2460 non
185 2406 261 2458 esset
272 2399 520 2470 eandidrpectoris
530 2415 564 2454 ea
576 2399 815 2455 rationeedidisse
825 2416 886 2464 sva,
903 2399 944 2454 sic
964 2413 1075 2454 neenos
1086 2398 1119 2452 de
1130 2397 1200 2470 ipsis
1217 2398 1368 2470 quidquam
1388 2400 1500 2454 sinistri
1518 2405 1708 2474 pronuntiare
1724 2419 1773 2460 vo·

111 2475 231 2538 luimus,
244 2473 312 2526 licet
322 2471 551 2554 sitperspienum
561 2484 658 2525 eornm
673 2469 783 2541 aliquos
793 2485 851 2526 non
861 2471 932 2524 satis
940 2468 1023 2541 probe
1033 2468 1141 2523 audire.
1153 2469 1243 2540 lqitvr
1251 2469 1358 2540 sinqvla
1368 2471 1467 2543 quique
1477 2474 1575 2527 versui
1585 2473 1768 2530 collationem

110 2544 335 2606 subnexuimus,
346 2557 371 2596 se
381 2540 449 2613 quid
458 2540 533 2611 forte
543 2540 679 2604 vomebat,
691 2556 746 2612 qua
758 2541 805 2595 Dei
814 2541 907 2612 qretia
915 2540 1078 2594 ennitimur
1087 2543 1214 2595 nostrum
1224 2538 1373 2596 lectionem
1385 2541 1538 2597 conciliare
1563 2543 1600 2598 ed
1619 2545 1769 2600 veritatem

112 2614 292 2677 Hebraieam,
303 2610 539 2696 quemadmodum
549 2611 618 2666 olim
628 2611 674 2665 usi
683 2615 751 2666 sunt
761 2612 932 2682 interpretes
943 2609 1031 2681 :quod
1041 2609 1127 2679 facile
1135 2609 1324 2681 persuadetur
1333 2611 1368 2666 iis
1379 2611 1427 2682 qui
1441 2613 1538 2668 minus
1550 2619 1685 2687 corrupto
1702 2618 1773 2671 sunt

112 2685 230 2748 iudicio,
243 2685 273 2738 et
283 2683 354 2738 ritui
364 2681 555 2736 ecclesiastico
567 2681 726 2737 Christiano
736 2681 841 2752 affeetu
863 2684 957 2736 avent.
970 2681 1018 2737 tlbi
1036 2695 1098 2735 vero
1106 2681 1295 2752 perpusillum
1312 2681 1453 2751 referebat
1462 2683 1698 2742 interiectionem
1706 2701 1771 2742 nos-

114 2751 592 2824 trumetalies,pertrensevndvm
616 2751 836 2807 nitdtclivtius
865 2751 1072 2806 eudimmerito
1082 2750 1291 2818 fluctuabamus
1302 2752 1326 2806 si
1340 2755 1400 2806 tam
1410 2753 1532 2809 arduum
1548 2770 1617 2827 opus
1634 2757 1768 2828 aqqrede-

110 2842 222 2893 remur,
231 2823 549 2896 perpendentcsnostroe
558 2823 589 2876 in
612 2823 739 2878 rmitetis
749 2823 948 2893 exiquitatem,
971 2824 1032 2877 tum
1042 2821 1113 2892 quod
1122 2821 1296 2892 facillimum
1313 2824 1404 2892 fuerit
1413 2831 1485 2884 num
1506 2833 1576 2912 fiilis
1592 2837 1665 2887 nu:
1683 2828 1770 2884 etiam

111 2929 225 2970 summe
235 2911 403 2966 exercitatis
414 2930 423 2977 ,·
435 2913 496 2965 tvm
506 2910 577 2982 quod
586 2911 729 2966 necittam
743 2910 904 2982 linquarum
914 2910 1049 2982 peritiam
1060 2909 1132 2965 mihi
1142 2925 1279 2982 arroqem,
1292 2914 1325 2966 ut
1342 2911 1452 2966 valeam
1469 2910 1502 2967 de
1515 2915 1624 2970 ceteris
1639 2915 1684 2970 vel
1701 2919 1769 2972 tan-

114 2985 215 3040 tillum
225 2981 365 3049 iudicare.
379 2981 451 3048 Quin
462 2985 558 3036 tamen
567 2997 666 3053 scopus
676 2983 773 3036 noster
781 2997 863 3052 quem
875 2984 965 3036 totvm
975 2980 1222 3052 prospectabamus
1232 2982 1447 3048 estimmobilis‚
1458 2997 1560 3056 nempe
1570 2985 1770 3042 ecclesiasticae

112 3051 329 3111 consuetudinis
338 3051 537 3120 firmissimum
547 3052 695 3177 rabiemque
703 3053 791 3106 etiam
801 3051 948 3107 interdum
958 3046 1105 3122 Apo'stolus
1116 3067 1166 3106 sua
1178 3050 1254 3106 dicta
1262 3069 1319 3108 non
1330 3053 1437 3108 veritus
1454 3056 1496 3109 est
1507 3056 1675 3125 confirmare
1685 3075 1693 3111 :
1704 3057 1768 3125 Nos,

113 3126 218 3198 inquit,
232 3123 321 3178 telem
331 3122 565 3178 consuetudinem
575 3138 633 3177 non
663 3122 786 3187 abemus,
797 3138 886 3194 neqve
895 3122 1021 3177 Ecclesia
1029 3123 1079 3177 Dei
1087 3121 1113 3191 (l
1122 3121 1183 3177 Cor.
1197 3121 1247 3190 xi),
1258 3139 1361 3179 ausum
1371 3123 1450 3178 dedit
1459 3123 1556 3179 minus
1568 3126 1768 3194 temerarium,

114 3201 147 3250 ut
155 3193 322 3250 meneutam
333 3194 396 3247 sine
406 3194 587 3248 contentione
596 3193 694 3265 pelaqo
701 3195 952 3257 committeremus,
965 3195 993 3247 et
1003 3192 1179 3247 crederemus
1189 3192 1295 3248 dicenti
1306 3213 1337 3248 t«
1353 3193 1439 3264 Siqna
1450 3209 1495 3249 eos
1522 3196 1553 3250 ui
1564 3197 1595 3251 in
1610 3212 1655 3251 me
1675 3197 1769 3254 credi·

114 3267 224 3349 derint,
234 3264 294 3318 hoec
303 3267 456 3335 sequentur
466 3281 475 3317 :
485 3263 600 3336 linquis
625 3267 777 3335 toquentur
794 3265 884 3330 novis,
893 3267 1038 3335 serpentes
1049 3263 1231 3330 tollent,·etsi
1241 3263 1306 3336 qvid
1313 3263 1497 3335 mortiferum
1505 3211 1635 3334 hiemat,
1647 3283 1705 3323 non
1719 3285 1770 3326 no-

114 3337 213 3463 &ilice
214 3334 322 3460 13²⁸(qu
322 3333 427 3476 ceesthii
437 3354 507 3460 titos
515 3405 573 3460 dies
582 3405 749 3478 expendunt
768 3405 800 3460 in
813 3406 975 3461 litterarum
984 3405 1184 3462 Hebraicarum
1194 3413 1275 3494 with
1285 3407 1392 3464 minori
1412 3410 1523 3481 neqotio
1534 3410 1671 3481 etmajori
1688 3408 1770 3465 leude

115 3493 265 3568 nepotium
276 3492 353 3547 istud
361 3494 487 3565 potuisse
498 3509 670 3566 promovere.
684 3495 805 3550 Tantum
815 3494 934 3550 ebestut
944 3495 1069 3567 quisquis
1084 3511 1180 3552 eorum
1197 3495 1351 3552 editionem
1367 3498 1479 3554 latinis
1498 3499 1615 3555 auribus
1636 3501 1677 3554 lot
1693 3503 1769 3554 retro

117 3569 204 3622 soeeul
208 3568 232 3620 is
241 3563 371 3635 reliqiese
382 3565 556 3619 inculcatam
566 3568 650 3636 atqve
660 3568 802 3636 receptam
807 3566 1024 3638 precipitante
1033 3565 1205 3621 damnasset.
1220 3567 1309 3638 Neque
1319 3569 1444 3624 velimnt
1455 3571 1517 3642 quis
1538 3570 1594 3624 iam
1607 3569 1769 3625 calumnie-

117 3642 211 3692 torese
226 3649 274 3716 ore
291 3649 353 3690 meo
361 3636 462 3718 ¹stetim
468 3636 575 3718 rapiet,
588 3637 668 3708 quasi
677 3636 803 3719 Ecclesia
811 3635 1012 3709 persealioqui
1023 3639 1086 3691 tnta
1094 3653 1138 3691 nce
1147 3637 1292 3719 defensqre
1312 3638 1448 3710 indiqeet.
1469 3641 1503 3696 Sc
1539 3641 1705 3695 meminerit
1721 3655 1769 3695 re-

118 3710 313 3788 ceptoseteem
323 3705 526 3776 fuissequrvel
539 3706 652 3788 pilosoe
673 3721 814 3762 rarvmcn
826 3708 1007 3787 tabernaculo
1026 3708 1138 3762 Domini
1157 3707 1329 3775 conficiendo
1346 3711 1490 3780 offerrent.
1514 3712 1613 3768 Verum
1628 3711 1769 3766 enimvero

115 3777 244 3862 nondum
254 3775 644 3902 “¹²m·‘}⁰bfi'[q⁷{q'⁹qm'3}⁶qu
652 3778 962 3902 dnqvnelrissuscrpero,
982 3777 1328 3904 {tenecsgevereml'iquima
1347 3784 1511 3861 paternitas
1532 3783 1583 3835 tua
1606 3781 1770 3864 obedientie

111 3850 1769 4000 messeniorum:semciscestrensis}tenneritstultissime

118 4002 216 4053 tamen
228 3999 326 4070 lapsus
335 3979 411 4053 mbos
419 3997 610 4069 pertinaciter
619 3995 827 4066 defendereavt
838 3997 932 4068 aliquo
941 3999 1007 4066 fuco
1026 3999 1191 4065 pretcnere,
1203 3997 1271 4069 quin
1282 3997 1376 4068 potius
1394 3997 1478 4053 velim
1495 3999 1618 4070 inqenne
1638 3999 1768 4068 confiteri

116 4085 187 4124 meee
197 4069 388 4139 iquorationis
398 4068 522 4140 culpem,
537 4065 584 4122 ubi
593 4067 765 4138 deprehensa
774 4067 873 4136 fuerit,
884 4070 1003 4138 paratus
1011 4071 1170 4130 recantare,
1180 4068 1205 4122 si
1213 4067 1280 4138 qvid
1287 4068 1423 4124 absonum
1433 4068 1476 4124 vel
1484 4068 1640 4141 imperitia,
1660 4071 1703 4126 vel
1720 4071 1769 4125 in·

116 4139 275 4211 eoqitentie
285 4141 431 4210 scripsero.
443 4137 514 4205 Quid
522 4137 599 4194 enim
607 4137 774 4192 dictandum
789 4139 877 4202 venit,
898 4153 950 4210 quo
968 4152 1026 4193 non
1045 4141 1085 4192 set
1096 4139 1228 4193 Ecclesiee
1238 4138 1356 4209 judicio,
1375 4143 1402 4194 et
1420 4138 1565 4195 doctorum
1582 4142 1713 4196 examini
1727 4157 1765 4197 en

117 4209 198 4265 omni
205 4209 392 4264 submissione
412 4212 440 4264 et
459 4208 594 4264 modestia
613 4207 835 4279 reliquendum?
856 4209 947 4276 Quare
960 4209 1086 4284 primam
1100 4211 1226 4278 feturam
1243 4209 1275 4264 in
1294 4210 1397 4265 alienis
1412 4209 1549 4266 laboribus
1565 4213 1662 4267 nostro
1675 4215 1768 4268 marte

115 4285 263 4350 utcunque
271 4283 385 4352 partam
394 4283 451 4334 tuce
461 4279 681 4350 reliqiosissimoe
685 4279 858 4350 paternitati
868 4279 960 4344 debeo,
968 4278 1297 4352 quandoquidemabsque
1302 4281 1388 4351 jussu
1396 4283 1454 4348 tuo,
1466 4284 1494 4336 et
1507 4296 1537 4337 eo
1556 4281 1702 4338 multoties
1720 4298 1768 4338 re·

115 4351 208 4423 petito
216 4350 248 4404 in
257 4349 382 4406 medium
392 4349 503 4422 prodire
513 4350 600 4404 nimis
610 4347 789 4419 formidabile
799 4349 870 4404 mibi
877 4351 977 4421 fuisse.
989 4350 1163 4422 thuidquid
1174 4351 1247 4406 iliad
1264 4354 1306 4406 est
1323 4351 1481 4406 obedientia
1500 4355 1551 4407 tua
1569 4354 1700 4424 perfecit,
1721 4354 1769 4410 eui

117 4419 789 4492 operanostredicareomnia‚consultissimnm.
807 4419 930 4475 Accessit
949 4423 1134 4492 conqruentie
1153 4436 1300 4477 senecam
1320 4421 1484 4487 ositissima,
1504 4425 1537 4477 nt
1557 4424 1638 4493 cnjus
1656 4424 1768 4494 functio

117 4491 263 4563 persecutis
272 4489 500 4547 ebvnieolandis
511 4490 613 4545 divine
622 4506 655 4554 ee
684 4491 781 4544 letalis
792 4491 871 4546 stetu
884 4490 998 4563 pendet,
1019 4492 1074 4562 ipsi
1091 4491 1137 4546 illi
1156 4491 1273 4547 laudum
1294 4439 1503 4548 honoratione
1520 4496 1766 4550 consecrarentur.

121 4563 194 4630 Quid
204 4563 349 4633 enimjem
358 4561 632 4634 peneipsumorbem
643 4507 934 4617 Christianumeursu
945 4562 1095 4631 apostolico
1113 4562 1306 4634 pernqreveris
1325 4562 1494 4618 inexhausti
1512 4562 1684 4620 sudoribus?
1702 4564 1769 4638 quid

120 4638 179 4688 tam
187 4647 303 4704 operose
307 4631 457 4715 perquiris,
470 4632 528 4687 nisi
538 4635 570 4686 ut
580 4631 759 4687 collaudetur
767 4631 841 4686 Deus
849 4631 911 4703 Opt.
930 4631 1005 4687 Mea.
1017 4648 1074 4688 non
1093 4633 1184 4689 solum
1200 4633 1275 4704 epud
1292 4635 1399 4703 fratres
1415 4634 1630 4701 Franciscanos‚
1649 4651 1768 4708 quorum

118 4705 286 4759 universum
294 4704 488 4758 ministerium
499 4703 617 4773 officiose
626 4717 750 4766 exerces,
761 4701 809 4756 sed
817 4702 981 4774 epvdomne
991 4719 1080 4774 qenus
1088 4704 1235 4760 hominvm
1252 4705 1302 4760 liei
1321 4705 1455 4761 honorem
1474 4705 1566 4762 mutto
1585 4722 1651 4762 cum
1669 4708 1767 4776 fenore

117 4789 282 4846 promoveas
288 4789 340 4846 per
359 4774 481 4845 Spiritus
495 4773 589 4829 seneli
604 4772 987 4845 presentissimamqretiam
1001 4789 1061 4846 quoe
1077 4773 1128 4828 tibi
1142 4773 1267 4830 reddidit
1281 4790 1426 4830 summum
1434 4775 1598 4847 pontificem
1608 4779 1637 4831 et
1646 4777 1767 4847 majores

119 4842 816 4917 Cleristiancefideiprincipes,qnantumreliqioni
833 4844 995 4900 orthodoxe
1013 4845 1146 4916 propensi
1160 4847 1238 4915 sant,
1256 4845 1434 4917 favorabiles,
1451 4845 1526 4920 apud
1540 4862 1607 4918 quos
1625 4848 1684 4901 tam
1698 4844 1766 4900 bene

117 4915 405 4988 nudisquomeeltem
417 4915 714 4987 hocinqeniolinostri
724 4915 932 4970 monimentum
943 4914 1135 4998 qualecunque
1146 4929 1257 4988 semper
1274 4933 1386 4989 equum
1407 4917 1539 4973 lectorem
1548 4916 1657 4971 sortiri.
1675 4915 1768 4970 lineat

115 4985 266 5060 iqitursub
277 4988 335 5041 tuis
345 4986 481 5057 auspiciis
490 4989 595 5052 tutum,
604 4984 676 5058 qnod
686 4989 746 5040 tam
753 4984 839 5053 focile
857 4985 909 5040 tibi
919 4984 1140 5042 eritadentcbus
1160 4986 1303 5044 theoninis
1326 4991 1410 5061 atque
1435 4987 1622 5044 calumniosis
1642 5000 1769 5042 asserere

114 5073 203 5132 quam
217 5057 331 5140 eopiosa
347 5061 470 5128 olquam
480 5057 608 5113 variaest
619 5055 985 5111 tnaeervditionisnbertes.

148 5129 285 5194 Parisiis,
301 5143 378 5186 anno
391 5126 560 5185 Christiana
569 5127 673 5184 salutis
686 5127 898 5198 quadraqesimo
912 5141 999 5197 supra
1015 5127 1303 5201 sesquimillesimum.
