3906 6056
141 140 211 198 last
468 142 722 200 COLLECTANEA
740 143 778 199 IN
795 141 905 198 EPIST.
925 141 959 196 I).
981 138 1094 198 PAULI.
1109 173 1144 184 -
1159 142 1195 226 IN
1213 143 1267 198 ΕΡ.
1288 144 1300 199 I
1319 140 1366 198 AD
1383 139 1463 200 COR.
1723 143 1793 200 ttae

139 266 168 322 iu
198 265 295 323 eadem
321 263 460 323 voluntate
486 284 538 340 qua
567 267 697 340 praedicti.
727 269 761 323 nt
789 267 822 322 ia
842 266 977 328 eodemA
993 272 1049 320 tum
1064 265 1220 321 homiuibus
1234 266 1371 334 tribuatis,
1388 266 1433 339 qui
1447 266 1519 323 inter
1534 282 1581 322 eos
1597 266 1714 340 gloriam
1727 283 1792 339 par-

141 357 274 412 soicutio.
299 355 327 410 id
351 363 392 411 est
415 357 442 411 iu
468 357 567 413 eadem
591 356 784 430 iutelligentia.
813 356 853 410 lta
868 355 941 427 quod
994 353 1090 410 limini.
1107 353 1289 428 [Ambrosius]
1304 355 1418 436 Divisus'
1438 365 1478 412 est
1502 372 1568 430 ergo
1589 355 1721 424 Christus,
1744 373 1792 414 se-

143 443 257 516 perlcoti
273 444 343 512 sitis,
361 445 412 501 hoc
427 443 488 502 ideo
500 445 572 514 dico,
585 444 940 518 quiasipnifiootummibi,
993 443 1111 500 cundum
1131 459 1191 499 vos.
1210 442 1297 512 Quasi
1319 443 1390 500 dieat
1407 460 1413 498 ε
1430 444 1527 502 blultos
1550 445 1639 502 facitis
1654 445 1790 514 Christos,

143 532 240 588 litteris
251 537 303 600 ast,
315 532 348 590 de
363 532 437 590 vehis
450 541 548 604 tamen,
565 537 695 606 ofrctres
706 534 771 600 med,
788 535 822 590 ob
837 534 880 590 his
895 535 943 607 pul
992 531 1019 588 id
1035 539 1076 588 est
1091 532 1202 588 datores
1229 533 1387 606 gloriarum.
1411 533 1487 589 Adeo
1512 534 1584 589 euim
1601 535 1732 591 errabant
1747 535 1793 592 isti

142 624 211 678 sunt
229 621 336 679 Chloes.
352 621 452 678 chloes
467 621 545 679 locus
560 629 601 678 est
616 621 662 678 ubi
677 622 715 677 illi
731 630 810 678 erant
822 621 941 696 quiapo
994 629 1022 676 ut
1049 628 1175 692 putarent
1204 621 1320 694 gratiam
1348 621 1407 676 dari
1435 622 1469 676 ab
1491 621 1610 693 homiue,
1633 639 1687 681 non
1710 626 1792 682 modo

143 709 214 766 stolo
230 708 465 784 sIgnilicaverunt.
485 710 546 781 Vel,
562 709 609 781 qui
632 719 694 766 suut
720 711 830 779 chloes,
847 710 940 777 idest,
993 711 1072 782 quasi
1087 710 1211 766 ministro
1226 711 1277 766 sed
1291 717 1412 766 auctore.
1428 709 1478 766 Vel
1502 712 1633 782 putabant
1652 713 1791 770 Christum

143 797 216 853 illius
231 806 362 854 matronae
378 817 386 866 ;
402 798 501 855 chloes
516 799 589 854 enirn
603 807 693 871 potest
708 815 768 856 esse
783 816 883 856 nomen
898 799 942 856 vel
994 797 1022 854 in
1037 799 1172 870 baptismo
1187 799 1277 873 magis
1292 799 1400 870 operari
1414 815 1465 870 per
1477 798 1618 856 meliorem
1633 801 1790 873 baptIstam,
1887 801 1890 806 ’

143 886 197 943 1οεί
212 887 255 944 vel
270 903 406 960 personae.
423 887 565 960 Aliquibus
575 889 647 944 euim
658 888 765 945 videtur
777 888 853 946 locus
869 905 939 956 osse,
993 893 1020 944 et
1033 886 1122 942 minus
1135 904 1185 959 per
1198 887 1288 943 mincs
1303 887 1415 954 bouum,
1432 895 1459 944 ει
1473 887 1535 944 ideo
1549 887 1585 942 ait
1601 907 1608 944 :
1623 891 1735 948 Divisae
1750 895 1793 949 est

143 986 173 1031 ut
189 975 213 1030 si
228 975 375 1044 diceretur,
392 976 426 1031 ab
448 977 490 1032 his
505 975 551 1048 qui
576 985 638 1033 saint
653 977 802 1035 Antiochiae
818 997 825 1045 ;
841 977 941 1050 aliqui·
995 975 1150 1034 Christus?
1165 975 1247 1047 Quasi
1260 976 1332 1033 dicat
1349 993 1355 1032 :
1373 975 1426 1045 Qui
1440 985 1569 1049 operatur
1579 977 1652 1034 idem
1662 977 1691 1034 in
1704 979 1792 1037 omni-

144 1065 196 1120 bus
216 1064 324 1121 videtur
349 1064 450 1121 semina
475 1064 559 1121 luisse
587 1067 646 1122 Deo
673 1067 779 1134 devota,
806 1082 867 1123 cum
889 1083 943 1140 qua
992 1066 1160 1122 busdivisus
1175 1073 1226 1133 est,
1253 1073 1385 1138 quantum
1408 1065 1444 1120 ad
1468 1082 1531 1133 vos,
1548 1066 1613 1122 drrm
1628 1069 1750 1125 creditur
1764 1069 1793 1126 in

143 1153 221 1209 multi
236 1161 328 1209 essent
342 1153 463 1210 colentes
479 1155 575 1210 Deum.
592 1154 662 1226 Quid
673 1155 745 1211 enlm
761 1154 942 1230 significatum
993 1154 1046 1211 isto
1059 1154 1122 1227 plus
1136 1153 1256 1226 operari,
1274 1155 1300 1208 in
1325 1154 1371 1209 illo
1395 1153 1497 1209 miuus.
1519 1155 1569 1210 l'el
1592 1155 1639 1224 ita,
1656 1157 1718 1229 quia
1734 1159 1792 1216 lraec

145 1250 187 1298 εει
196 1242 230 1298 cle
245 1242 395 1299 cobis:boc
405 1242 518 1311 scilicet,
532 1245 597 1316 quia
608 1245 805 1301 contentiones
818 1245 942 1301 suntin·
993 1244 1092 1313 dicitis,
1109 1243 1171 1300 ideo
1187 1243 1311 1300 cbristus
1334 1242 1416 1298 modo
1441 1258 1457 1298 a
1482 1243 1560 1298 vobis
1574 1244 1679 1302 divisus
1695 1254 1745 1313 εει,
1762 1247 1791 1302 id

146 1335 190 1387 ter
204 1347 259 1399 vos,
276 1331 311 1387 de
336 1331 482 1404 disciplina
505 1331 656 1389 DomInIca.
684 1335 736 1389 lloc
751 1337 849 1390 cutem
864 1333 938 1390 dioc
993 1341 1034 1389 εει
1050 1340 1206 1405 separatus.
1226 1333 1408 1389 Vehementer
1423 1331 1467 1387 isti
1482 1333 1623 1402 errabant,
1641 1335 1705 1406 quia
1721 1335 1792 1391 ostia

144 1419 195 1477 Ηίε
219 1427 314 1476 contra
336 1420 467 1491 baptIstas
492 1435 576 1494 agere
600 1421 702 1493 inalpit,
729 1422 882 1495 dequibus
904 1421 943 1476 illi
994 1421 1045 1477 sibi
1059 1429 1159 1493 praeter
1168 1421 1303 1477 Christum
1316 1420 1525 1489 constituebant,
1534 1420 1745 1479 etiuudamenta
1753 1423 1793 1480 di-

143 1508 339 1580 gloriabantur.
357 1508 440 1578 Quasi
462 1509 535 1566 dicat
550 1528 558 1565 :
573 1511 635 1566 Non
659 1511 746 1567 solum
762 1511 819 1568 scio
834 1519 943 1568 conten·
992 1526 1072 1567 versa
1085 1526 1189 1581 ponere
1212 1510 1425 1582 prasumebaut,
1452 1525 1514 1567 cum
1539 1527 1622 1567 unum
1646 1512 1680 1568 sit
1696 1513 1794 1568 lunda-

144 1597 234 1654 tiones
247 1614 308 1670 quae
322 1607 384 1654 sunt
397 1599 470 1654 iuter
483 1615 543 1667 vos,
560 1600 610 1654 sed
624 1607 650 1656 et
665 1600 748 1656 verba
764 1617 825 1672 quae
839 1600 939 1657 dloitis.
956 1607 1114 1688 Bmentum
1129 1598 1263 1656 Ecclesire
1279 1598 1352 1672 quod
1381 1615 1461 1656 nemo
1487 1607 1594 1656 mutare
1617 1607 1718 1672 potest,
1734 1601 1792 1658 soi-

144 1687 178 1742 Et
193 1687 245 1744 boc
259 1695 300 1744 est
317 1703 323 1743 :
339 1687 398 1744 lloc
410 1696 500 1744 autem
515 1687 578 1744 dico
591 1689 662 1762 qood
676 1691 867 1763 unusquisque
893 1705 941 1746 oe·
993 1687 1057 1744 licet
1070 1688 1192 1744 Christus
1216 1687 1304 1744 lesus.
1330 1689 1392 1759 lpse
1408 1689 1479 1743 enim
1495 1688 1571 1746 solus
1583 1697 1624 1745 cst
1640 1697 1726 1762 petra,
1742 1707 1791 1746 su-

145 1779 239 1833 atrum
254 1777 332 1833 dicit.
348 1777 420 1832 Nam
435 1777 504 1832 alius
518 1775 582 1834 didit
595 1778 657 1844 hoo,
675 1777 797 1834 scilicet:
814 1779 868 1850 Epo
883 1779 942 1851 poi·
992 1792 1041 1848 pra
1056 1793 1138 1848 quam
1153 1775 1262 1832 lundata
1278 1783 1319 1832 est
1342 1777 1475 1846 Ecclesia,
1488 1793 1568 1850 aqua
1582 1778 1736 1836 nominatus
1751 1786 1793 1836 est

146 1865 210 1921 dem
224 1881 288 1921 sam
303 1867 387 1922 Pauli
401 1885 410 1921 .·
425 1865 494 1920 alius
509 1865 575 1922 illud
585 1865 649 1922 dicit
661 1883 667 1920 :
680 1867 735 1938 Epo
751 1882 810 1921 sum
826 1867 941 1939 Apollo,·
993 1865 1098 1936 Petrus,
1123 1865 1241 1921 Domiuo
1256 1864 1292 1921 nd
1305 1864 1382 1920 illum
1396 1864 1504 1922 dicente
1516 1883 1523 1922 ε
1535 1868 1574 1938 (3)
1589 1869 1627 1924 Τιι
1637 1883 1665 1925 es
1677 1870 1790 1939 Petrus,

145 1952 215 2008 alius
229 1969 292 2010 uero
308 1971 315 2020 3
332 1955 386 2027 Epo
401 1971 460 2010 sum
477 1954 584 2027 Cephoe.
601 1953 686 2023 Quasi
701 1954 942 2012 diea12tlliusdi·
992 1961 1045 2011 etc.
1063 1954 1272 2025 (llotth.,xvr.)
1289 1954 1382 2010 Simon
1392 1953 1464 2010 enim
1475 1961 1554 2011 antea
1564 1956 1721 2014 vocabatur.
1734 1958 1791 2016 lloo

146 2041 182 2097 cit
198 2058 204 2100 :
222 2043 283 2115 Ego
299 2059 359 2098 sum
374 2043 525 2115 baptizatus
550 2043 685 2116 baptismo
700 2043 772 2099 illius
788 2062 796 2112 ;
812 2044 881 2100 alius
896 2043 942 2101 di·
992 2049 1082 2099 autem
1098 2059 1209 2110 nomen,
1239 2041 1344 2099 scilicet
1368 2045 1472 2111 Petrus,
1489 2045 1636 2102 aDomIno
1660 2046 1686 2102 ei
1700 2047 1791 2119 impo-

144 2130 180 2186 oit
197 2131 279 2204 :Ego
302 2131 384 2187 illius.
408 2131 463 2187 Sed
478 2132 529 2188 hoo
553 2131 646 2189 dicere
670 2139 712 2188 est
732 2132 810 2204 quusi
824 2132 941 2189 idolola-
993 2131 1073 2187 situm
1087 2139 1137 2188 est.
1153 2131 1188 2187 Et
1203 2131 1303 2188 dicitur
1316 2133 1413 2187 Petrus
1427 2131 1455 2188 iu
1475 2131 1562 2206 figura
1577 2134 1723 2192 ChristIani
1738 2152 1791 2209 po-

146 2218 207 2274 tria.
222 2220 256 2274 lit
271 2219 411 2276 sciendum
427 2220 490 2293 quia
514 2220 563 2275 sub
587 2221 696 2277 nemius
713 2237 771 2286 suo,
788 2229 813 2278 et
828 2230 941 2293 aposto·
991 2221 1057 2292 puli,
1074 2236 1091 2277 a
1106 2228 1184 2292 petra
1198 2219 1316 2276 Christo.
1332 2219 1403 2289 Quia
1419 2221 1489 2276 enlm
1515 2230 1595 2294 petra
1608 2223 1732 2280 Christus
1746 2224 1790 2281 di-

143 2307 231 2362 lorum
246 2308 377 2364 bonorum
391 2317 467 2364 notat
482 2309 597 2382 pseudo.
623 2310 694 2365 Nam
710 2309 749 2365 illi
764 2326 834 2382 quos
849 2310 940 2366 nomi·
992 2309 1072 2377 citur,
1088 2316 1115 2366 et
1128 2310 1223 2364 Petrus
1238 2309 1335 2364 diditur
1353 2309 1471 2381 populus
1495 2309 1672 2369 Christianus.
1690 2315 1728 2368 lta
1742 2331 1790 2370 er-

109 2433 112 2438 ·
145 2404 193 2452 nat
208 2395 266 2453 sine
281 2397 363 2453 dubio
377 2398 442 2454 boui
467 2406 555 2465 eraut,
580 2399 629 2455 sed
653 2400 703 2455 sub
726 2400 824 2455 horum
849 2400 941 2472 specie
992 2416 1028 2473 go
1043 2401 1139 2455 Petrus
1153 2414 1170 2453 a
1183 2406 1269 2470 petra,
1287 2414 1342 2454 non
1354 2407 1461 2470 petraa
1482 2399 1562 2456 Petro
1585 2400 1693 2471 dicitur,
1717 2419 1789 2475 quo·

144 2484 228 2541 falsos
255 2486 393 2558 apostolos
420 2486 515 2561 tangit,
547 2503 581 2544 ne
611 2487 634 2542 si
662 2487 766 2545 diceret
788 2489 941 2544 innomine
992 2487 1074 2544 modo
1100 2503 1155 2543 non
1182 2502 1197 2541 a
1222 2485 1377 2542 ChristIauo
1396 2485 1531 2558 Christus,
1565 2489 1654 2544 seda
1682 2491 1790 2549 Christo

145 2573 218 2629 illius
232 2574 275 2630 vel
289 2574 380 2644 illius,
397 2575 534 2633 videretur
554 2575 594 2632 eis
609 2576 746 2647 invidere,
763 2585 788 2632 ει
803 2576 856 2633 sibi
870 2577 941 2634 velle
993 2575 1162 2632 Christianus
1189 2583 1311 2632 vocatur.
1337 2576 1376 2630 Tu
1405 2591 1435 2632 es
1456 2591 1535 2649 ergo,
1564 2576 1661 2649 inquit,
1692 2580 1789 2636 Petrus

143 2662 304 2720 attribuere.
323 2663 373 2720 Vel
388 2663 450 2720 ideo
465 2665 591 2737 apposuit
603 2665 859 2722 nomInabonorum
875 2682 942 2738 apo-
992 2665 1080 2722 dictus
1104 2680 1120 2720 a
1142 2663 1232 2731 Petra,
1257 2680 1337 2736 quam
1362 2663 1506 2721 confessus
1530 2682 1570 2731 es,
1587 2682 1668 2738 quam
1687 2683 1790 2742 eogno-

145 2752 287 2820 stolorum,
303 2761 333 2810 ut
346 2754 481 2821 ostendat,
498 2754 598 2827 quiesi
623 2755 651 2810 in
676 2754 785 2813 nomine
808 2756 941 2826 majorum
992 2754 1065 2821 vistI,
1089 2753 1183 2809 dicens
1200 2771 1206 2810 ε
1228 2755 1266 2811 lc
1287 2769 1315 2809 es
1332 2753 1461 2811 Christus
1476 2755 1566 2811 Filios
1581 2756 1641 2822 oet,
1658 2765 1685 2838 ει
1702 2775 1791 2831 supro

143 2857 200 2901 non
216 2849 257 2898 est
270 2843 453 2917 gloriandum,
468 2859 519 2899 nec
534 2843 561 2898 iu
572 2843 682 2900 nomine
692 2843 812 2910 illorum,
824 2860 942 2918 quorum
993 2844 1067 2899 hanc
1083 2847 1205 2915 petram,
1219 2842 1247 2897 id
1263 2850 1304 2897 εει
1315 2859 1397 2914 super
1407 2842 1542 2914 meipsum
1553 2843 1651 2900 Filium
1665 2847 1724 2915 Dei,
1737 2863 1791 2904 non

139 2921 269 2989 'doctrina
279 2948 360 3004 prava
375 2939 428 2988 est.
455 2933 528 2988 Inter
551 2947 599 2988 eos
618 2939 709 2988 autem
730 2933 782 2988 hos
801 2931 882 2988 laude
897 2931 942 2986 di-
994 2946 1076 3002 super
1091 2938 1117 2985 te
1132 2928 1273 2986 aedificabo
1287 2931 1442 2987 Ecclesiam
1451 2948 1555 3000 meum,
1573 2950 1656 3005 super
1670 2952 1714 2992 me
1729 2937 1791 2992 aedi·

145 3038 216 3096 gnos
230 3021 356 3096 designat
375 3021 422 3095 qui
436 3021 565 3078 dicebant
589 3039 618 3078 se
643 3038 705 3078 esse
729 3021 836 3078 Christi.
862 3022 941 3079 Unde
954 2986 978 3046 ⁰
993 3017 1082 3075 licabo
1098 3026 1124 3074 tc
1139 3026 1166 3074 et
1180 3019 1258 3086 alios,
1272 3034 1325 3074 nou
1340 3035 1384 3075 me
1399 3036 1482 3092 super
1495 3029 1532 3076 ιε.
1544 3022 1605 3077 Νοε
1616 3023 1688 3078 enIm
1698 3025 1791 3081 dicun·

145 3109 237 3167 subdit
254 3126 261 3165 :
278 3110 353 3166 Alius
369 3117 457 3166 autem
488 3111 574 3167 dicit:
591 3111 646 3184 Epo
667 3127 728 3166 sum
753 3109 868 3178 Christi,
892 3112 940 3168 ba·
992 3115 1036 3162 tur
1059 3122 1122 3163 esse
1136 3105 1218 3174 Petri,
1234 3107 1283 3161 sed
1298 3106 1407 3174 Christi,
1423 3123 1478 3164 non
1492 3124 1509 3165 a
1524 3110 1604 3166 Petro
1618 3112 1724 3182 petrini,
1741 3114 1790 3170 sed

141 3199 241 3272 ptismo
254 3199 414 3270 baptizatus.
432 3199 471 3270 (l)
488 3199 536 3255 llic
551 3199 621 3256 bene
650 3199 714 3256 dicit
741 3199 837 3272 quales
857 3217 942 3273 supra
992 3195 1130 3252 aChristo
1145 3195 1300 3263 Christiani,
1317 3212 1351 3252 ne
1367 3203 1440 3252 esset
1456 3213 1519 3269 spes
1529 3197 1557 3253 in
1567 3199 1686 3258 homiue.
1703 3203 1791 3260 llale·

144 3287 271 3357 laudavit,
289 3287 336 3360 qui
350 3289 417 3344 tales
432 3296 504 3355 sunt,
521 3287 618 3343 ostium
635 3288 734 3345 habeut
748 3305 798 3360 per
812 3290 885 3361 quod
901 3290 942 3345 ln-

144 3377 268 3433 trandum
283 3385 333 3448 est,
351 3377 424 3449 quod
439 3385 481 3433 est
495 3377 629 3446 Christus,
659 3394 709 3450 per
731 3395 811 3450 quem
834 3394 940 3451 coguo-

147 3465 230 3524 soitur
243 3468 329 3522 Pater.
350 3467 438 3523 Nemo
459 3466 532 3522 enim
552 3468 626 3524 novit
649 3466 746 3524 Filium
769 3467 821 3523 nisi
851 3469 939 3537 Pater,

145 3571 234 3628 neqrre
249 3557 355 3612 Patrem
374 3555 426 3611 nisi
449 3555 542 3626 Filius,
564 3564 590 3612 ει
613 3557 657 3613 εει
682 3557 739 3613 vult
762 3557 844 3613 Filius
863 3573 942 3614 rere-

992 3284 1081 3342 dictus
1118 3285 1190 3342 enlm
1228 3283 1273 3357 qui
1309 3301 1385 3357 spem
1419 3301 1497 3342 suam
1533 3288 1609 3360 ponit
1643 3289 1670 3345 in
1698 3291 1790 3348 horni-

992 3389 1026 3430 ne
1043 3375 1113 3446 (lor.
1133 3378 1216 3447 xvir).
1235 3374 1273 3445 (l)
1288 3374 1323 3429 Et
1338 3391 1372 3430 ne
1396 3383 1489 3432 essent
1511 3383 1551 3432 ιοι
1576 3377 1703 3449 baptismi
1726 3389 1792 3455 quot

992 3463 1076 3534 servi,
1098 3463 1257 3536 mysterium
1272 3463 1382 3536 quidem
1408 3464 1562 3536 baptizandi
1576 3466 1651 3524 dedit
1666 3471 1791 3528 Christus

993 3551 1080 3607 servis
1095 3553 1163 3620 suis,
1179 3560 1343 3624 potestatem
1356 3568 1422 3609 vero
1449 3553 1500 3609 sibi
1523 3555 1640 3613 retiuuit.
1665 3558 1753 3628 Quam
1768 3561 1791 3618 si

145 3644 212 3701 lare.
230 3644 304 3702 SIout
319 3661 384 3718 ergo
398 3645 458 3717 ipse
472 3662 522 3718 per
546 3662 576 3702 se
603 3645 678 3702 novit
696 3646 813 3712 Patrem,
830 3661 880 3702 nos
894 3663 942 3702 au·
992 3640 1074 3697 vellet
1088 3649 1193 3712 poterat
1207 3641 1282 3708 dare,
1299 3649 1328 3697 ut
1342 3657 1436 3698 servus
1449 3643 1523 3699 daret
1538 3644 1791 3716 baptismumsuum

146 3742 201 3792 tem
214 3750 264 3806 per
278 3735 354 3789 illum
370 3753 378 3802 3
395 3733 434 3790 sic
448 3733 530 3789 intrat
544 3734 571 3788 iu
586 3733 656 3790 ovile
672 3750 720 3806 per
733 3751 773 3802 se,
789 3743 815 3790 et
829 3751 879 3791 uos
894 3752 943 3808 per
993 3737 1122 3803 tauquam
1137 3729 1196 3786 rice
1212 3746 1259 3785 sua
1275 3748 1283 3798 ;
1298 3738 1325 3786 ει
1340 3739 1500 3803 potestatem
1515 3748 1592 3789 suam
1607 3742 1712 3805 poterat
1726 3753 1792 3794 con·

145 3823 236 3895 ipsum
251 3822 360 3880 ostium.
388 3822 513 3879 Christus
537 3823 609 3880 euim
633 3839 663 3878 se
678 3823 816 3895 praedicat,
842 3831 868 3880 et
891 3841 942 3881 nos
993 3819 1103 3875 stituere
1120 3819 1147 3874 in
1162 3819 1253 3892 aliquo
1269 3835 1359 3890 servo,
1384 3827 1414 3875 ut
1437 3828 1510 3876 tante
1534 3821 1576 3878 vis
1599 3830 1672 3879 esset
1694 3825 1722 3880 in
1742 3826 1790 3882 ba-

146 3911 281 3970 Christum
297 3912 488 3985 praedicamus,
505 3920 532 3968 ει
559 3912 621 3968 ideo
649 3911 708 3984 ipse
732 3928 781 3984 per
809 3912 939 3984 seipsum,
992 3909 1092 3980 ptismo
1109 3908 1189 3976 servi,
1206 3916 1334 3981 quantam
1346 3909 1399 3963 viru
1409 3909 1495 3965 habet·
1502 3909 1653 3982 baptismus
1667 3928 1683 3968 a
1697 3914 1792 3972 Domi·

146 4010 171 4058 ει
186 4017 236 4059 nos
251 4019 301 4075 per
316 4003 404 4074 ipsum
433 4001 575 4058 intramus.
605 4001 729 4057 Christus
757 4016 824 4075 ergo
843 4001 941 4058 ostium
992 4013 1028 4053 no
1042 3997 1133 4053 datus.
1151 3996 1206 4052 Sed
1222 3998 1274 4053 boo
1289 3997 1384 4065 noluit,
1410 3997 1485 4055 ideo.
1504 4000 1538 4056 Ut
1561 3999 1589 4054 in
1612 3999 1721 4059 homIne
1735 4020 1791 4060 uon

147 4099 188 4147 est
203 4099 228 4148 et
242 4099 337 4164 pastor
364 4091 490 4147 intrando
513 4107 563 4163 per
586 4107 624 4158 se,
648 4099 674 4146 ει
693 4091 766 4164 quod
784 4099 878 4163 pastor
900 4098 943 4147 est
992 4093 1067 4142 esset
1082 4102 1147 4158 spes
1170 4085 1376 4158 baptizatomm.
1402 4087 1496 4143 Noluit
1519 4089 1591 4145 enim
1615 4107 1724 4148 servum
1737 4109 1790 4166 po·

146 4180 221 4236 dedit
235 4180 316 4236 etiam
332 4179 398 4248 suis,
414 4180 479 4252 quia
504 4187 530 4236 et
557 4178 654 4235 Petrus
681 4187 786 4250 pastor,
803 4187 829 4236 et
844 4179 943 4235 Paulus
993 4191 1059 4231 nere
1074 4191 1149 4247 spem
1165 4175 1192 4230 in
1208 4191 1299 4232 servo.
1325 4175 1444 4247 Baptizat
1469 4177 1542 4234 enim
1566 4197 1662 4237 servus
1685 4191 1714 4238 ut
1736 4183 1790 4240 mi-

145 4279 249 4342 past0r‚
266 4277 292 4326 ει
307 4269 352 4326 alii
367 4276 430 4325 sunt
445 4277 582 4340 pastores.
599 4266 703 4324 Ostium
719 4284 785 4324 vero
800 4284 881 4325 nemo
896 4285 944 4325 no·
993 4263 1088 4330 nister,
1105 4263 1223 4335 baptizat
1247 4272 1338 4321 aulem
1364 4266 1495 4323 Dominus
1517 4275 1646 4342 tanquam
1667 4279 1790 4342 potesta-

146 4366 231 4414 strnm
246 4376 275 4414 se
290 4357 365 4415 dicit.
383 4359 440 4415 Hoc
456 4357 528 4415 enirn
544 4356 596 4412 sibi
610 4356 720 4428 proprie
733 4357 827 4414 tenuit.
844 4352 978 4415 NullusD
994 4360 1049 4410 tem
1067 4353 1182 4409 habeus.
1199 4355 1234 4409 Et
1247 4355 1334 4426 potuit
1353 4357 1421 4412 banc
1441 4365 1601 4428 potestatem
1618 4375 1697 4416 servo
1712 4361 1789 4431 dare,

145 4463 213 4522 ergo
227 4448 328 4504 ostium
343 4453 384 4503 est
410 4446 462 4502 nisi
486 4445 620 4513 Christus,
652 4451 679 4501 et
708 4445 732 4500 si
747 4454 873 4518 pastores
889 4447 943 4502 sint
994 4449 1024 4498 ut
1038 4443 1141 4500 dictum
1158 4449 1210 4511 est,
1236 4445 1286 4500 sed
1300 4444 1394 4500 noluit.
1420 4444 1448 4500 Si
1471 4447 1544 4501 enim
1559 4447 1637 4505 daret
1656 4449 1792 4523 hanepo-

145 4535 200 4592 alii.
217 4537 280 4606 Sed,
298 4536 360 4611 qula
375 4552 441 4592 oves
470 4533 679 4607 indisprIInatae
693 4525 836 4607 coeperunt
850 4535 943 4593 lacere
995 4539 1121 4589 testatem
1138 4532 1235 4600 servis,
1253 4532 1281 4589 id
1296 4541 1337 4589 est
1359 4541 1388 4588 ut
1408 4533 1529 4604 ipsorum
1553 4545 1626 4592 esset
1641 4539 1715 4610 quod
1735 4540 1792 4597 lio-

146 4625 302 4695 schismata,
317 4633 343 4682 et
358 4625 410 4681 alia
437 4625 504 4682 ostia
534 4623 586 4680 sibi
608 4639 712 4695 ponere
732 4623 830 4696 quibus
853 4625 943 4683 iutra·
993 4621 1059 4677 mini
1074 4629 1140 4690 erat,
1156 4630 1195 4678 tot
1209 4630 1302 4678 essent
1326 4621 1454 4693 baptismi
1478 4632 1543 4697 quot
1557 4634 1649 4682 essent
1663 4627 1746 4700 servi,
1763 4638 1791 4686 ut

143 4721 212 4783 rent,
229 4729 283 4770 nou
297 4721 326 4768 ut
340 4721 581 4788 congregarentur,
607 4712 656 4768 sed
671 4720 700 4768 ut
714 4721 834 4771 errarent
859 4722 886 4771 et
901 4715 943 4771 di·
994 4711 1131 4784 quomodo
1147 4711 1234 4768 dictus
1249 4717 1290 4768 est
1304 4711 1456 4782 baptismus
1470 4713 1593 4783 Ioannis,
1619 4715 1658 4773 sio
1682 4717 1790 4776 dicere-

144 4801 312 4872 viderentur,
328 4802 451 4860 dicentes
468 4821 475 4870 ;
491 4803 552 4877 Ego
567 4819 626 4858 sum
644 4802 728 4871 Pauli,
745 4810 811 4873 eta,
827 4804 942 4860 subdit:
994 4808 1036 4856 tur
1050 4799 1121 4856 Petri
1136 4799 1298 4871 baptismus,
1315 4800 1467 4873 baptismus
1482 4802 1567 4872 Pauli,
1583 4812 1610 4860 et
1623 4805 1789 4876 hujusmodi.

180 4889 631 4950 68V8n5.13.-Diui.scscst
648 4889 944 4968 terminatumque
994 4889 1041 4945 Ille
1058 4888 1131 4945 cuim
1146 4888 1306 4960 baptismus,
1335 4888 1449 4946 loannis
1473 4890 1561 4949 dictus
1583 4901 1634 4951 est.
1652 4895 1706 4952 Sed
1721 4896 1791 4955 torte

145 4980 841 5055 Pectuscracifixuscstprovobistouticoomiac
858 4983 944 5040 Pauli
994 4977 1093 5050 aliquis
1116 4977 1210 5034 dicet:
1231 4978 1320 5034 Proba
1346 4979 1426 5035 nobis
1456 4981 1528 5053 quod
1562 4981 1608 5038 ille
1637 4983 1789 5056 baptismus

145 5069 282 5141 baptisati
297 5070 387 5127 estis?
993 5066 1106 5124 loannis
1120 5066 1209 5123 dictus
1224 5074 1277 5123 εει.
1296 5068 1432 5138 Probabo,
1459 5069 1519 5140 ipsa
1534 5070 1652 5129 veritate
1672 5071 1788 5142 dicente,

180 5158 669 5230 mmmestttrbtosrouasidiout
683 5160 941 5235 :Discitoquantum
993 5155 1790 5231 quaudointerrogavitludaeos:baptismustooucisendc

143 5247 249 5316 erretIs,
266 5255 292 5304 et
306 5254 435 5320 quantum
459 5248 493 5305 de
507 5249 566 5306 Deo
596 5250 776 5322 presumatis,
803 5257 830 5307 et
853 5265 941 5324 quau-
992 5245 1055 5301 esti
1069 5244 1193 5316 (batth,
1208 5244 1283 5317 m)
1299 5246 1409 5318 Ergone
1423 5253 1463 5302 tot
1486 5246 1615 5320 baptismi
1633 5249 1790 5308 diceremur

179 5425 218 5492 (Ξ)
236 5427 563 5493 Αεεεειιειιε,εεεετιεεε.
1028 5423 1066 5492 (t)
1083 5425 1360 5491 ld.,supertoaunen.

178 5494 216 5561 (3)
235 5495 282 5562 ld.,
294 5509 324 5549 ex
336 5499 410 5549 tract.
424 5495 559 5562 Evangelii.
