3870 6064
98 151 107 160 ’
176 201 228 258 32³
907 190 1009 248 rarat
1022 188 1204 246 conexam
1779 200 1832 254 ³2⁴

108 361 112 368 .
177 320 234 376 luni
255 317 346 374 stolidi
358 325 386 373 et
397 315 479 390 pigri.
495 316 530 372 Et
543 323 594 383 εει,
618 314 702 372 nolite
720 314 781 370 fieri
802 313 871 372 sicut
892 331 979 386 equus
993 313 1093 386 Agant
1108 311 1179 368 mam
1194 329 1255 384 que
1269 313 1342 371 ducit
1360 315 1396 370 ad
1415 322 1542 372 mortem.
1558 315 1607 372 Vel
1622 317 1656 372 de
1670 316 1759 375 tuturo
1780 335 1834 390 po-

98 435 106 443 -
176 416 203 464 et
216 405 317 472 mulus,
330 405 359 460 id
373 412 415 460 est
429 403 541 475 superbi
555 411 583 459 et
597 403 697 470 stolidi,
719 403 784 475 quia
804 402 903 458 talibus
925 418 980 458 non
1032 409 1085 457 test
1105 400 1159 456 hoc
1179 401 1265 473 accipi
1287 403 1330 460 sic
1344 421 1350 459 :
1366 403 1418 460 Hic
1440 404 1624 478 constringes,
1640 411 1666 461 et
1680 405 1708 460 in
1730 405 1832 464 futuro.

175 502 217 551 εει
239 493 403 550 intellectus.
429 491 528 565 [Hier.]
546 491 597 548 Vel
619 507 671 563 per
694 507 794 563 equum
814 499 841 547 et
863 490 977 560 mulum,
1031 488 1115 561 [Hier.
1131 501 1159 550 et
1174 490 1293 563 alcuin]
1317 491 1408 557 Hulta,
1431 500 1520 562 erunt,
1536 491 1646 566 llagells
1669 495 1832 564 peccatoris.

176 582 231 638 duo
256 581 350 654 populi
377 580 575 653 intelliguntur.
606 579 656 635 Per
683 595 786 651 equum
817 578 980 652 intelligitur
1030 579 1079 634 Vel
1103 580 1137 636 de
1159 579 1287 653 praesenti
1309 579 1390 635 simul
1413 588 1439 636 et
1460 580 1495 636 de
1518 579 1608 636 futuro
1623 587 1711 652 potest
1725 582 1829 653 accipi,

175 669 285 744 gentilis
309 667 471 736 indomitus3
497 683 548 738 per
573 666 676 723 mulum
698 667 808 722 tudens
836 663 916 740 piger
944 666 978 721 ad
1030 665 1068 722 sic
1084 685 1091 721 z
1107 669 1197 725 Nolite
1217 668 1277 725 lieri
1298 667 1368 724 sicut
1389 683 1477 740 equus
1496 677 1522 724 et
1543 669 1644 734 mulus,
1660 669 1733 741 quia,
1748 670 1832 726 multa

174 756 351 815 credendum.
366 757 402 812 lit
416 763 467 826 est,
483 755 567 811 nolite
580 753 641 810 fieri
655 755 726 812 sicut
740 771 826 827 equus
836 763 863 811 et
877 754 976 824 mulus,
1029 763 1092 810 sunt
1111 755 1217 829 flagella
1235 755 1396 827 peccatoris,
1410 756 1455 812 hic
1476 764 1503 812 et
1522 757 1549 810 in
1569 755 1675 824 luturo;
1697 762 1831 830 sperante

112 837 114 850 ’
173 846 202 902 id
217 853 259 902 est
273 844 358 901 nolite
373 841 432 900 fieri
447 843 517 900 sicut
531 843 658 917 gentiles,
670 843 713 898 vel
728 842 796 899 sicut
810 842 907 910 ludaei,
919 845 978 915 qui-
1028 848 1125 900 autem
1139 847 1171 901 iu
1184 845 1311 911 murino,
1328 843 1382 916 [Gl.
1408 843 1469 916 int]
1493 844 1539 915 qui
1563 845 1655 900 omnia
1679 844 1762 918 grau's
1785 845 1831 902 dat

175 935 225 990 bus
239 949 298 990 uon
312 936 355 989 est
370 932 546 988 intellectus.
562 930 634 1000 Quid
648 931 721 986 enim
736 931 804 986 tales
820 931 978 1002 patiuntur?
1028 931 1216 989 circumdabit
1228 932 1357 1003 undique,
1375 931 1522 1004 [Cassiod]
1544 947 1579 988 ne
1603 933 1637 986 sit
1658 931 1735 988 locus
1758 933 1831 988 hosti

173 1023 257 1088 Eece,
273 1021 405 1088 insarno,
420 1026 473 1076 etc.
490 1019 539 1075 Vel
552 1019 600 1086 ita,
616 1019 699 1075 nolite
714 1018 772 1075 deri
786 1019 855 1075 sicut
879 1035 975 1091 equus.
1027 1020 1240 1086 misericordie,
1265 1018 1359 1093 [Aug]
1382 1035 1442 1090 quae
1466 1025 1508 1074 εει
1532 1018 1560 1074 in
1585 1019 1830 1076 consolationibus.

174 1110 268 1182 Equus
292 1109 351 1164 sine
373 1107 538 1164 discretione
562 1122 718 1176 sessorem,
740 1107 829 1163 mulus
850 1106 977 1179 quaelibet
1027 1107 1081 1162 Lex
1105 1123 1170 1164 tero
1193 1107 1220 1162 in
1244 1107 1370 1180 flagellis,
1396 1104 1576 1180 Evangelium
1589 1106 1617 1162 in
1631 1107 1829 1164 consolatione.

173 1213 257 1254 onera
272 1195 379 1268 sucipit.
395 1193 542 1268 [Cassiod]
552 1195 587 1251 lit
601 1196 638 1250 ita
653 1195 743 1251 neutri
757 1202 799 1252 est
811 1193 975 1264 intellectus,
1026 1194 1061 1250 Et
1075 1195 1139 1267 quia
1153 1194 1344 1252 misericordia
1357 1193 1517 1262 circumdet,
1529 1210 1597 1268 ergo
1612 1210 1662 1250 vos
1675 1195 1740 1251 olim
1754 1195 1831 1266 impii

173 1283 218 1341 rel
231 1283 271 1339 illi
285 1298 435 1354 sessorum,
450 1283 494 1339 vel
508 1283 573 1339 buic
587 1299 712 1339 onerum.
1027 1289 1054 1337 ει
1067 1282 1187 1354 superbi.

207 1389 336 1446 Prohibet
350 1403 417 1462 ergo
432 1388 557 1444 homines
572 1387 712 1445 adiabolo
736 1388 848 1444 insideri
863 1396 889 1444 et
904 1388 975 1445 vitiis
1060 1387 1147 1445 Vnus.
1166 1389 1209 1443 ll.
1226 1418 1261 1430 -
1277 1411 1288 1436 a
1307 1385 1448 1443 Laetamini
1462 1386 1490 1442 in
1504 1386 1622 1443 Domino
1635 1394 1662 1444 et
1684 1387 1829 1458 exsultate,

171 1477 289 1545 onerari,
305 1476 426 1548 alioquin
450 1491 537 1548 equus
560 1475 646 1546 freno,
663 1476 753 1532 mulus
776 1492 854 1532 carno
877 1491 974 1533 arcea-
1028 1495 1038 1526 ε
1057 1475 1135 1546 iusti,
1152 1484 1178 1531 et
1191 1474 1358 1548 gloriamini,
1376 1491 1472 1531 omnes
1486 1475 1552 1532 recti
1567 1475 1659 1532 corde.
1678 1496 1688 1527 ι

172 1573 225 1622 tur.
238 1565 273 1621 Et
287 1570 338 1630 est,
355 1565 444 1621 nolite
458 1564 522 1633 fieri
536 1565 611 1620 sicut
625 1580 711 1637 equus
726 1568 754 1621 et
769 1566 874 1630 mulus,
890 1564 918 1620 id
933 1571 975 1621 εει
1060 1563 1210 1619 letamini
1222 1565 1253 1619 in
1262 1565 1391 1630 Domino,
1407 1561 1463 1634 [Gi.
1478 1560 1540 1634 int]
1555 1563 1601 1634 qui
1615 1562 1691 1634 prius
1706 1562 1734 1618 in
1747 1563 1830 1620 vobis

171 1652 257 1710 nolite
280 1650 418 1708 diabolum
441 1666 578 1707 sessorem
601 1651 735 1723 recipere,
751 1652 795 1708 vei
809 1667 879 1708 onus
892 1651 974 1710 vitio·
988 1650 1202 1718 Blaetabamini,
1217 1655 1248 1706 et
1260 1653 1404 1708 exsultate
1419 1653 1451 1706 ιιι
1464 1652 1593 1718 Domine,
1609 1651 1673 1723 quia
1684 1652 1741 1721 jam
1749 1654 1829 1724 justi

170 1755 230 1796 rurn
253 1739 357 1808 subire,
372 1739 436 1811 quia
457 1738 554 1795 talibus
575 1753 630 1794 non
653 1747 695 1796 est
718 1739 881 1808 intellectus,
904 1739 973 1796 sicut
1023 1739 1099 1805 estis,
1116 1754 1172 1793 non
1185 1738 1290 1794 meritis
1303 1739 1413 1810 vestris,
1438 1738 1486 1793 sed
1506 1739 1597 1812 gratia
1613 1738 1659 1812 qui
1673 1739 1748 1810 prius
1763 1755 1828 1795 era-

172 1843 243 1900 equo
254 1835 281 1883 et
290 1825 374 1882 mulo.
391 1827 470 1882 Unde
488 1826 587 1894 subdit,
608 1827 706 1900 quibus
721 1843 780 1884 mou
796 1833 841 1885 εει
856 1830 972 1885 intelle·
1022 1825 1056 1881 tis
1070 1833 1240 1898 peccatores.
1258 1826 1412 1900 Distingue.
1427 1825 1526 1882 Laetari
1546 1834 1588 1882 est
1608 1825 1690 1884 tacite
1705 1826 1828 1882 suavita-

171 1919 254 1972 etus:
268 1912 362 1987 [ang]
375 1914 449 1986 quod
464 1913 487 1969 si
503 1913 589 1970 noluit
602 1915 786 1988 acquiescere,
802 1932 819 1973 o
834 1918 918 1988 Deus,
929 1916 973 1974 iac
1022 1921 1048 1969 te
1069 1914 1203 1987 gaudere;
1226 1913 1372 1984 exsultare,
1397 1921 1439 1969 est
1462 1913 1589 1970 concitati
1611 1913 1694 1969 animi
1717 1914 1829 1972 fervore

169 2002 210 2059 eis
224 2002 297 2075 quad
311 2001 378 2058 mihi
390 2000 488 2070 iecisti,
504 2002 570 2058 dicit
584 2003 732 2074 poenitens,
748 2003 863 2072 scilicet,
1021 2001 1154 2073 gaudere,
1169 2005 1199 2058 ει
1211 2003 1377 2074 gloriemini
1398 2001 1471 2073 quod
1486 2001 1552 2056 estis
1566 2001 1592 2056 ei
1606 2001 1717 2069 subditi,
1732 2010 1760 2057 et
1774 2003 1827 2058 hoc

205 2108 291 2164 pm·
308 2111 352 2166 qq,
368 2137 404 2151 -
419 2130 431 2156 ,
449 2107 479 2162 1„
494 2122 574 2164 mmo
588 2115 615 2164 eq
629 2107 706 2164 freno
729 2109 854 2165 mum„
877 2125 972 2167 eorum
1021 2089 1101 2146 tacite
1123 2089 1206 2144 etiarn
1227 2089 1255 2144 in
1276 2088 1504 2156 tribulationibus,
1527 2087 1621 2161 [Aug]
1644 2105 1741 2146 omnes
1763 2105 1825 2158 vos,

172 2194 371 2267 ‘maringe’
388 2194 435 2268 qui
447 2211 504 2252 non
517 2194 705 2267 gppmjmfflg
718 2196 754 2252 ad
768 2205 805 2254 ge·
829 2221 841 2247 ,
1021 2175 1068 2247 qui
1091 2176 1157 2233 estis
1180 2178 1253 2233 recti
1277 2175 1368 2242 corde,
1383 2175 1411 2230 id
1432 2183 1473 2231 est
1497 2191 1551 2231 non
1573 2175 1732 2232 resistentes
1754 2178 1824 2233 Deo.

205 2283 239 2341 p„
252 2299 332 2340 ,amo
347 2286 375 2339 οἱ
389 2285 482 2355 ΜΟ,
493 2282 522 2339 jd
532 2291 574 2339 est
582 2283 611 2339 in
620 2284 719 2355 majori
733 2291 760 2341 ει
773 2285 873 2342 minori
886 2286 971 2342 tribu,
1022 2262 1103 2320 Pravi
1117 2264 1201 2321 corde
1214 2271 1276 2320 sunt
1290 2265 1337 2336 qui
1351 2263 1444 2320 dieum
1464 2263 1553 2320 Deum
1567 2262 1611 2320 vel
1624 2279 1678 2320 non
1693 2280 1765 2332 esse,
1780 2265 1827 2322 vel

169 2371 271 2428 mione
284 2371 457 2443 comm-7290,
473 2369 517 2427 ve1
531 2369 685 2445 omn-inge,
701 2371 832 2445 [Aleum]
848 2373 891 2430 γε]
905 2389 971 2430 con,
1021 2367 1076 2407 non
1088 2351 1191 2422 justum
1212 2368 1283 2419 esse,
1301 2352 1343 2408 vel
1358 2367 1412 2407 non
1427 2367 1523 2450 regere
1547 2352 1616 2422 haec,
1632 2367 1694 2408 cum
1716 2352 1828 2408 videant

170 2457 286 2533 spingos,
301 2457 330 2513 jd
350 2464 392 2514 εει
406 2458 523 2514 made
537 2467 687 2516 Momm
708 2462 846 2518 mam-pm
861 2478 969 2530 emm,
1021 2437 1108 2495 malos
1133 2439 1234 2496 llorere
1249 2446 1276 2495 et
1288 2439 1376 2495 bonos
1399 2445 1465 2510 patr.
1489 2439 1567 2520 Ιιεειίι
1589 2440 1672 2495 corde
1696 2448 1759 2496 sunt
1779 2441 1829 2512 qui

145 2546 198 2602 qd
213 2545 422 2616 egil-aemam
445 2546 480 2602 de
502 2545 605 2603 viribus
627 2547 684 2603 suis
698 2556 725 2604 ει
738 2548 852 2605 meritis·
877 2549 971 2625 [Aug]
1020 2526 1143 2600 dirigunt
1166 2543 1214 2584 eor
1237 2525 1568 2627 secundumtvoluntatern
1587 2527 1744 2627 Dei,·quam
1769 2545 1829 2586 sum

170 2634 199 2690 sp
214 2634 287 2693 enim
305 2649 360 2689 „on
384 2634 472 2690 habe,
494 2627 632 2700 Christum
652 2651 799 2704 sessorem,
814 2652 846 2693 03
860 2653 915 2711 quo
926 2639 971 2708 j„
1020 2622 1193 2686 praeponunt,
1225 2622 1255 2671 ut
1281 2622 1308 2671 et
1335 2615 1457 2672 Christus
1489 2615 1594 2685 docuit,
1628 2615 1732 2682 dicens,
1762 2615 1825 2673 Nem

169 2729 227 2778 ctas
248 2721 356 2792 merita,
372 2730 400 2777 ει
414 2729 489 2779 taces
510 2731 632 2794 peccata,
649 2723 844 2797 confringetur.
861 2725 890 2780 Si
904 2741 971 2798 ergo
1020 2702 1826 2776 '5⁰²⁸‘0902'0102⁸0d20²⁰·(fl¹“²2k·¹¹l¹)2transm·
1926 2767 1929 2774 .

168 2825 224 2866 non
237 2809 280 2868 tis
293 2809 428 2884 coninngi
442 2825 474 2866 os
489 2818 575 2879 tuum,
591 2810 647 2867 noli
667 2827 730 2867 esse
750 2810 819 2869 sicut
843 2829 930 2884 equus
944 2821 972 2869 et
1021 2805 1086 2846 ΓΜ
1108 2790 1136 2844 in
1157 2806 1187 2846 ⁵⁶
1208 2806 1283 2858 ⁵⁰⁰³,
1300 2798 1329 2845 ¹¹¹
1341 2797 1369 2846 ⁰²
1382 2789 1419 2845 ibi
1436 2807 1444 2846 ²
1460 2791 1553 2857 ΜΨ
1578 2791 1672 2860 ⁸⁰⁰⁹*
1688 2791 1755 2876 ,ΨΜ
1775 2809 1823 2849 ”¹⁶

169 2897 275 2967 mnus,
304 2897 353 2954 sed
381 2897 450 2955 sicut
477 2897 528 2954 hos
555 2897 602 2970 qui
630 2899 759 2972 cognovit
781 2916 971 2971 possessorem
1019 2879 1215 2952 llimlwii?
1230 2879 1314 2952 (mo
1330 2877 1384 2950 ¹¹·)

171 3001 250 3042 suum
278 2987 344 3058 (lau.
375 2986 406 3058 t).
434 2985 499 3057 Vel,
528 2985 556 3041 in
583 3001 662 3043 carno
690 2995 717 3043 et
742 2987 820 3044 lreno
846 2988 1011 3066 maxillasc

169 3089 276 3143 eorum,
301 3073 399 3146 quibus
421 3073 561 3129 mandunt.
587 3074 746 3149 Confringe,
772 3075 920 3150 [Cassiod]
942 3077 971 3134 id

169 3169 212 3218 est
232 3161 341 3234 parcius
354 3161 390 3217 da
403 3161 539 3234 victualia,
555 3170 584 3219 ut
598 3162 695 3220 saltem
716 3165 880 3221 necessitate
903 3180 971 3222 coa-

169 3249 205 3306 cti
220 3250 334 3306 redeant
348 3249 416 3306 sicut
430 3249 557 3305 animalis
570 3251 660 3308 donec
673 3251 746 3308 viam
760 3259 880 3324 teneant,
893 3247 972 3310 irena

167 3337 306 3409 patiuntur
318 3344 345 3392 et
357 3336 476 3411 llagella.
500 3337 623 3393 blaxillas
642 3355 747 3407 eorum,
765 3340 836 3408 dico,
851 3342 899 3413 qui
912 3357 971 3399 com

168 3424 410 3497 apprcetmbmt
423 3424 460 3480 ed
474 3428 501 3481 ιε
515 3424 683 3481 humiliando
696 3442 736 3494 se,
752 3426 815 3500 quie
829 3435 892 3484 sunt
907 3428 970 3500 qui-

167 3511 231 3567 dam
254 3511 300 3584 qui
323 3510 346 3566 si
370 3519 486 3583 peccant
507 3513 601 3568 carnis
622 3513 815 3582 imbecillitate,
839 3507 971 3573 tamena

167 3599 221 3672 piis
233 3599 363 3672 precibus
376 3615 431 3655 non
445 3600 588 3657 recedunt.

204 3705 320 3762 Possunt
342 3704 423 3761 etiarn
445 3706 504 3764 haec
527 3721 589 3762 esse
612 3707 699 3764 verba
722 3708 844 3765 Christi:
864 3711 968 3781 Nolite,

167 3801 233 3866 etc,
248 3793 295 3866 qui
308 3809 393 3867 supra
406 3793 547 3866 poenitenti
562 3795 704 3868 respondit
717 3797 812 3854 dicens
828 3817 835 3854 z
850 3799 968 3858 Intelle-

167 3886 255 3950 ctum,
272 3889 337 3950 etc.,
354 3889 381 3938 et
393 3881 446 3939 hoo
459 3882 494 3937 ad
507 3882 576 3939 alios
598 3883 726 3956 loquitur,
741 3900 855 3942 monens
869 3903 919 3943 eos
932 3887 969 3943 ad

166 3969 250 4037 idem
265 3969 371 4038 dicens,
387 3970 489 4038 Nolite,
505 3979 558 4028 etc.
580 3971 679 4028 Postea
692 3974 777 4030 verba
800 3957 835 4031 ad
859 3975 968 4031 Patrem

167 4056 316 4144 convertit,
338 4057 401 4114 dum
426 4059 474 4127 sit,
496 4061 667 4133 constringe,
690 4069 743 4119 etc.
767 4063 826 4120 Neo
849 4071 969 4121 mutatur

167 4145 314 4201 verborum
328 4147 472 4202 sententia.

202 4249 289 4306 Vsus.
306 4253 350 4306 ts.
366 4280 401 4292 -
417 4273 428 4299 a
446 4250 531 4307 ldults
544 4251 653 4326 tlsgella
671 4256 835 4325 peccatoris,
850 4271 968 4329 speren-

168 4344 257 4393 stem
284 4345 376 4396 sutem
403 4337 432 4394 in
458 4339 576 4396 Domino
602 4341 789 4399 misericordia
816 4344 1007 4409 circumda-D

170 4425 288 4482 ·bit.

202 4540 291 4597 liutto
305 4540 385 4596 etiam
398 4555 460 4598 curn
480 4541 557 4599 freno
579 4554 641 4601 sunt
663 4547 779 4620 stagello
799 4549 964 4621 peccatoris.

167 4627 261 4702 llum,
277 4628 396 4702 alcum]
409 4631 482 4687 Hace
497 4639 558 4703 post
571 4631 677 4689 frenum
700 4634 836 4692 adduntur
857 4636 968 4709 flagella

166 4715 203 4771 ad
217 4716 392 4784 domandum,
407 4734 443 4774 ne
457 4718 492 4774 sit
504 4719 538 4776 de
553 4719 607 4776 illis
621 4722 760 4793 impunitis
772 4724 871 4796 quibus
883 4725 967 4781 modo

165 4803 245 4859 datur
257 4819 330 4876 vaga
349 4803 457 4861 licemia
473 4801 535 4863 'suae
549 4807 620 4865 vim:
635 4809 676 4866 sic
688 4811 739 4868 iste
760 4827 841 4884 supra
856 4827 886 4869 se
900 4813 968 4869 dixit

166 4891 307 4958 domitum,
324 4891 372 4947 ubi
394 4893 431 4948 sit
446 4911 453 4950 :
471 4895 593 4952 Gruvutu
610 4903 653 4954 εει
672 4915 768 4971 super,
793 4909 845 4958 etc.
870 4900 965 4974 [llug.,

165 4979 254 5054 Hier]
268 4980 330 5036 Non
344 4987 385 5036 est
400 4997 467 5057 ergo
481 4983 581 5039 mirum
595 4985 618 5040 si
631 4986 752 5044 adhibito
763 4987 842 5045 freno
853 5005 968 5062 sequun-

163 5076 207 5124 tur
229 5067 349 5140 llagella.
373 5069 536 5126 Indomitum
561 5071 634 5128 enim
648 5074 750 5137 ammai
766 5075 820 5133 iste
834 5092 896 5133 esse
916 5093 968 5133 cu-

165 5155 257 5228 piebat
273 5174 280 5212 :
297 5173 348 5213 nec
364 5157 414 5213 Dei
439 5158 586 5230 roltmtate‚
617 5161 666 5217 sed
692 5165 805 5236 proprio
835 5173 910 5221 motu
937 5181 968 5222 se

164 5257 264 5314 regere
293 5244 415 5315 volebat,
441 5254 468 5302 ει
491 5246 601 5305 effrenis
629 5249 656 5304 in
684 5251 818 5309 luxuriam
848 5253 966 5326 prolabi.

164 5330 284 5401 Ideoque
307 5330 434 5387 domatur
457 5333 534 5392 ireno
559 5345 585 5392 et
609 5337 733 5410 llagellm
757 5349 840 5414 atque
863 5342 967 5398 utinam

163 5417 354 5489 perdometur!
370 5420 522 5478 Videndum
546 5434 588 5481 est
611 5427 683 5482 enirn
705 5444 741 5484 ne
761 5431 876 5487 nimium
899 5447 967 5488 resr-

163 5505 271 5574 ttendo,
287 5505 434 5564 indomitus
456 5511 574 5584 relinqui
596 5523 735 5572 mercetur
753 5525 781 5574 et
801 5519 844 5577 ire
864 5518 894 5576 in
916 5535 967 5578 ta·

1040 3033 1174 3076 concurro
1193 3033 1224 3074 ru
1242 3033 1372 3075 resnuurt
1390 3032 1464 3074 xxxi
1480 3035 1487 3074 :
1506 3039 1517 3070 ε
1539 3033 1620 3074 snxrr
1639 3017 1765 3084 enormi.
1789 3041 1801 3070 ε

1056 3143 1141 3199 Vens.
1156 3145 1184 3200 2.
1199 3171 1234 3183 -
1249 3142 1303 3198 Nec
1317 3145 1361 3198 est
1373 3141 1405 3196 in
1421 3142 1526 3214 spim'tu
1541 3144 1601 3215 ejus
1620 3143 1710 3200 dolus.
1726 3143 1823 3199 Latina

1020 3212 1113 3281 editio,
1138 3212 1203 3268 etsi
1222 3211 1279 3267 iere
1302 3218 1430 3283 sequatur
1454 3210 1552 3268 Graeoa
1575 3213 1746 3295 εεεεειριειϊιΙ
1761 3230 1823 3285 quae

1020 3283 1161 3350 habemus,
1176 3297 1231 3337 non
1254 3290 1344 3337 tamen
1367 3288 1535 3347 constanter,
1552 3298 1614 3352 quia
1634 3283 1677 3339 luc
1692 3283 1820 3354 legimus,

1022 3351 1081 3413 otti
1094 3355 1163 3412 luctu
1177 3354 1204 3412 ἐν
1217 3377 1256 3489 rip
1270 3351 1386 3432 στόματι
1399 3355 1480 3412 αὐτοῦ
1494 3351 1578 3428 dolor,
1591 3352 1619 3408 id
1647 3361 1690 3408 est
1712 3370 1763 3410 uec
1778 3360 1826 3410 εει

1019 3432 1382 3560 resurretura
1406 3431 1822 3558 terrasticum

1019 3545 1094 3628 LXX'
1118 3573 1292 3644 Interpretes,
1309 3579 1336 3628 et
1351 3519 1511 3639 effoderis,
1528 3579 1553 3628 ει
1577 3542 1670 3644 quinta
1693 3518 1731 3626 etq
1743 3579 1822 3626 sexta

1019 3643 1118 3710 editio,
1136 3650 1163 3698 ει
1177 3642 1274 3715 Aquila
1289 3650 1315 3698 ει
1330 3643 1417 3714 ipsum
1439 3643 1544 3713 Hebr.,
1560 3643 1592 3698 lm
1615 3642 1720 3715 spiritu
1740 3643 1822 3713 ejus,

1018 3713 1129 3769 habent.
1147 3713 1215 3768 Sunt
1227 3721 1254 3794 et
1267 3712 1369 3794 aliquot
1382 3713 1436 3769 alia
1450 3713 1512 3769 loca
1526 3712 1554 3766 in
1569 3711 1674 3768 Grecis
1696 3727 1756 3782 quae
1774 3711 1822 3766 di-

1019 3792 1146 3910 ωιῗξιῗέ
1154 3784 1397 3934 {womarus
1411 3869 1475 3909 sum
1490 3855 1521 3910 ira
1532 3867 1662 3934 oerumuu
1671 3865 1745 3906 meo.
1756 3851 1823 3907 0m·
1862 3873 1867 3882 ·

1018 3939 1068 3980 nes
1087 3932 1251 3980 recentiores
1266 3924 1310 3979 luc
1324 3923 1482 3995 reanuunt
1504 3924 1648 3980 lectionem
1663 3919 1820 3993 vulgatam,

1019 3993 1099 4049 simul
1124 4001 1150 4049 et
1171 3994 1245 4050 Hier.
1272 3993 1351 4063 juxta
1372 3994 1456 4049 Hebr.
1483 3993 1548 4065 quia
1572 3999 1678 4048 renunt
1702 4006 1822 4048 succum

1018 4081 1114 4121 meum
1128 4065 1274 4121 bumorcm
1284 4064 1328 4120 vel
1338 4065 1468 4128 virorem,
1485 4076 1754 4134 prooerumuumeo,
1771 4071 1822 4118 sut

1018 4136 1144 4191 musmo.
1156 4133 1345 4190 Clarissimum
1354 4133 1452 4198 evadit,
1469 4133 1542 4205 quod
1556 4133 1644 4197 Hier„
1656 4137 1682 4186 et
1693 4131 1767 4186 LXX
1775 4147 1822 4188 ac·

1018 4213 1150 4276 ceperunt
1171 4205 1273 4270 lamed,
1297 4203 1413 4259 litteram
1437 4204 1565 4260 servilem
1588 4211 1618 4259 ut
1640 4209 1749 4267 vocant,
1771 4202 1822 4259 alii

1017 4299 1106 4348 antem
1121 4300 1151 4347 ut
1165 4297 1206 4346 est
1216 4291 1344 4347 radicalis
1356 4274 1433 4353 νεώ
1446 4305 1589 4358 nsssxnnt,
1600 4287 1663 4361 quis
1677 4272 1742 4348 'tttb
1756 4302 1822 4344 uts-

1018 4375 1081 4429 sxn,
1097 4368 1138 4418 εει
1151 4363 1261 4418 bumor.
1277 4361 1306 4417 Si
1319 4377 1386 4418 vero
1397 4361 1544 4418 deduxeris
1571 4377 1587 4416 a
1614 4361 1731 4416 themate
1752 4370 1821 4422 πω

1016 4445 1162 4496 scutulo,
1184 4432 1213 4488 id
1230 4439 1273 4487 est
1293 4433 1434 4498 clusuris,
1459 4429 1594 4505 significat
1615 4427 1770 4496 miseriam,
1792 4438 1823 4488 et

1015 4502 1106 4558 lamed
1127 4501 1179 4558 erit
1206 4509 1269 4556 nota
1293 4501 1376 4557 ablat.
1397 4509 1444 4556 aut
1457 4501 1614 4571 accusativi,
1629 4502 1661 4556 in
1676 4515 1817 4570 mmcd,

1016 4581 1062 4629 eut
1076 4573 1108 4627 ad
1123 4588 1283 4628 aerumnam
1296 4588 1399 4628 meum
1413 4573 1446 4626 Et
1456 4572 1520 4642 quie
1534 4572 1574 4628 sic
1589 4568 1726 4695 acceperit
1740 4569 1817 4626 Hier.

1016 4659 1072 4700 non
1087 4632 1274 4714 solum'liqnet
1288 4658 1321 4698 ex
1336 4641 1394 4711 ejus
1408 4641 1535 4697 versione
1555 4642 1631 4711 juxta
1678 4638 1748 4704 abr..
1766 4655 1819 4697 re-

1017 4730 1079 4769 rum
1093 4713 1174 4769 etiarn
1188 4713 1248 4783 ejus
1272 4712 1430 4769 tractatione
1444 4712 1480 4767 ad
1494 4711 1606 4767 Suniam
1619 4717 1646 4766 et
1660 4708 1816 4779 Fretellam,

1016 4785 1092 4854 cujus
1107 4782 1192 4839 verba
1206 4783 1320 4840 subtexo
1337 4799 1343 4838 :
1363 4803 1374 4834 ε
1393 4783 1546 4840 Conversus
1560 4799 1623 4839 sum
1638 4781 1670 4837 iu
1685 4795 1817 4838 crumas

1016 4871 1089 4920 meu,
1105 4853 1132 4908 in
1148 4853 1246 4910 Graeco
1259 4870 1332 4918 mco,
1348 4868 1403 4907 non
1418 4868 1480 4908 esse
1502 4851 1660 4926 suggeritis,
1685 4851 1818 4935 ιστρᾶφην

1017 4933 1052 4998 εἰς
1066 4929 1256 5012 ταλαιπωρίαν,
1270 4932 1296 4990 ἐν
1309 4933 1347 5014 τῷ
1362 4929 1511 5011 ἐμπαγῆναι
1526 4952 1572 5009 μοι
1586 4927 1709 5004 ἄκανθαν,
1723 4931 1752 4987 id
1772 4942 1818 4989 cst

1016 5026 1167 5068 conuersus
1184 5026 1248 5066 sum
1268 5013 1301 5066 in
1319 5027 1459 5077 mutuo,
1480 5011 1549 5066 dum
1571 5025 1624 5068 cort
1667 5012 1724 5066 'tur
1743 5009 1819 5066 mibi

1016 5083 1110 5154 spirtu,
1135 5080 1207 5152 quod
1221 5095 1255 5137 ex
1270 5080 1352 5137 Hebr.
1375 5089 1402 5136 et
1421 5079 1599 5136 translatione
1622 5081 1643 5136 Τ
1663 5079 1818 5136 eodotionia

1016 5168 1137 5224 additum
1151 5175 1192 5225 est
1204 5187 1212 5234 ;
1226 5174 1254 5224 ει
1267 5167 1295 5223 in
1315 5167 1424 5224 Hebr.l
1462 5167 1515 5223 itur
1535 5152 1612 5230 tw&
1640 5179 1782 5234 cessioni,
1803 5189 1815 5217 ι

1016 5239 1063 5294 ubi
1079 5239 1156 5294 rides
1170 5239 1245 5295 Hier.
1262 5253 1387 5294 asserere
1397 5239 1425 5294 ln
1461 5238 1519 5293 ebr.
1531 5238 1567 5293 od
1576 5255 1736 5295 erumnam
1749 5237 1817 5293 addi

1016 5325 1118 5390 mom,
1134 5325 1185 5380 pro
1205 5317 1247 5364 ter
1256 5310 1303 5364 iod
1317 5309 1345 5363 in
1359 5308 1412 5364 fine
1427 5307 1567 5378 particulae
1581 5309 1663 5363 illius.
1681 5307 1710 5364 Si
1724 5315 1818 5364 autem

947 5429 952 5442 ,
1016 5387 1166 5460 accepisset
1186 5325 1289 5447 Yamed,
1315 5387 1445 5451 tanquam
1467 5377 1599 5449 radicale,
1614 5392 1666 5434 nec
1678 5377 1816 5446 vertisset,

1015 5464 1079 5581 pnegn
1087 5449 1236 5508 mdxcssset
1250 5449 1327 5508 adid
1341 5446 1487 5524 significati
1501 5449 1564 5506 addi
1580 5447 1689 5505 affixum
1710 5461 1816 5520 prono-
