3878 6322
182 195 252 250 tuot
861 189 964 248 PETRI
982 190 1161 248 LOMBARDI
1766 191 1841 284 teca·
1892 192 1893 244 l

182 314 240 386 ejus
255 315 299 371 cni
314 310 387 371 iavet
402 322 545 372 contentus
561 324 602 372 est
623 323 724 382 tacere,
744 315 825 373 tacito
849 331 914 372 vero
928 316 1020 376 no-A
1036 315 1107 371 dicat
1123 332 1130 368 :
1145 314 1179 369 Et
1194 313 1262 370 alios
1278 319 1400 368 saturare
1418 311 1545 382 potestis.
1576 311 1667 368 ironia
1687 319 1740 380 est,
1769 327 1803 367 ac
1818 291 1842 366 s¹
1893 319 1895 377 ζ

180 405 263 470 mine,
279 403 393 458 audiens
417 404 496 459 dese
518 405 620 477 aliquid
642 405 745 461 dictum
769 404 930 460 dissimulat.
951 407 985 460 Et
1034 402 1159 459 diceret:
1185 403 1247 458 Non
1270 409 1311 458 est
1335 401 1380 455 ita.
1405 399 1551 458 irascentis
1566 401 1638 455 enirn
1652 401 1740 456 verba
1767 410 1839 468 suut,
1894 416 1895 424 ¹

180 491 309 560 hocfeci,
325 496 442 565 propter
458 511 512 562 vos,
530 493 557 549 id
580 501 621 550 est
644 501 756 564 propter
775 494 916 548 utilitatem
935 508 984 548 ve·
1034 507 1089 548 non
1104 490 1298 547 confirmantis.
1315 491 1351 546 lit
1359 491 1495 560 recoctis,
1510 489 1538 544 id
1547 496 1588 544 εει
1596 489 1691 561 regitis
1703 505 1765 558 vos,
1778 490 1840 544 rina

181 588 277 636 stram.
289 581 364 638 Hanc
378 581 481 639 scilicet
496 587 529 637 ut
543 583 575 638 io
591 583 678 647 nodia
692 583 737 654 qui
745 582 864 652 majores
880 597 983 647 sumus,
1035 581 1122 636 nobis.
1140 577 1331 652 [Ambrosiusl.
1354 577 1399 634 Sic
1418 578 1549 650 putabant
1569 577 1608 631 illi
1628 578 1785 650 gloriantes
1808 579 1840 632 de

179 667 316 736 discatis,
332 686 369 726 nc
383 687 458 727 uuus
474 671 594 740 instetur
608 672 742 727 adversus
762 671 869 736 olium,
884 685 935 742 pro
956 684 985 724 ve
1034 668 1321 740 pseudoapostolisltt
1337 667 1450 722 chaom
1461 681 1525 722 vere
1536 669 1683 737 requetio!
1707 667 1782 722 Vere
1797 683 1840 720 re-

180 757 249 826 ctio,
265 757 300 813 ab
313 756 370 826 ihc,
389 758 416 812 id
432 765 473 814 est
496 758 604 814 meliori
627 774 708 830 quam
737 757 792 826 ille,
809 757 837 813 id
853 765 894 812 est
908 755 986 828 quasi
1035 772 1131 829 gnare,
1148 763 1190 811 est
1209 756 1243 811 de
1257 772 1306 826 spe
1321 763 1348 810 et
1361 755 1504 825 promissis
1514 754 1563 809 Dei
1579 770 1705 811 securum
1720 771 1797 817 esse.
1814 764 1840 808 et

181 845 216 900 sit
230 845 300 901 alius
314 847 347 900 ab
363 846 419 912 illo,
436 846 519 902 idest
539 847 637 902 melior
661 847 708 918 qui
731 846 821 900 nullus
843 853 884 901 est
901 860 986 917 quan·
1034 844 1062 898 in
1077 844 1201 900 adversis
1216 844 1346 914 gaudere.
1369 844 1440 898 Nota
1461 843 1523 915 quia
1537 852 1566 896 ut
1580 842 1639 914 pius
1660 849 1740 914 pater
1755 843 1839 898 etiam

184 941 240 988 tum
256 935 290 988 ad
309 950 348 1004 se,
364 934 408 990 vel
423 942 552 1005 quantum
567 935 602 989 ad
617 934 808 989 ministerium.
825 934 885 1000 Vel,
906 933 986 987 iniie-
1035 934 1078 987 bis
1093 933 1207 1005 ingratis
1222 930 1284 987 liliis
1300 932 1370 987 bene
1389 939 1472 1001 optat.
1499 931 1639 992 Reunetis,
1654 931 1726 995 dico,
1751 932 1793 985 ita
1809 937 1840 985 ut

182 1029 227 1076 tur
242 1037 294 1098 pro
309 1022 420 1077 doctore
440 1022 504 1089 alio,
521 1038 537 1077 a
551 1022 683 1077 ministris
699 1022 768 1090 aliis,
781 1021 861 1077 idest
876 1021 986 1076 meliore
1036 1025 1064 1077 et
1077 1037 1128 1077 nos
1142 1037 1293 1090 recreemus
1308 1021 1454 1075 uobiscum.
1467 1020 1528 1074 Non
1538 1020 1600 1074 dieo
1617 1035 1664 1073 vos
1678 1019 1836 1083 nobiscum,

181 1126 263 1183 quam
279 1109 325 1164 alii
340 1111 405 1165 sint.
426 1110 537 1165 lulletur
548 1109 620 1178 dico,
645 1111 754 1184 agendo
777 1127 874 1182 supro,
891 1109 920 1164 id
945 1114 987 1164 est
1036 1125 1099 1164 cum
1113 1125 1164 1164 nos
1180 1108 1256 1180 sequi
1270 1107 1473 1180 dedignemini3
1489 1106 1608 1162 seddicc
1618 1121 1667 1162 nos
1681 1107 1836 1176 vobiscum,
1902 1098 1903 1117 ¹

182 1196 261 1268 ultra,
277 1205 303 1253 et
317 1199 394 1253 aliter
412 1216 496 1272 quom
521 1201 659 1272 scriptum
674 1202 717 1254 ert
731 1199 758 1253 in
781 1198 908 1264 ieremia,
934 1198 986 1253 sci·
1036 1205 1065 1253 ut
1079 1213 1130 1253 uos
1144 1212 1290 1268 sequamur
1304 1212 1363 1262 vos,
1379 1195 1403 1250 si
1426 1210 1481 1250 non
1505 1194 1586 1250 vultis
1600 1195 1676 1267 sequi
1696 1210 1749 1250 nos
1768 1211 1838 1266 quos

182 1285 245 1341 licet
258 1301 264 1339 :
275 1286 486 1360 Quiqtortctur,
499 1289 531 1343 ita
541 1288 659 1346 Domino
675 1287 814 1358 plotietcr
824 1287 947 1357 (ter.rx,·
963 1288 989 1341 ll
1036 1286 1145 1358 quidem
1161 1285 1238 1357 sequi
1253 1283 1399 1351 deberetis,
1413 1283 1475 1355 qnia
1490 1299 1541 1339 nos
1564 1298 1658 1338 revera
1673 1299 1837 1356 regnamus.

183 1372 243 1430 Cor.
262 1375 301 1446 x).
319 1376 349 1430 In
364 1391 418 1447 quo
433 1376 518 1432 debes
533 1375 655 1448 gloriari,
673 1391 726 1431 non
742 1376 769 1429 in
784 1375 906 1430 homine.
928 1374 987 1448 (ιιι)
1037 1374 1091 1429 Sed
1105 1374 1188 1429 timeo
1203 1389 1237 1429 ne
1253 1373 1311 1428 sine
1321 1371 1408 1428 vobis.
1424 1375 1497 1428 Puto
1516 1371 1603 1428 enim.
1628 1369 1715 1439 Quasi
1739 1371 1813 1426 dicat
1829 1389 1837 1424 :

184 1461 249 1528 Quis
265 1465 343 1518 enim
359 1467 386 1518 te
397 1463 533 1520 discernit
545 1479 561 1518 a
572 1479 664 1518 massa
672 1463 841 1534 perditorum
857 1463 870 1516 ‘t
884 1462 985 1528 nullus,
1037 1465 1093 1518 Vos
1108 1462 1166 1518 siue
1180 1461 1258 1518 nobis
1273 1461 1370 1533 putatis
1392 1475 1521 1533 regnare,
1548 1467 1574 1514 ει
1599 1461 1650 1515 boc
1672 1458 1745 1524 ideo,
1772 1461 1837 1531 quia

181 1548 234 1604 uisi
249 1551 323 1605 Deus
334 1551 408 1606 solus
421 1551 481 1622 ipse
495 1559 604 1622 separat
619 1559 678 1606 tea
699 1550 822 1621 perditis.
848 1551 903 1606 Sed
923 1550 987 1623 quia
1037 1559 1122 1622 put03
1140 1551 1218 1624 quasi
1232 1550 1302 1605 dicat
1319 1568 1325 1603 :
1342 1548 1422 1618 Quod
1434 1548 1590 1603 nullatenus
1613 1548 1763 1618 putandum
1783 1557 1837 1603 est.

182 1637 264 1693 homo
287 1637 394 1692 inflatus
415 1648 507 1710 posset
531 1639 710 1709 respondere,
734 1639 778 1694 vel
800 1653 877 1705 voce,
905 1638 1020 1729 cogi-B
1039 1639 1144 1696 lronice
1159 1639 1231 1694 enim
1246 1637 1375 1710 loquitur,
1392 1638 1463 1710 quod
1477 1653 1528 1708 por
1541 1635 1612 1691 mala
1631 1652 1692 1708 quae
1706 1637 1836 1707 patimur.

181 1725 291 1796 tatione,
309 1734 335 1782 et
349 1727 441 1782 dicere
458 1743 464 1782 :
481 1727 617 1783 Discernit
636 1744 680 1782 me
699 1725 766 1782 fides
790 1743 860 1793 mea,
877 1735 903 1782 et
918 1741 983 1782 ora·
1034 1729 1107 1784 Deus
1121 1727 1247 1784 ostendit
1261 1743 1310 1782 nos
1324 1726 1462 1800 apostolos
1476 1725 1650 1791 beehaimos,
1666 1724 1747 1779 idest
1762 1725 1836 1780 vilis

182 1813 220 1870 tio
234 1831 305 1881 mea,
322 1823 349 1870 et
359 1815 462 1885 justitia
477 1817 676 1882 mea‚cccurrit
688 1815 837 1886 Apostolus
848 1816 983 1871 subdens:
1035 1817 1119 1872 simos
1134 1817 1168 1872 de
1184 1816 1281 1888 quibus
1295 1830 1350 1870 non
1367 1821 1451 1879 curet,
1464 1818 1601 1886 tunquam
1608 1815 1694 1868 morti
1709 1812 1837 1868 destinu-

186 1904 256 1971 Quid
270 1908 376 1959 outcm.
387 1903 471 1972 Quasi
481 1904 553 1960 dicat
569 1922 576 1959 :
592 1904 659 1959 Dico
672 1903 733 1976 quis
743 1903 916 1972 tediscernit‚
935 1904 983 1958 sad
1034 1909 1087 1972 tos,
1102 1905 1130 1960 id
1146 1912 1186 1960 est
1201 1903 1278 1976 quasi
1292 1903 1327 1958 ad
1341 1903 1443 1957 nullam
1466 1901 1616 1968 utilitatem,
1632 1901 1680 1957 sed
1695 1902 1776 1957 morti
1791 1919 1837 1957 re-

182 1990 250 2045 dicis
265 1989 334 2046 tides
349 1999 405 2057 tua,
422 1992 465 2048 vel
480 1993 567 2048 oratio
588 2000 644 2058 tua,
672 1992 715 2046 vel
727 1992 840 2060 justitia.
858 1993 925 2047 Item
938 1992 983 2046 in·
1033 2001 1166 2049 servatos.
1181 1993 1259 2062 Quod
1273 2008 1323 2063 per
1336 1993 1389 2047 hoc
1412 1990 1528 2056 videtur,
1552 1993 1618 2063 quio
1639 1993 1711 2062 sacti
1735 2007 1836 2047 sumus

182 2085 292 2152 terrogo
308 2097 314 2134 :
329 2079 399 2147 Quid
407 2081 490 2137 hobas
499 2079 654 2152 boni,quod
664 2097 720 2136 nort
731 2081 984 2153 occepistiaDeot
1032 2083 1139 2139 mundo
1148 2082 1354 2153 spectaculum.
1373 2078 1416 2134 Ad
1438 2079 1621 2150 spectaculum
1644 2079 1715 2133 enim
1736 2081 1834 2140 nostri.

182 2166 369 2242 [Augustinus]
377 2169 524 2224 Sciendum
533 2176 575 2224 est
585 2168 723 2224 neminem
732 2185 813 2240 posse
822 2168 983 2225 discemiab
1034 2171 1112 2242 quasi
1126 2170 1160 2224 ad
1175 2175 1324 2224 monstrum
1346 2167 1509 2224 conveniunt
1531 2166 1665 2233 homines,
1688 2182 1740 2236 per
1762 2170 1837 2239 quod

181 2255 228 2310 illa
242 2256 402 2327 perditionis
416 2273 516 2321 massa,
533 2257 585 2312 nisi
597 2257 643 2332 qui
657 2258 709 2313 hoc
732 2259 833 2312 bonum
847 2257 938 2322 hahet,
955 2265 984 2312 ut
1033 2258 1123 2331 magis
1137 2258 1284 2330 probamur
1305 2255 1385 2312 amici
1409 2255 1469 2310 Dei.
1502 2254 1602 2310 velita
1618 2273 1625 2309 :
1648 2255 1716 2310 Puto
1738 2257 1837 2312 enim:

181 2346 276 2401 credat
291 2345 364 2416 quod
373 2346 505 2417 quidquid
513 2345 576 2402 boni
587 2346 666 2401 habet
676 2345 765 2418 gratia
775 2345 924 2402 Salvatoris
938 2362 984 2402 ac·
1034 2347 1113 2418 quasi
1128 2346 1201 2402 dicat
1217 2363 1223 2399 :
1240 2345 1304 2400 ideo
1318 2343 1455 2400 deberetis
1469 2359 1597 2416 regnare,
1614 2343 1675 2415 quia
1690 2359 1743 2414 ego
1758 2355 1835 2416 puto,

181 2433 262 2504 oepit.
279 2433 426 2489 Sciendum
442 2434 521 2489 etiam
535 2434 608 2507 quod
622 2437 691 2490 sicut
706 2450 788 2505 supra
812 2434 983 2490 temerarium
1034 2442 1060 2490 et
1075 2441 1165 2490 certus
1180 2450 1250 2501 sum,
1261 2433 1334 2504 quod
1344 2434 1417 2488 Deus
1438 2431 1556 2488 ostendit
1569 2447 1619 2488 nos
1633 2433 1774 2503 apostolos
1789 2451 1840 2489 no-

177 2520 310 2592 judicium
325 2521 472 2592 prohibuit,
494 2523 531 2578 ita
553 2523 597 2579 hic
615 2523 689 2578 aliud
710 2539 798 2595 genus
820 2523 984 2596 arrogantiae
1034 2523 1171 2590 vissimos,
1188 2522 1216 2577 id
1230 2530 1271 2577 est
1287 2521 1389 2577 similes
1413 2521 1569 2577 novissimis
1595 2521 1704 2590 sanctis,
1731 2523 1836 2578 scilicet

181 2609 330 2665 admonere
345 2619 469 2679 conatur,
487 2611 588 2667 scilicet
610 2612 739 2667 nehomo
760 2611 897 2682 superbiat
919 2627 983 2682 pro·
1034 2611 1101 2667 Elia
1122 2619 1148 2666 ει
1171 2611 1275 2678 Enoch,
1296 2610 1323 2664 in
1347 2608 1583 2676 tribulationibus;
1607 2625 1657 2664 nos
1680 2609 1755 2677 dico,
1776 2619 1836 2667 tan-

180 2705 242 2768 pter
255 2697 371 2769 aliquam
395 2699 512 2770 gratiam
528 2714 543 2753 a
559 2700 616 2754 Deo
639 2699 690 2754 sibi
714 2699 815 2764 datam,
831 2706 929 2771 putans
954 2713 983 2752 se
1034 2716 1115 2772 quam
1130 2699 1210 2755 morti
1232 2697 1398 2764 destinatos,
1425 2697 1486 2768 quia
1507 2698 1545 2752 ita
1566 2697 1595 2753 fit
1616 2697 1705 2767 nobis,
1730 2708 1760 2755 ut
1781 2699 1834 2754 illis

183 2799 244 2840 eam
259 2785 372 2852 babere,
393 2801 409 2841 a
422 2802 461 2853 se,
487 2787 530 2843 vel
546 2803 563 2842 a
586 2787 719 2857 ministro,
741 2788 813 2859 quod
837 2786 983 2858 Apostolus
1034 2788 1080 2860 qui
1095 2803 1110 2842 a
1125 2787 1273 2844 victoribus
1286 2785 1365 2842 morti
1380 2786 1567 2852 servabantur,
1584 2785 1619 2840 ad
1634 2787 1708 2858 quod
1723 2796 1834 2858 specta-

180 2872 351 2946 redarguens
366 2873 412 2940 ait,
430 2874 495 2945 qnid
509 2875 594 2930 babes
619 2875 691 2946 quod
708 2890 764 2929 non
786 2875 915 2947 accepisti
931 2892 937 2929 :
955 2875 985 2932 Si
1034 2875 1124 2932 culum
1137 2875 1314 2932 conveniebat
1324 2873 1450 2947 populus,
1463 2873 1532 2929 sicut
1545 2873 1578 2928 ad
1586 2874 1754 2930 derisionem
1768 2876 1836 2931 atie

181 2963 907 3036 outemacccptstiaDe05qut'dqtotv'orisinte,velin
918 2963 982 3031 illis,
1034 2972 1060 3019 ει
1083 2965 1178 3020 Enoch
1202 2971 1266 3020 tunc
1288 2962 1458 3028 convenient,
1475 2970 1502 3018 et
1516 2962 1646 3018 modoad
1664 2962 1834 3020 derisionem

181 3050 262 3122 quusi
271 3067 328 3107 nort
339 3052 481 3122 acceperis
494 3052 590 3118 aDeo;
603 3051 652 3107 sed
662 3067 678 3106 a
689 3058 725 3116 te,
739 3052 782 3108 vel
798 3052 833 3106 ab
847 3052 901 3107 illis
911 3052 924 3106 i
934 3035 984 3108 Vel
996 3021 1020 3082 0
1034 3051 1219 3124 apostolomm
1249 3051 1413 3108 conveniunt
1435 3050 1510 3106 mali.
1533 3051 1611 3107 Unde
1632 3051 1721 3106 subdit
1737 3071 1746 3106 :
1764 3054 1836 3120 Quia

180 3137 227 3205 ita,
243 3154 278 3194 ne
302 3155 371 3193 unus
395 3139 503 3194 infletur
525 3140 658 3196 adversus
681 3141 773 3208 alium,
796 3157 847 3212 pro
865 3141 983 3212 baptista
1033 3137 1834 3214 spectaculumfactitamusmundo.Quidnominemundi

178 3224 241 3292 alio,
257 3225 284 3281 id
300 3235 341 3281 est
363 3227 477 3283 meliore
501 3229 632 3299 quamsit
651 3227 730 3300 alius,
758 3237 784 3284 et
809 3244 862 3284 non
885 3229 980 3286 debes.
1033 3228 1203 3297 intellexerit,
1221 3228 1333 3284 subdit:
1350 3231 1386 3284 Et
1403 3228 1522 3298 uncatis,
1539 3231 1568 3283 ct
1587 3227 1746 3285 hominibus
1762 3231 1831 3298 (50),

180 3313 248 3381 Quis
263 3314 336 3369 enim
351 3315 478 3386 baptista,
495 3324 732 3388 quantumcunque
757 3317 845 3371 bonus
865 3317 913 3383 sit,
929 3317 984 3372 dis·
1032 3317 1059 3372 id
1075 3326 1114 3374 est
1129 3317 1262 3390 utrisque,
1276 3317 1356 3372 bonis
1370 3315 1414 3372 vel
1434 3315 1528 3382 malis;
1545 3317 1593 3371 sed
1614 3317 1703 3383 bonis,
1719 3326 1749 3373 ut
1764 3335 1835 3374 con-

179 3399 267 3455 cernit
281 3409 306 3456 te
321 3402 357 3456 ab
381 3418 414 3457 eo
438 3403 484 3474 qui
508 3404 660 3474 baptizatus
682 3413 752 3460 esta
775 3403 864 3459 minus
885 3405 982 3461 bono?
1032 3405 1131 3462 tortent
1145 3415 1170 3460 ει
1185 3406 1312 3472 laudent3
1327 3403 1415 3470 malis,
1432 3411 1461 3460 ut
1471 3404 1601 3459 insultent
1615 3412 1642 3460 et
1665 3406 1832 3476 vituperent.

181 3486 267 3556 Quasi
282 3489 352 3544 dicat
367 3509 376 3544 .·
391 3490 420 3546 Si
431 3490 581 3561 baptizatus
597 3507 655 3546 esa
671 3493 762 3558 Petro,
777 3494 914 3564 quomodo
928 3494 981 3548 dis
1031 3493 1098 3549 Boni
1112 3494 1182 3548 enim
1198 3491 1288 3566 angeli
1304 3500 1329 3548 et
1351 3493 1416 3548 boui
1428 3491 1553 3547 homines
1573 3491 1692 3560 laudant,
1718 3501 1743 3548 et
1767 3496 1833 3550 mali

181 3575 273 3631 cernis
284 3577 319 3630 ab
334 3592 367 3632 eo
382 3577 428 3649 qui
444 3578 595 3648 baptizatus
610 3587 651 3635 est
672 3596 687 3634 a
711 3580 813 3637 Paulo?
834 3580 906 3635 Nihil
929 3581 981 3636 uti·
1029 3578 1154 3633 irrident.
1172 3578 1237 3632 Haec
1251 3584 1313 3631 sunt
1335 3577 1430 3631 dextra
1453 3585 1479 3630 et
1504 3575 1624 3630 sinistra.
1648 3577 1697 3631 His
1719 3577 1831 3644 utimur,

180 3679 233 3735 que
257 3663 295 3718 illi
319 3665 400 3720 habet
427 3682 444 3722 a
461 3667 586 3737 baptista,
612 3668 678 3723 nibil
693 3676 730 3724 tu.
747 3668 817 3737 Quid
832 3676 921 3724 autem
936 3670 980 3727 hic
1030 3666 1106 3739 quasi
1121 3665 1204 3720 armis
1219 3664 1252 3719 nd
1269 3664 1421 3720 feriendum
1445 3664 1561 3727 hostem,
1577 3664 1605 3718 id
1622 3673 1663 3720 est
1679 3666 1830 3735 diabolum,

179 3751 320 3834 redarguit
344 3753 405 3809 illos
427 3756 539 3811 eosdem
562 3755 608 3828 qui
628 3756 816 3828 gloriabantur
840 3759 874 3813 de
889 3758 979 3831 magi·
1030 3754 1133 3811 scilicet
1147 3753 1319 3809 laudantibus
1344 3760 1371 3808 et
1390 3751 1615 3824 vituperantibus.
1632 3753 1686 3810 Sed
1701 3771 1752 3811 nec
1779 3756 1832 3810 ista

179 3841 261 3896 sterio
284 3842 398 3911 pseudo,
433 3851 638 3900 contemnentes
670 3845 823 3901 doctrinam
844 3847 976 3918 Apostoli.
1029 3843 1146 3908 elevant,
1164 3858 1215 3898 uec
1230 3842 1276 3896 illa
1290 3841 1429 3916 frangunt.

179 3927 361 4003 [Ambrosius]
379 3930 462 3999 Quasi
485 3932 580 3988 dicat:
604 3933 737 3988 Gloriaris
760 3949 811 4005 pro
834 3933 896 3989 illis.
923 3935 977 3990 Sed
1067 3930 1375 3987 ”vuasto-ss.-
1385 3932 1439 3987 Nor
1448 3935 1533 3989 stulti
1543 3936 1660 4005 propter
1671 3931 1828 3996 Christum,

179 4017 244 4087 quid
258 4017 343 4073 babes
367 4019 402 4073 ab
425 4019 488 4084 illis,
514 4022 587 4092 quod
610 4037 666 4076 non
679 4022 809 4092 accepisti
822 4038 839 4077 a
854 4023 921 4078 me?
934 4024 976 4078 Ad
1027 4023 1179 4075 vosautem
1191 4019 1346 4090 prudentes
1352 4021 1383 4074 in
1391 4019 1509 4078 Christo.
1521 4023 1574 4078 Nos
1587 4021 1707 4085 intrant,
1720 4035 1766 4075 nos
1777 4037 1830 4076 ou·

177 4120 262 4158 unum
277 4105 382 4160 videtur
404 4106 488 4178 loqui,
514 4109 563 4163 sed
577 4109 611 4164 ad
626 4119 729 4179 partem
744 4109 832 4181 plebis
847 4111 974 4183 loquitur,
1028 4111 1085 4163 tem
1098 4110 1197 4179 sortes,
1209 4109 1255 4164 Vos
1265 4107 1692 4181 notitesmosoutemipnobttet.
1703 4110 1828 4182 Usquein

180 4191 209 4246 Si
223 4199 312 4248 autem
332 4195 459 4264 accepisti
474 4210 490 4249 a
506 4213 558 4263 nte,
575 4197 640 4268 quid
654 4198 781 4270 gloriaris
805 4207 899 4255 contra
919 4216 973 4268 me,
1026 4196 1216 4262 tunctorum,
1228 4198 1256 4251 et
1267 4197 1417 4262 esuum-as,
1427 4201 1455 4252 et
1466 4199 1590 4268 sitimus,
1601 4197 1828 4260 etnudisumus,

178 4279 256 4350 quasi
271 4296 324 4336 non
340 4281 411 4336 idem
427 4284 568 4353 acceperis
583 4301 599 4340 a
612 4286 679 4341 mat
1026 4288 1055 4340 ct
1068 4283 1194 4356 colaphis
1205 4283 1350 4351 rodimur,
1362 4289 1390 4340 et
1404 4286 1553 4342 instabiles
1561 4301 1669 4352 comus,
1679 4289 1708 4340 et
1718 4285 1829 4342 laboro·

214 4367 272 4425 Hoc
286 4369 456 4435 dicitcontra
470 4371 532 4427 illos
547 4373 592 4444 qui
608 4374 703 4430 eadem
719 4391 779 4448 quae
793 4375 826 4430 ab
842 4375 974 4448 Apostolo
987 4375 1013 4435 D
1026 4389 1090 4428 mus
1102 4414 1109 4438 ,
1119 4373 1405 4444 operantesmanttos
1412 4376 1529 4430 nostris.
1540 4375 1741 4440 lloledicimur,
1750 4375 1830 4431 etbe-

177 4465 349 4526 aooeperant,
375 4459 516 4515 audientes
535 4461 569 4516 de
583 4462 739 4535 magisterio
753 4465 971 4536 pseudoaposto-
1025 4460 1185 4517 dedicimus
1195 4480 1204 4526 ;
1214 4462 1585 4533 persecutionrmpotimur,
1595 4464 1827 4526 structionem

175 4542 264 4599 lorum
287 4545 479 4617 gloriabantur,
504 4549 550 4620 qui
570 4565 621 4621 per
641 4550 820 4622 eloquentiam
841 4569 871 4608 se
893 4569 971 4609 com·
1025 4550 1261 4622 blasphemamur,
1274 4550 1830 4624 etobsecromos,tuoquompcrqomen-

175 4633 347 4700 mandantes,
363 4635 481 4708 gloriam
494 4637 522 4690 in
536 4653 566 4692 se
581 4639 729 4706 vertebant,
752 4657 813 4694 cum
827 4643 972 4712 Apostolus
1027 4641 1056 4692 ta
1073 4638 1158 4708 hujus
1167 4637 1269 4692 incudi
1277 4640 1351 4709 sacti
1360 4655 1458 4694 sumus
1468 4639 1596 4694 omnium
1607 4639 1766 4711 peripsema
1777 4655 1828 4694 rtr-

177 4736 208 4776 se
230 4723 459 4792 contemptibilem
492 4725 578 4780 videri
597 4727 707 4794 lecerat,
731 4735 759 4783 ut
783 4729 898 4801 gloriam
914 4731 971 4787 Deo
1024 4725 1826 4798 qoeadhuc.Nonctoonsottdomvos,hoecsoido‚sedut

177 4808 290 4866 iaceret.
318 4810 383 4866 ldco
399 4813 544 4882 Apostolus
566 4815 670 4872 ironice
690 4817 729 4872 eis
744 4817 872 4888 loquitur,
894 4819 973 4890 quasi
1023 4814 1097 4883 filios
1112 4829 1186 4870 meos
1200 4813 1381 4872 citatissimos
1401 4830 1513 4872 moneo·

176 4898 330 4955 concedens
345 4899 417 4970 quod
432 4900 472 4956 eis
487 4901 521 4957 de
536 4903 635 4975 seipsis
660 4903 811 4974 videbatur,
828 4921 888 4962 cum
904 4907 971 4961 sub·
1060 4903 1094 4956 lit
1108 4918 1158 4958 nos
1173 4902 1257 4958 stulti
1270 4918 1367 4958 sumtu
1377 4907 1492 4976 propter
1503 4902 1655 4972 Christum,
1667 4908 1748 4970 cutus
1758 4919 1825 4959 cru-

177 4987 215 5041 dit
231 5005 238 5042 :
254 4988 318 5044 tom
331 4990 466 5045 saturati.
484 4989 568 5059 Quasi
583 4991 655 5047 dicat
671 5010 678 5047 :
694 4994 809 5064 Increpo
824 5009 883 5050 vos.
900 4995 971 5064 Quid
1023 5005 1082 5046 cem
1103 4989 1293 5061 predicamus.
1318 4991 1398 5060 Quod
1419 5007 1470 5047 vos
1492 4999 1620 5058 tacentes,
1646 4991 1775 5048 videmini
1799 4993 1826 5047 in

176 5074 270 5131 dicens
279 5075 416 5147 gloriaris,
426 5079 549 5145 etc.,sed
558 5093 613 5134 non
624 5087 697 5136 recte
705 5081 800 5138 videor
809 5083 862 5138 boo
872 5081 970 5154 lacere,
1023 5077 1131 5135 Christo
1153 5078 1311 5150 prudentes.
1337 5080 1413 5136 Unde
1437 5080 1529 5135 subdit
1545 5097 1551 5134 :
1566 5083 1613 5137 l'os
1631 5083 1728 5137 cutem
1752 5097 1826 5153 pra-

175 5163 240 5235 quia
256 5179 305 5219 vos
318 5164 385 5232 jam,
411 5165 439 5221 id
460 5173 502 5221 est
515 5174 569 5221 tam
589 5167 652 5236 cito,
668 5171 780 5226 saturati
795 5169 869 5236 estis,
886 5171 912 5226 id
932 5181 972 5228 εει
1023 5167 1122 5224 denter
1135 5170 1167 5224 in
1183 5166 1314 5236 Stiriate,
1331 5175 1357 5224 et
1372 5175 1413 5224 est
1427 5168 1471 5225 hic
1486 5169 1637 5240 increpatio
1652 5185 1711 5226 cum
1725 5169 1825 5224 ironia.

175 5245 249 5317 pleni
259 5247 362 5320 Spiritu
373 5257 477 5306 sancto.
494 5252 529 5306 Ει
534 5253 597 5322 jam
607 5251 707 5310 divites
714 5256 787 5325 facti
797 5257 875 5313 estis.
889 5255 973 5328 Quasi
1023 5255 1109 5325 Quasi
1124 5256 1216 5313 dicat:
1242 5255 1321 5325 Quod
1344 5264 1429 5314 totum
1452 5265 1544 5313 contra
1562 5264 1613 5313 est.
1641 5257 1828 5332 [Ambrosius]

208 5421 263 5494 (tt)
282 5429 577 5496 traducendam.
1059 5431 1113 5512 (50)
1134 5435 1281 5510 Augustinus
1293 5437 1317 5488 ln
1329 5437 1483 5507 psalmislt.
