3878 6322
154 100 221 156 1691
831 95 934 154 PETRI
947 93 1129 152 nouatum
1762 92 1842 150 ¹592

156 224 342 282 monumentis
357 230 429 295 sunt,
453 229 481 279 et
501 221 652 296 procedent
667 221 759 294 (icon.
780 220 821 293 v).
843 218 1006 293 [ambro-A
1020 218 1071 276 Dei
1086 216 1168 276 Filius
1182 226 1273 278 tecum
1288 217 1458 294 confligeret,
1472 227 1555 293 teque
1565 234 1621 276 non
1633 220 1761 288 mando,
1781 220 1837 278 sed

161 313 228 386 sius]
244 313 323 369 Unde
339 311 421 369 etiam
435 311 481 369 hie
497 311 611 368 subdit:
1019 307 1194 380 suscipiendo
1204 315 1346 380 superaret
1355 326 1363 376 3
1372 307 1462 365 vicisti
1471 307 1500 364 in
1509 308 1695 376 morientibus,
1703 309 1791 367 victa
1802 324 1835 366 es

191 403 228 457 at
243 401 362 469 mortui,
378 400 407 458 id
423 407 465 456 est
482 407 654 474 peccatores,
670 398 715 457 vel
728 397 892 471 generaliter
906 411 968 452 om·
1016 395 1046 452 in
1060 396 1265 468 resurgentibus
1277 415 1284 464 ;
1300 397 1421 454 uictoria
1431 401 1482 454 tue
1496 413 1549 470 qua
1563 397 1753 454 absorbueras
1765 413 1836 454 cor-

157 505 207 546 nes
221 489 321 546 mortui
340 493 492 562 resument
516 488 693 562 incorrupti,
709 486 794 544 idest
812 487 871 542 sine
885 483 967 541 dimi-
1018 499 1087 557 pora
1095 483 1278 556 morientium,
1289 485 1447 558 temporalis
1454 485 1522 554 tuit;
1537 485 1755 560 victoriaquain
1765 502 1833 544 cor-

156 577 269 635 nutione
292 578 498 648 membrorum
517 576 612 651 [Aug]
634 581 663 634 ct
685 593 736 633 nor
758 574 823 631 boni
845 581 967 630 tanturn-
1017 573 1131 647 poribus
1155 574 1284 648 absorpta
1311 589 1343 630 es
1369 575 1579 648 resurgentium,
1605 583 1705 632 aeterna
1735 592 1831 634 cons·

156 667 240 724 modo
258 667 495 736 immutabimur,
524 666 553 721 in
582 665 671 739 gloria
704 663 917 722 immortalitatis
941 672 968 720 et
1016 661 1093 718 tabit.

156 754 393 830 impassibilitatis.
406 754 550 825 Quomodo
572 761 664 810 autem
678 753 732 810 boc
746 751 802 822 stat,
818 751 863 809 vel
877 749 967 824 quabs
1055 753 1102 810 libi
1115 756 1160 810 εει
1183 768 1270 819 mora,
1287 751 1393 809 scilicet
1417 751 1571 821 dissolutio,
1586 756 1724 812 stimulus
1740 759 1827 810 tuus.

161 843 197 900 sit
211 844 364 901 immutatio
389 843 452 912 ista,
480 843 591 915 exponit
607 841 729 898 subdens
747 857 754 896 τ
1017 839 1147 898 Stimulos
1160 840 1259 896 mortis
1272 840 1433 912 intelligitur
1445 849 1588 914 peccatum
1602 843 1752 916 originale,
1770 858 1830 915 quo

194 935 280 990 Vnus.
298 936 396 989 tta-58.
414 962 449 972 —
466 933 582 1005 Oportet
606 932 684 986 enim
709 929 894 1003 corruptibile
916 930 967 988 bec
1016 929 1044 984 in
1058 944 1113 985 uno
1136 929 1311 1002 peccavimus
1335 943 1440 998 omnes,
1464 938 1494 986 ut
1515 947 1687 988 moreremur
1709 932 1741 987 in
1768 947 1827 990 uno

158 1021 277 1079 induere
288 1021 550 1093 incorruptionem,
561 1023 590 1075 ει
599 1020 721 1075 mortale
733 1017 906 1076 bocinducre
916 1019 967 1074 im·
1014 1032 1121 1086 amnes,
1135 1034 1190 1091 quo
1206 1016 1298 1090 puncti
1314 1026 1340 1073 et
1355 1019 1484 1075 venenati
1497 1034 1603 1088 sumus,
1620 1020 1726 1092 dequo
1741 1036 1826 1077 mors

158 1110 379 1166 mortalitatem.
392 1109 463 1165 Cum
474 1112 571 1164 autem
580 1107 702 1165 mortale
714 1107 763 1164 boc
774 1106 903 1163 induerit
912 1106 966 1162 im·
1015 1105 1089 1175 exiit,
1101 1113 1131 1163 ut
1138 1105 1315 1180 ipseerponit
1324 1105 1445 1164 subdens
1462 1123 1469 1164 :
1484 1109 1624 1166 Stimulae
1632 1111 1733 1166 cutem
1742 1125 1827 1168 mor-

157 1197 379 1265 mortaiitatcm,
404 1199 475 1252 tnnc
495 1195 546 1268 fiet
569 1211 661 1252 sermo
684 1197 732 1269 qui
756 1195 881 1268 scriptur
896 1197 966 1250 cst.-
1015 1197 1053 1252 tia
1074 1199 1223 1270 peecatum
1251 1200 1304 1254 cat.
1334 1195 1410 1253 Sicut
1437 1197 1510 1253 enim
1533 1205 1675 1268 peceatum
1690 1196 1829 1253 stimulus

159 1285 296 1359 dbacrptu
312 1289 357 1341 cst
370 1280 634 1343 morcineicto'ric.
647 1284 694 1343 libi
707 1282 965 1340 estmorauictcric
1014 1285 1108 1341 mortis
1136 1284 1246 1354 dicitur,
1269 1300 1325 1358 quo
1353 1284 1459 1342 scilicet
1484 1301 1561 1341 mors
1586 1284 1657 1342 tacta
1685 1293 1741 1354 εει,
1769 1301 1825 1343 non

161 1373 292 1432 tucillbi
308 1377 437 1430 erimars
451 1373 589 1431 stimulus
605 1376 692 1431 iuuat
711 1373 851 1429 Stimulos
866 1375 963 1428 cutem
1013 1389 1096 1447 quern
1129 1389 1205 1430 mors
1240 1372 1324 1443 iecit;
1345 1381 1459 1447 peccato
1486 1373 1560 1430 enirn
1592 1373 1737 1441 morimur,
1769 1389 1826 1431 non

159 1461 261 1519 mortis
273 1466 424 1536 peceatum
439 1466 499 1530 cst,·
515 1464 608 1519 virtus
621 1477 685 1519 cero
700 1462 820 1535 pcccati,
833 1461 892 1518 ten.
908 1461 964 1518 beo
1012 1471 1099 1519 morte
1120 1478 1268 1535 peccamus
1285 1480 1292 1518 :
1310 1461 1350 1519 sic
1363 1461 1467 1519 dietum
1488 1469 1530 1518 est
1547 1461 1652 1536 lignum
1672 1463 1750 1528 vitre,
1767 1478 1825 1521 non

159 1555 259 1609 antem
271 1551 380 1624 prutina
393 1551 442 1625 qni
456 1550 534 1608 dedit
550 1550 629 1608 nobis
643 1550 793 1607 victorium
804 1566 857 1622 per
866 1550 998 1642 Domi-B
1013 1551 1087 1624 quod
1100 1551 1218 1608 bominis
1231 1551 1287 1609 vita
1301 1551 1414 1619 taceret,
1431 1551 1481 1608 sed
1495 1567 1549 1624 quo
1564 1551 1621 1608 vita
1633 1551 1755 1607 hominis
1772 1550 1823 1608 fie-

159 1657 231 1697 unm
244 1643 375 1698 nostrum
389 1641 483 1697 lerum
501 1639 655 1696 Christum.
670 1641 776 1713 licque,
790 1637 963 1711 fratrcsmci
1015 1646 1060 1696 ret
1078 1655 1085 1694 :
1102 1639 1141 1697 sic
1156 1629 1305 1714 etlignum
1324 1640 1443 1698 scientim
1461 1639 1527 1696 boni
1550 1647 1577 1697 et
1589 1639 1666 1708 mali,
1679 1655 1733 1712 per
1748 1641 1825 1712 quod

159 1727 267 1798 dilecti,
285 1728 401 1786 stabiles
412 1732 502 1786 estote
517 1733 545 1785 et
559 1728 717 1784 immobiles
722 1747 733 1796 ,·
748 1727 966 1784 abundantesin
1017 1728 1130 1786 scientia
1144 1727 1221 1785 fieret
1233 1728 1361 1798 bominis,
1374 1744 1430 1784 nou
1443 1729 1517 1802 quod
1526 1743 1664 1800 persuum
1677 1728 1822 1784 scientiam

160 1832 242 1891 opere
261 1817 653 1890 parantemparantem
678 1816 750 1890 quad
774 1816 851 1874 tabor
874 1818 967 1873 beatcr
1016 1819 1099 1875 bomo
1127 1816 1233 1874 iecerit.
1262 1818 1312 1873 Vel
1339 1817 1450 1874 nornine
1478 1817 1575 1873 mortis
1588 1815 1763 1892 significatus
1778 1826 1821 1874 εει

162 1920 220 1961 non
235 1909 279 1962 εει
290 1905 388 1962 inanis
403 1907 436 1962 in
451 1906 582 1962 Domino.
1017 1906 1152 1964 dioboles.
1175 1907 1211 1962 lit
1224 1913 1276 1964 est.
1300 1907 1435 1981 absorpta
1449 1911 1493 1964 eat
1507 1923 1583 1964 mora
1595 1907 1628 1962 in
1641 1907 1775 1976 ειειονιε,
1790 1907 1818 1963 id

199 1993 317 2065 Oportet
343 1995 420 2050 enim
450 1991 633 2067 [Ambrosius]
646 1992 719 2050 Vere
742 1990 967 2064 immutabimur,
1019 2001 1060 2051 est
1082 1992 1208 2052 diabolus
1223 1994 1281 2064 jem
1300 2010 1334 2051 ex
1348 2002 1426 2067 parte
1445 1995 1606 2066 absorptum
1622 1994 1651 2050 in
1666 1995 1755 2052 tuturo
1767 2011 1820 2068 pe-

160 2079 224 2154 quia
239 2088 347 2154 oportet
360 2097 410 2155 pro
425 2096 458 2139 εο
477 2081 550 2156 quod
574 2081 644 2138 bene
658 2081 832 2152 servivimus,
847 2080 891 2140 vel
906 2080 970 2154 quia
1018 2083 1090 2140 nima
1118 2083 1319 2150 absorbebitur,
1348 2091 1459 2156 propter
1474 2084 1527 2140 hoc
1542 2083 1616 2157 quod
1630 2084 1743 2144 modum
1756 2084 1819 2142 vin-

159 2169 240 2226 nobis
261 2168 427 2242 promissum
446 2177 496 2238 est,
523 2170 573 2228 troc
596 2171 779 2244 corruptibile
801 2186 901 2244 corpus
924 2169 970 2226 in·
1020 2171 1101 2232 cendi
1112 2172 1230 2230 excessit
1242 2171 1381 2230 Christum
1395 2172 1560 2240 invadendo,
1574 2173 1602 2228 in
1618 2188 1674 2246 quo
1687 2173 1756 2230 nihil
1767 2174 1819 2230 ba-

161 2255 263 2325 ducrc,
287 2265 318 2312 ut
336 2266 536 2326 ornamentum,
569 2260 823 2332 incorruptionem,
849 2266 878 2314 ut
900 2257 970 2314 ultra
1020 2261 1111 2318 bebai.
1126 2260 1232 2318 Deinde
1253 2277 1286 2317 ex
1308 2276 1429 2334 persona
1448 2261 1584 2332 justorum
1597 2261 1644 2334 qui
1658 2277 1732 2319 nunc
1746 2271 1815 2330 sunt,

159 2359 216 2402 non
239 2346 351 2414 esuriat,
377 2346 422 2403 vel
452 2346 625 2420 aliquatenus
654 2346 776 2403 laedatur.
802 2349 839 2404 ιιι
861 2354 969 2419 oportet
1020 2349 1089 2406 etin
1109 2349 1310 2407 resurrectione
1331 2358 1421 2418 erunt,
1445 2349 1558 2406 insultat
1579 2350 1620 2406 eis
1633 2349 1730 2408 dicens
1743 2369 1750 2406 :
1765 2352 1815 2408 Ubi

160 2436 284 2494 mortale
299 2434 359 2504 boc,
375 2433 459 2492 idest
476 2450 578 2508 corpus
590 2436 644 2492 boc
658 2434 773 2492 mortale
788 2435 861 2509 quod
875 2443 971 2492 osten·
1020 2446 1071 2508 est,
1086 2453 1103 2495 o
1116 2453 1202 2507 mors,
1219 2438 1322 2496 scilicet
1333 2437 1452 2505 diabole,
1464 2438 1579 2496 victoria
1592 2446 1648 2508 tua,
1665 2455 1721 2512 qua
1733 2456 1815 2514 genos

161 2522 245 2592 ditur,
259 2523 378 2581 induere
400 2525 660 2592 immortalitatem,
677 2531 706 2580 ut
718 2523 790 2580 ultra
803 2539 860 2580 non
873 2523 972 2581 disscl·
1021 2527 1169 2584 humanum
1182 2526 1256 2584 velut
1274 2543 1389 2600 gregem
1410 2535 1473 2598 post
1487 2534 1514 2584 ιε
1537 2527 1685 2583 trahebas?
1702 2529 1752 2586 Ubi
1763 2537 1808 2595 est,

162 2619 251 2669 vatur.
268 2613 325 2686 (29)
340 2613 406 2670 llaec
426 2628 494 2685 ergo
518 2611 634 2669 visibilis
648 2627 713 2669 caro
728 2611 787 2669 sine
804 2612 972 2669 dubitatione
1021 2630 1106 2679 mors,
1122 2614 1227 2670 scilicet
1248 2613 1365 2678 diabole,
1383 2614 1507 2668 stimulus
1523 2615 1608 2668 tuus?
1623 2615 1746 2670 Stimulos
1758 2629 1804 2669 au·

161 2717 308 2777 resurgere
329 2701 496 2758 credendum
515 2704 566 2758 est.
591 2701 706 2760 Videtur
728 2700 802 2758 enim
824 2697 972 2771 apostolus
1021 2709 1076 2757 tem
1100 2700 1198 2756 mortis
1226 2708 1369 2772 peccatum
1395 2707 1447 2757 est.
1475 2701 1619 2757 Peccatum
1642 2717 1709 2758 vero
1723 2701 1811 2758 daur

161 2803 224 2846 eam
238 2797 367 2862 tanquam
381 2789 467 2860 digito
491 2789 647 2855 ostendere,
674 2802 737 2843 cum
752 2787 817 2844 dicit
833 2803 841 2840 ι
857 2785 987 2858 Oportet·
1022 2787 1147 2845 stimulus
1170 2787 1281 2857 diaboli,
1303 2805 1394 2861 quem,
1410 2788 1515 2846 scilieet
1528 2804 1614 2856 mors,
1630 2789 1659 2845 id
1673 2798 1715 2846 εει
1727 2789 1813 2846 ᾱιειιο-

162 2873 338 2948 corruptibile
359 2877 422 2943 boc,
457 2873 515 2947 (30)
534 2873 652 2932 dicendo
672 2875 736 2944 boc,
758 2873 788 2929 in
808 2889 871 2930 eam
894 2877 973 2947 quasi
1023 2876 1066 2934 lus
1080 2875 1153 2947 tecit,
1169 2892 1225 2934 non
1238 2893 1255 2932 a
1269 2892 1324 2949 quo
1337 2875 1423 2934 tactus
1437 2884 1491 2933 est.

162 2963 280 3038 digitum
294 2962 419 3032 intendit,
434 2970 464 3018 ut
478 2963 575 3020 eadem
598 2977 664 3020 caro
679 2979 740 3035 quae
760 2961 866 3020 videtur
878 2929 1007 3018 resur-⁰
1059 2965 1107 3022 Vel
1121 2965 1168 3036 ita,
1183 2981 1234 3038 per
1256 2971 1370 3022 mortem
1385 2963 1504 3022 arbitror
1518 2964 1563 3022 hic
1577 2965 1725 3038 significari
1738 2966 1811 3022 dele-

161 3061 271 3112 rectura
292 3059 468 3122 monstretur,
494 3052 619 3108 sednon
642 3050 714 3107 talis.
741 3051 897 3108 Secundum
918 3052 973 3108 hoc
1020 3053 1166 3112 ctetionem
1193 3053 1336 3126 peccandi,
1369 3061 1397 3110 ει
1423 3053 1563 3110 carnalem
1596 3055 1812 3112 consuetudinem

161 3141 261 3200 dicitur
275 3157 368 3215 supra,
384 3157 450 3198 earo
470 3157 529 3198 non
541 3139 703 3213 possidebit,
720 3146 748 3196 et
761 3146 813 3207 est,
838 3139 972 3212 quianon
1021 3159 1083 3215 qum
1110 3142 1229 3199 sobnam
1257 3141 1410 3210 mortificat,
1439 3159 1501 3216 quae
1528 3158 1561 3198 ex
1577 3151 1639 3200 aeto
1653 3143 1753 3215 pmcati
1766 3142 1810 3210 sit,

161 3231 211 3290 erit
231 3230 270 3287 ibi
292 3229 433 3302 corruptio
456 3236 483 3286 et
496 3228 658 3297 mortalitas,
671 3227 700 3284 id
724 3235 765 3285 εει
792 3243 848 3283 non
876 3243 973 3284 secun·
1022 3245 1077 3304 quo
1091 3230 1119 3286 in
1133 3231 1221 3288 Adam
1234 3231 1420 3303 peccavimus.
1436 3231 1512 3288 ilaue
1525 3230 1601 3288 enim
1614 3239 1724 3289 mortem
1744 3245 1810 3303 pec·

161 3321 227 3379 dum
240 3321 292 3376 has
305 3318 450 3394 qualitates
470 3317 521 3374 erit
543 3317 582 3374 ibi
605 3332 680 3389 caro,
696 3317 746 3374 sed
767 3315 864 3374 eadem
879 3317 970 3374 carnis
1021 3327 1083 3377 cato
1112 3319 1272 3387 mamimus,
1303 3318 1377 3392 quod
1388 3327 1534 3392 peecatum
1547 3320 1658 3376 omnino
1671 3328 1726 3376 erat
1737 3319 1765 3375 in
1777 3319 1814 3374 li-

161 3407 313 3466 substantia
327 3407 386 3465 erit.
400 3407 469 3465 Cum
481 3410 590 3475 antem,
602 3405 656 3477 vel,
673 3405 756 3462 enim.
773 3403 860 3474 Quasi
870 3405 943 3462 dicat
962 3419 969 3457 ι
1020 3407 1088 3465 bero
1102 3407 1224 3478 arbitrio,
1245 3423 1309 3465 cum
1329 3407 1358 3464 in
1382 3407 1512 3480 paradiso
1534 3408 1626 3464 nullus
1639 3408 1717 3466 dolor
1729 3409 1813 3466 dene·

160 3495 234 3555 liere
248 3496 341 3553 induet
355 3495 599 3563 immortalitatem,
624 3494 689 3567 quia
713 3497 783 3551 tune
804 3493 865 3564 fiet,
886 3493 971 3556 idest
1021 3503 1094 3571 gete
1108 3495 1295 3554 delectationis
1317 3496 1449 3554 voluntati
1471 3497 1551 3554 honre
1568 3496 1688 3552 bominis
1708 3497 1815 3552 resiste·

160 3584 319 3658 implebitur
347 3600 438 3642 sermo
454 3625 462 3652 ,
487 3591 513 3640 et
546 3597 686 3657 nunquam
699 3581 778 3638 aliter
799 3580 967 3655 impleretur.
1019 3584 1077 3652 bat,
1092 3591 1123 3641 ut
1135 3583 1211 3641 verbi
1230 3583 1328 3657 gratia,
1351 3585 1409 3657 (ιι)
1425 3583 1449 3640 si
1464 3584 1524 3658 quis
1538 3583 1632 3640 existat
1644 3599 1726 3656 quem
1740 3598 1814 3639 nun-

167 3673 287 3749 [llaimo]
305 3672 356 3732 Vel
381 3673 419 3729 ita
447 3671 584 3740 continua,
614 3671 708 3728 induet
729 3669 970 3727 immortalitatem.
1019 3689 1102 3747 qutun
1122 3672 1230 3731 venado
1258 3673 1414 3740 delectavit,
1434 3672 1547 3729 omnino
1567 3671 1638 3728 liber
1662 3679 1707 3728 εει
1727 3679 1815 3728 utnrm

165 3763 235 3821 dum
244 3766 343 3820 nutem
356 3763 479 3819 mortale
499 3760 549 3819 troc
563 3759 692 3818 induerit
709 3760 970 3830 immortalitatem,
1021 3761 1114 3820 venari
1127 3761 1193 3819 velit
1207 3761 1252 3818 vel
1272 3761 1349 3831 nolit,
1365 3777 1416 3818 nec
1430 3778 1493 3818 eum
1508 3760 1610 3819 cmciat
1628 3759 1676 3834 qui
1687 3761 1739 3818 boc
1751 3773 1814 3832 pro·

164 3856 235 3909 tunc
247 3851 306 3922 pet,
323 3850 351 3906 id
359 3857 402 3906 est
410 3848 568 3921 implebitur
578 3863 680 3916 semna,
696 3855 723 3905 ει
736 3863 876 3922 nunquam
892 3848 973 3905 aliter
1022 3849 1155 3908 bibebat
1174 3849 1198 3906 si
1218 3850 1271 3906 ista
1291 3849 1418 3907 libertate
1437 3849 1508 3906 male
1521 3865 1598 3918 usus,
1612 3857 1728 3906 venatus
1738 3846 1814 3905 tuerit

168 3938 337 4014 impleretur,
353 3939 402 4014 qui
415 3938 539 4012 scriptus
549 3941 593 3994 εει
606 3936 635 3992 in
648 3935 719 3992 lsaia
732 3936 815 3994 velin
828 3935 911 4005 Osee,
927 3936 973 3993 ubi
1021 3946 1117 3996 contra
1142 3937 1312 4010 prohibeatis
1332 3937 1485 4010 imperium,
1514 3936 1646 4010 paulatim
1668 3937 1815 4009 subrepens

162 4017 338 4103 integitur:
353 4030 408 4085 Ero
422 4043 498 4083 mors
514 4029 575 4094 tac,
591 4041 697 4084 amore
717 4025 790 4097 (Orc.
815 4025 889 4097 xur).
906 4025 970 4092 Sed,
1021 4026 1166 4084 delectatio
1189 4025 1334 4086 mortificat
1354 4026 1484 4094 animam,
1498 4033 1528 4082 ut
1542 4025 1566 4082 si
1576 4041 1606 4084 se
1621 4026 1758 4082 abstinere
1770 4039 1816 4081 ve·

160 4120 239 4192 juxta
253 4117 329 4173 Lxx
343 4115 383 4173 sic
398 4133 405 4171 :
421 4114 558 4189 Absorptc
574 4118 627 4185 cat,
648 4113 677 4170 id
691 4121 733 4170 est
747 4113 885 4171 destmcta
898 4128 973 4170 mors
1022 4114 1062 4186 lit,
1078 4113 1138 4172 sine
1151 4114 1275 4172 molestia
1297 4122 1324 4171 ει
1348 4131 1438 4188 agone
1458 4129 1514 4172 non
1536 4113 1635 4187 possit.
1658 4114 1728 4173 Caro
1742 4113 1816 4171 enim

165 4205 290 4278 corporis
309 4205 340 4263 1
350 4202 439 4273 14,
453 4204 616 4261 invictoric
626 4201 737 4270 Christi,
753 4200 781 4258 id
791 4201 872 4259 estin
885 4217 974 4260 resur.
1022 4204 1199 4278 concupiscit
1211 4203 1499 4278 edoarscsrpiritum,
1515 4203 1674 4276 etrpiritm
1683 4202 1816 4260 cdccrrat

164 4293 285 4352 rectione
300 4291 411 4350 Christi.
426 4289 507 4362 Quod
521 4297 613 4349 autern
625 4291 660 4349 de
675 4298 763 4349 morte
776 4290 902 4364 corporis
916 4285 1006 4349 bocD
1019 4309 1136 4351 curnam
1150 4292 1224 4366 (Gal.
1237 4293 1277 4365 v).
1291 4293 1351 4350 Nec
1364 4291 1484 4349 cessabit
1497 4289 1636 4350 contentio
1651 4291 1740 4348 donee
1752 4305 1816 4362 per·

164 4381 354 4457 accipiendum
364 4380 408 4450 sit,
424 4395 479 4438 non
494 4381 529 4439 de
549 4388 636 4439 morte
650 4379 766 4449 animm
782 4396 816 4437 ex
831 4395 865 4437 eo
878 4387 975 4437 osten·
1023 4379 1094 4439 iacta
1115 4380 1246 4438 sauctitas
1268 4388 1355 4436 totum
1384 4380 1523 4438 bominem
1546 4379 1734 4452 separaverim
1758 4387 1819 4435 tnnc

164 4472 238 4530 ditur
253 4470 325 4544 quod
339 4468 415 4540 dixit,
431 4467 560 4538 tunciiet,
577 4467 738 4544 significans
753 4484 816 4526 esse
828 4467 946 4526 futurum
964 4486 971 4525 ι
1023 4486 1091 4545 ergo
1105 4469 1153 4527 fiet
1166 4485 1259 4526 sermo
1272 4468 1318 4542 qui
1332 4467 1449 4542 scriptus
1462 4475 1514 4526 εει.
1532 4469 1590 4541 (33)
1604 4469 1667 4524 Νοιι
1681 4467 1766 4525 modo
1778 4464 1816 4534 fir,

164 4576 221 4618 non
235 4559 282 4628 ait,
298 4559 387 4616 iactus
402 4567 452 4628 est,
479 4566 610 4632 tanquam
628 4557 663 4616 de
682 4556 833 4630 praeterito,
854 4573 890 4614 ne
912 4556 975 4632 quis
1023 4559 1074 4616 sed
1087 4567 1152 4616 tunc
1166 4557 1222 4616 liet.
1238 4557 1310 4627 Quid
1324 4565 1390 4616 tunc
1404 4556 1475 4616 ficet
1491 4556 1628 4628 Absorpta
1642 4563 1685 4614 est
1696 4572 1782 4624 mors,
1792 4553 1819 4610 id

164 4655 274 4724 putaret
296 4664 358 4704 esse
380 4647 482 4705 dictum
506 4647 542 4704 da
564 4653 653 4718 morte
672 4645 806 4716 interiori,
822 4646 895 4720 quod
916 4646 975 4717 jam
1023 4655 1065 4706 est
1078 4647 1223 4706 delectatio
1235 4646 1393 4720 peccandi?
1408 4645 1637 4720 (summensis,
1645 4643 1675 4702 id
1684 4644 1820 4702 eatinhcc

164 4739 267 4797 tactum
282 4743 333 4793 est.
349 4737 398 4794 ilbi
411 4739 463 4804 ert,
494 4734 643 4811 [amaros]
656 4736 715 4793 baec
738 4742 898 4793 suntverba
911 4749 975 4808 pro-
1023 4735 1097 4810 qucd
1120 4735 1191 4794 servi
1211 4734 1263 4792 liei
1289 4734 1399 4793 vincent
1432 4732 1688 4807 concupiscentiam
1720 4730 1818 4796 camb,

163 4828 254 4901 pbetee
268 4825 312 4882 vel
344 4823 467 4898 Apostoli
489 4823 606 4882 laetantis
620 4831 647 4882 et
675 4823 755 4881 morti
776 4822 933 4880 insultantis
946 4823 975 4880 in
1023 4832 1089 4882 tunc
1114 4824 1205 4883 vincet
1235 4839 1290 4897 pax
1312 4831 1340 4880 et
1363 4821 1472 4880 finietur
1495 4821 1608 4891 badum,
1630 4819 1707 4878 nulla
1730 4821 1821 4879 erita

163 4929 283 4989 persona
293 4913 504 4989 resurgentium,
515 4921 545 4971 ut
554 4913 654 4972 certior
677 4913 711 4970 sit
729 4913 894 4971 resurrectio
905 4912 972 4986 (aa).
1023 4920 1112 4971 morte
1126 4913 1264 4972 contentio
1286 4919 1315 4970 ut
1335 4912 1418 4970 modo
1432 4919 1483 4969 est.
1499 4910 1588 4968 Primo
1603 4906 1821 4983 concupiscentia

163 5005 208 5063 ait
223 5019 292 5079 ergo
306 5020 339 5061 ex
353 5019 471 5076 persona
485 5003 710 5076 resurgentium:
729 5003 838 5070 ilbiert,
856 5018 972 5073 amors,
1024 5003 1116 5062 carnis
1139 5010 1285 5077 sequentes
1307 5000 1384 5059 duxit
1406 5016 1467 5072 nos,
1492 5007 1588 5073 postea
1606 4998 1757 5058 renitentes
1776 5011 1820 5054 cr·

165 5093 300 5168 corporis,
316 5093 422 5152 scilicet
435 5094 556 5151 victorin
580 5096 641 5161 tan,
656 5092 685 5149 id
704 5099 747 5148 est
768 5090 899 5163 potentia,
917 5106 974 5164 qua
1023 5091 1104 5150 traxit
1117 5108 1177 5158 nos,
1201 5090 1301 5148 deinde
1315 5097 1426 5164 accepta
1439 5088 1531 5162 gratia
1545 5089 1628 5163 coepit
1642 5103 1694 5145 nos
1707 5102 1763 5145 nac
1774 5083 1822 5142 du·

165 5198 262 5241 ornnes
276 5180 457 5251 dissolvebas,
474 5196 529 5255 qua
549 5197 645 5240 omnes
659 5181 700 5240 sic
713 5180 830 5252 viceras,
845 5186 875 5238 ιιι
892 5179 973 5237 etiam
1023 5195 1098 5250 cere,
1129 5193 1183 5238 nec
1207 5179 1322 5252 trahere,
1356 5178 1406 5236 sad
1427 5178 1592 5236 contendere
1620 5176 1710 5234 adbuc
1731 5172 1822 5232 nobis·

164 5386 171 5430 p
201 5359 258 5428 (29)
276 5363 340 5426 dag.
353 5361 521 5428 basymbolo.
1057 5358 1109 5424 (δι)
1127 5361 1202 5424 Aug„
1214 5359 1239 5412 lu
1251 5359 1295 5411 lib.
1307 5359 1399 5423 Queat.
1411 5357 1542 5412 Llllllllll.

201 5429 253 5490 tto)
272 5429 308 5480 ld.
322 5429 357 5480 ba
372 5441 427 5483 ser.
444 5431 469 5482 iu
482 5429 577 5482 monte.
1059 5425 1113 5492 (33)
1132 5425 1181 5490 ld,
1195 5427 1230 5478 Ito
1241 5427 1324 5478 verbis
1334 5428 1422 5491 apost.

201 5495 256 5563 (ιιι)
275 5494 533 5562 ld.,adtlnreetlunr.
1058 5493 1114 5563 (ιιι)
1132 5492 1435 5560 1ι.,ιιιιιειιπιιιειειι.
