3940 6066
158 268 228 326 laea
832 255 933 312 earm
952 253 1131 311 conseant
1239 253 1245 262 ’
1397 237 1400 246 ’
1739 252 1809 309 raas

160 389 196 444 ad
223 382 460 460 significationem.
485 381 610 450 Quatuor
643 379 716 436 enim
750 387 841 451 partes
872 379 954 434 habet
967 377 1152 441 Aserimrdia
1172 386 1199 433 et
1218 375 1339 447 judicio,
1360 374 1465 444 tertius,
1485 376 1521 432 de
1534 373 1615 431 lande
1634 374 1685 431 Dei
1699 374 1727 428 in
1741 390 1808 430 san·

162 475 282 532 mundus
305 481 332 530 et
356 487 453 542 annus,
469 460 505 526 ἐι
529 476 646 542 quatuor
670 476 731 524 sunt
759 468 902 536 elementa,
929 484 962 522 ex
1013 467 1064 523 ctis
1087 467 1154 536 ejus.
1182 465 1229 520 lsti
1253 473 1315 520 sunt
1338 479 1456 536 namque
1480 471 1534 520 tres
1559 471 1646 520 status
1669 462 1811 535 religionis

165 563 265 638 quibus
295 561 386 619 omnia
409 574 529 632 corpora
560 565 708 615 constant:
724 557 851 613 denarius
871 563 963 612 autern
1013 554 1183 614 Christiana.
1209 554 1253 612 Sic
1276 553 1348 609 enim
1372 553 1408 608 ad
1432 561 1559 608 eternam
1583 552 1745 623 beatamque
1768 549 1812 632 ri7

163 652 256 727 legem
279 649 414 725 significat
439 656 552 721 propter
571 647 741 719 Dacalogum
763 644 962 709 mandatorum,
1013 652 1067 698 tam
1081 642 1227 699 tendimus.
1244 641 1321 697 Prius
1335 657 1386 713 per
1403 641 1590 713 paenitentiam
1604 648 1717 712 peccata
1730 639 1812 694 dam-

164 751 226 808 quae
248 734 359 790 inerunt
390 731 490 804 scripta
510 731 539 786 in
572 729 678 784 tabulis.
702 728 770 786 lluic
799 735 890 783 autem
910 743 963 781 nu·
1013 747 1119 798 namus,
1135 741 1250 788 vocante
1265 731 1323 786 Deo
1347 730 1381 785 ad
1399 729 1596 801 poenitentiam,
1613 744 1682 802 quos
1695 728 1767 800 apud
1781 743 1813 784 se

164 839 250 892 mero,
276 821 379 879 scilicet
402 818 633 893 quadragenario,
657 817 767 872 additur
781 815 919 882 debarim,
935 821 964 868 ut
1013 819 1042 875 in
1063 817 1170 875 occulto
1197 816 1410 889 praedestinavit.
1436 816 1502 872 Inde
1525 832 1575 888 per
1598 815 1812 872 misericordiam

168 910 368 986 quinquaginta
403 907 599 980 compleantur.
631 905 767 962 Denarius
793 905 852 960 viro
883 903 964 959 vitam
1012 905 1150 978 justificati
1173 906 1243 962 bene
1264 904 1390 973 vivimus,
1414 920 1449 960 ne
1468 904 1600 975 judicium
1623 904 1652 960 in
1669 902 1758 962 tuturo
1773 903 1811 959 ti-

165 1009 297 1058 aeternam
315 995 461 1070 significat.
482 996 595 1051 Constat
622 993 695 1050 enim
715 1009 747 1049 er
768 992 855 1048 tribus
877 999 903 1048 et
918 1007 965 1046 se·
1014 1011 1147 1063 meamus,
1172 995 1231 1052 Deo
1250 1002 1362 1051 vocatos
1377 991 1542 1064 justificante
1564 993 1609 1050 hic
1631 1009 1680 1063 per
1702 992 1812 1048 miseri-

170 1097 254 1162 ptam.
278 1086 425 1144 Ternarius
448 1085 484 1141 ad
507 1091 627 1140 sanctam
656 1081 813 1138 Trinitatem
837 1080 963 1136 refertur.
1015 1084 1136 1142 cordiam
1151 1092 1177 1140 et
1200 1083 1325 1139 lunarem
1344 1082 1448 1152 judieii,
1469 1081 1498 1137 in
1511 1098 1566 1155 quo
1577 1081 1679 1166 jndicio
1693 1081 1728 1138 de
1741 1080 1812 1138 eivi-

168 1176 343 1249 Septenarins
361 1188 427 1231 vero
451 1172 497 1245 qui
520 1180 626 1228 constat
648 1187 681 1228 ex
704 1171 790 1227 tribus
808 1177 834 1225 ει
850 1175 965 1241 quatuor
1015 1181 1070 1228 tate
1083 1172 1192 1229 Domini
1215 1171 1407 1242 disperdentur
1427 1185 1522 1226 ornnes
1536 1170 1583 1242 qui
1596 1178 1742 1242 operantur
1756 1169 1812 1225 ini<

167 1266 205 1322 ad
247 1263 383 1336 duplicem
409 1261 527 1318 bominis
553 1268 688 1328 naturam,
724 1259 771 1332 qui
799 1265 905 1315 constat
932 1274 965 1313 er
1016 1261 1154 1334 quitatem.
1185 1261 1306 1316 Tandem
1332 1260 1367 1314 ad
1400 1259 1479 1315 vitam
1503 1257 1648 1332 glorificati
1672 1258 1812 1328 miramus,

169 1353 261 1410 anima
284 1358 312 1408 et
332 1367 457 1423 corpore.
483 1350 525 1406 Ad
549 1349 668 1404 animam
691 1347 807 1419 pertinet
829 1345 966 1402 ternarius
1015 1349 1062 1404 ubi
1075 1351 1166 1405 Deum
1182 1349 1240 1404 siae
1257 1347 1309 1404 tine
1332 1347 1485 1416 laudamus,
1505 1348 1541 1403 ad
1556 1349 1607 1404 boo
1622 1347 1712 1415 etiam,
1728 1347 1756 1402 id
1772 1356 1814 1403 est

170 1450 282 1514 propter
301 1439 435 1512 triplicem
458 1437 513 1494 vim
534 1437 651 1504 animm,
671 1434 861 1509 quaternarius
878 1432 966 1505 perti·
1016 1438 1050 1493 ad
1065 1438 1115 1493 bos
1129 1446 1186 1493 tres
1201 1435 1490 1511 statusdesignandos,
1501 1437 1574 1508 quod
1584 1436 1716 1492 Dominus
1730 1435 1768 1492 ait
1785 1435 1813 1490 in

168 1536 215 1585 net
230 1529 266 1584 ad
279 1543 381 1599 corpus
395 1535 508 1599 propter
523 1533 637 1599 quatuor
652 1525 797 1581 elementa.
814 1524 890 1579 Tunc
910 1521 966 1594 igi·
1016 1525 1168 1599 Evangelio
1181 1543 1188 1582 :
1200 1527 1269 1582 Ecce
1279 1526 1361 1597 ejicio
1371 1525 1520 1589 demonia,
1538 1529 1567 1580 el
1581 1525 1813 1598 sanitatesperfi·
1887 1553 1891 1560 ·

168 1625 213 1674 tur
226 1615 385 1672 aeternitatis
408 1613 547 1670 beatitudo
568 1613 597 1668 in
619 1613 699 1668 nobis
722 1609 887 1684 perficietur,
904 1625 966 1665 oum
1017 1614 1397 1680 nichodieetcras,etter·tiu
1405 1613 1636 1670 discensummor
1648 1615 1726 1682 (Luc.
1738 1617 1812 1684 χιιι),

168 1705 310 1777 utriusque
334 1712 437 1760 naturae
460 1709 562 1759 nostrae
575 1701 743 1758 sabbatismo
759 1699 835 1771 potiti
850 1698 966 1754 Trinita-
1017 1702 1158 1759 Daemonia
1180 1701 1253 1772 ejicit
1277 1718 1337 1758 cum
1367 1717 1417 1757 nos
1440 1717 1456 1755 a
1487 1701 1606 1773 peccatis
1627 1701 1815 1772 poenitentiam

167 1794 189 1849 ιι
214 1793 341 1850 increatas
375 1791 580 1864 conjungemur.
619 1788 720 1845 Addita
756 1803 824 1859 argo
855 1785 967 1842 denario
1018 1791 1108 1846 solvit.
1134 1779 1281 1846 Sanitatem
1308 1787 1414 1861 perficit
1440 1805 1501 1845 cum
1524 1805 1573 1861 per
1596 1788 1815 1846 misericordiam

169 1879 384 1954 quadragenario
408 1879 480 1935 velut
505 1877 641 1946 mercede,
667 1891 717 1948 pro
741 1876 853 1946 impleta
872 1874 901 1929 in
914 1875 967 1930 bac
1014 1879 1087 1948 juste
1111 1878 1204 1934 virere
1225 1877 1300 1935 tacit.
1329 1878 1360 1933 ln
1381 1877 1472 1934 futuro
1495 1878 1734 1946 consummabitur,
1751 1894 1815 1935 cum

169 1969 224 2025 rita
238 1968 301 2041 lege
314 1967 365 2024 Dei
379 1966 494 2032 reddita,
510 1966 571 2036 ipsa
585 1965 722 2022 aetemitas
736 1962 882 2037 liguratur.
900 1963 967 2019 ldeo
1017 1983 1068 2023 nos
1082 1967 1234 2024 coronabit.
1260 1965 1337 2035 Quos
1356 1974 1441 2021 status
1468 1967 1549 2022 etiam
1566 1966 1595 2021 in
1617 1983 1668 2023 sua
1683 1967 1815 2038 passione

169 2071 236 2131 erqo
259 2057 313 2112 boc
336 2070 452 2110 numero
475 2053 596 2124 psalmos
619 2052 750 2117 distinxit,
776 2059 804 2106 ut
831 2048 967 2124 significet
1017 2063 1044 2110 et
1068 2055 1259 2111 dormitatione
1281 2062 1308 2109 ει
1327 2053 1500 2128 evigilatione
1526 2054 1653 2111 ostendit.
1678 2056 1709 2110 ln
1731 2071 1814 2112 eruca

173 2143 290 2216 eosqui
313 2141 485 2215 inpraesenti
517 2142 596 2211 bajus
624 2140 784 2211 psalmodiae
816 2139 967 2196 doctrinam
1017 2143 1089 2198 enim
1108 2143 1246 2214 patiendo,
1264 2143 1299 2198 de
1321 2141 1430 2199 diabolo
1444 2142 1628 2214 triumpharit,
1644 2143 1673 2198 in
1687 2143 1816 2216 sepulcro

171 2239 280 2289 servant
304 2231 394 2302 legem
419 2229 545 2301 implere,
565 2235 592 2284 et
609 2228 724 2284 denario
738 2237 849 2283 aeternae
863 2227 924 2284 vitae
938 2226 966 2282 in
1017 2231 1127 2303 quierit,
1164 2231 1191 2286 in
1221 2230 1422 2287 resurrectione
1453 2230 1597 2288 exsultavit
1620 2246 1627 2286 :
1651 2231 1690 2286 ita
1712 2238 1739 2288 et
1762 2248 1815 2288 nos

175 2319 266 2376 tuturo
287 2317 424 2388 coronari,
445 2317 584 2391 assignata
611 2317 721 2391 gemina
744 2316 857 2382 ratione,
881 2331 966 2387 quare
1016 2319 1174 2391 poenitentia
1196 2334 1251 2390 qna
1272 2319 1406 2375 vincimus
1428 2318 1576 2386 diabolum,
1592 2319 1702 2376 cruciat.
1725 2320 1815 2376 lusti-

171 2424 222 2482 per
242 2406 440 2480 quinquaqinta
463 2405 581 2461 distincti
604 2413 666 2460 sunt
686 2403 792 2476 psalmi.
814 2404 967 2459 Videndum
1016 2407 1053 2462 tia
1067 2423 1120 2479 qua
1135 2422 1152 2462 a
1165 2407 1246 2464 malis
1261 2407 1437 2478 quiescimus,
1451 2408 1616 2480 tranquillat.
1633 2408 1814 2480 l'itaaeterna,

171 2504 214 2552 est
227 2511 311 2569 qnare
325 2493 527 2566 distinguantur
541 2509 591 2564 per
605 2500 660 2548 tres
668 2492 886 2565 quinquagenas.
902 2491 966 2547 Ideo
1016 2495 1064 2550 nbi
1079 2495 1185 2552 videtur
1207 2497 1280 2551 Dens
1304 2495 1374 2552 siout
1399 2503 1448 2564 εει,
1472 2495 1608 2568 glorificat
1621 2504 1702 2570 atque
1712 2498 1816 2567 jucun-

169 2583 274 2640 sciticet
298 2590 327 2639 ut
352 2581 507 2637 insinuetur
534 2580 614 2636 beata
640 2580 767 2648 Trinitas,
792 2595 852 2652 quta
875 2579 966 2635 omnia
1016 2584 1071 2640 dat.
1087 2583 1255 2640 Poenitentioe
1269 2583 1354 2655 igitur
1368 2599 1420 2640 vox
1430 2592 1472 2641 ast
1487 2599 1494 2639 ε
1512 2585 1637 2642 Miserere
1645 2587 1712 2652 mci,
1728 2586 1813 2644 Dcnr.

164 2670 293 2742 praedicta
323 2676 442 2741 praestat.
474 2671 563 2724 Donat
594 2667 667 2724 enim
689 2666 874 2738 septilormem
899 2681 966 2739 gra·
1014 2672 1129 2727 lustitiae
1152 2687 1205 2728 vox
1225 2680 1267 2728 est
1284 2687 1290 2726 :
1306 2673 1524 2730 Misericordiam
1535 2678 1572 2730 ct
1583 2675 1727 2746 judiciam
1741 2691 1814 2731 ann-

168 2758 243 2824 tiam,
264 2759 341 2828 juvat
362 2757 398 2812 ad
416 2754 582 2829 implendam
603 2755 702 2828 legem,
726 2763 753 2811 et
773 2755 800 2810 in
815 2754 905 2811 tuturo
920 2771 965 2810 re·
1017 2762 1078 2817 mbo
1100 2761 1161 2826 titt,
1182 2761 1310 2818 Domine,
1334 2762 1402 2816 vitae
1427 2769 1537 2818 aetemae
1559 2777 1612 2820 vox
1631 2771 1672 2820 est
1688 2779 1695 2818 :
1713 2763 1813 2822 omnis

165 2853 298 2912 munerat,
324 2844 393 2902 siout
415 2860 478 2901 curn
506 2843 614 2899 trinitas
638 2843 798 2914 multiplicat
830 2842 966 2916 qninqua-
1015 2851 1133 2922 epirum
1148 2849 1244 2906 medea
1259 2850 1421 2906 Dominum,

165 2933 250 3006 gina,
274 2932 375 2990 iaciunt
398 2939 507 2990 Genium
538 2932 742 3006 qninquaginta,
768 2932 814 3004 qui
835 2948 966 2988 numems
1066 2967 1199 3010 comario
1213 2970 1244 3010 m
1257 2968 1384 3011 asennaa
1403 2971 1435 3010 cn
1452 2971 1458 3012 :
1477 2978 1489 3009 ι
1506 2971 1772 3016 munnrnnonrnnn

167 3021 290 3079 omnium
302 3022 469 3093 psalmorum
484 3030 527 3078 ast
541 3029 688 3076 summast
701 3020 852 3093 plenitudo.
1232 3041 1263 3080 m
1277 3040 1390 3082 sinens
1405 3043 1479 3096 arus,
1499 3051 1510 3077 a
1527 3037 1579 3086 etc.

207 3112 283 3183 (189)
303 3110 396 3180 Quaeri
420 3125 528 3183 qnoque
543 3110 613 3166 solet
634 3117 725 3166 utrum
749 3126 821 3165 unus
849 3109 884 3164 sit
899 3089 1005 3164 liberc
1042 3114 1136 3195 ‘Vnus
1154 3116 1180 3168 t.
1195 3114 1680 3175 -LaudoteDominamiasoaetis
1694 3119 1765 3188 cjrcs.
1778 3118 1813 3174 D.

164 3200 348 3267 Psalmorum,
366 3215 402 3255 an
415 3200 519 3271 pluras.
543 3199 725 3270 Hieronymus
747 3199 868 3270 quinque
881 3197 967 3254 libros
1016 3185 1454 3268 H1010⁰y113u⁵‚‚io⁸ao⁶i⁰⁶i3“l
1470 3188 1816 3271 flliiiiotooctitalfflive

166 3287 230 3344 dicit
270 3303 332 3344 esse
371 3295 484 3359 propter
520 3286 640 3359 quinque
674 3285 872 3353 distinctiones,
906 3301 967 3358 quaa
1016 3258 1180 3312 mmmm
1194 3255 1816 3339 eimisepmssmmilwiidiifflfflae'eimu‘

166 3369 234 3427 suni
248 3387 297 3442 per
311 3369 365 3439 nai,
390 3369 445 3426 aar.
463 3369 512 3425 eur
535 3369 648 3425 obviare
662 3369 769 3424 videtur
782 3369 854 3442 quoa
870 3369 968 3425 eicitur
1016 3337 1291 3465 {ss‡{,⁸¹,fi³¹ss,¹{¹,2{{{i
1313 3339 1709 3468 ,ffffigriffisffiggssuffiffssi‘sissff
1722 3341 1815 3485 ,2ss22

167 3459 196 3514 in
211 3458 516 3530 llctibusapostolorum
534 3474 541 3512 :
558 3458 835 3530 Sicutscriptnmert
851 3459 882 3513 in
898 3458 967 3515 libro
1036 3495 1098 3534 uam
1121 3486 1184 3533 susp
1206 3477 1309 3535 iufmq„
1333 3480 1393 3536 1004,
1413 3481 1475 3548 apq,
1499 3481 1597 3553 quibus
1619 3491 1695 3539 ceno
1710 3485 1816 3540 cenius

168 3549 346 3606 Psalmoram
359 3547 433 3618 (Act.
450 3549 482 3618 ι),
503 3561 558 3602 non
578 3546 606 3600 in
629 3545 706 3602 lilaris
726 3545 799 3614 dicit,
819 3547 868 3602 sed
888 3545 917 3602 in
931 3546 967 3601 li-
1017 3496 1220 3606 demonstratur
1242 3559 1351 3607 sanctos
1371 3567 1432 3608 esse
1448 3553 1618 3609 venerandos
1640 3555 1744 3610 bonore
1760 3555 1816 3610 de-

169 3634 220 3692 bro
244 3635 318 3702 dicit,
342 3633 420 3707 quasi
440 3650 511 3690 unus
535 3633 569 3690 sit
592 3633 673 3701 liber,
698 3650 752 3690 non
776 3634 879 3706 plures,
895 3635 968 3707 quod
1017 3620 1082 3686 bito,
1098 3635 1154 3676 non
1176 3627 1268 3677 tamen
1288 3629 1365 3677 extra
1387 3622 1459 3678 viam
1477 3623 1521 3678 hic
1535 3623 1611 3680 locus
1625 3622 1661 3679 ad
1676 3626 1728 3681 boo
1742 3625 1816 3681 eita-

172 3732 263 3782 tamen
278 3712 412 3794 superiori
426 3739 481 3779 non
504 3729 649 3794 repugnat.
672 3723 745 3780 Bene
760 3739 878 3795 namque
891 3723 968 3780 multi
1017 3697 1112 3817 mm
1114 3709 1133 3827 tv,
1134 3691 1159 3816 ΘΞ
1159 3690 1700 3836 ἐὲῇξὲινξᾞὲἑῗῃὲθΗξαᾚιζωῦὲῗὲξῐῗ
1712 3697 1758 3822 ‘1³³5
1761 3711 1818 3824 33⁶

172 3812 245 3879 libri,
262 3828 332 3868 unus
357 3811 428 3868 liber
449 3811 584 3880 dicuntur,
605 3819 634 3867 ut
653 3811 746 3868 multae
758 3811 890 3868 Ecclesia
904 3827 966 3878 una,
1018 3839 1094 3888 nom
1114 3834 1268 3888 Munsqems
1294 3834 1322 3888 jn
1341 3834 1461 3890 scholiis,
1477 3835 1564 3892 Nemo
1587 3845 1676 3892 ,utem
1691 3837 1817 3894 emp,

171 3908 196 3957 et
211 3899 288 3956 multi
302 3899 365 3957 coeli
378 3895 968 3972 unumc'nelum.UndeScripturadicitquod
1018 3918 1066 3960 cus
1084 3911 1172 3974 potest
1191 3903 1315 3959 dubitare
1337 3904 1425 3960 virum
1450 3913 1573 3962 sanetum
1593 3923 1654 3963 esse
1676 3908 1728 3963 Dai
1741 3915 1817 3964 tem-

173 4003 251 4061 aquae
265 3997 328 4044 sunt
342 4005 424 4061 snpra
447 3987 658 4057 firmamentum,
675 3989 703 4045 id
718 3997 759 4044 est
772 3990 870 4046 coelum
885 3989 966 4061 (Gen.
1017 3973 1101 4056 Pium·
1120 3975 1195 4045 iuli&
1215 3974 1366 4044 EDiSiOlssm
1380 3992 1399 4042 Ι,
1416 3976 1478 4032 θοι·
1502 3981 1517 4031 3
1534 3984 1560 4032 0²
1579 3981 1604 4033 6·
1620 3978 1654 4033 Et
1668 3977 1817 4035 Chaldaeus

173 4077 205 4150 1).
222 4078 256 4132 Et
270 4077 367 4133 eadem
382 4077 419 4133 ait
435 4094 442 4132 :
457 4079 493 4135 lit
508 4093 597 4150 nquoe,
618 4095 679 4151 qoae
693 4094 779 4151 snper·
791 4079 873 4134 colos
888 4081 967 4134 sunt.
1017 4053 1216 4127 mmmmm
1234 4047 1265 4126 in
1276 4045 1525 4145 d⁰ii²⁰⁸⁰n⁶iwii
1539 4050 1609 4119 cim·
1620 4049 1697 4104 Adde
1711 4049 1816 4136 imni·

174 4164 250 4220 ldam
276 4163 436 4237 significans
457 4181 507 4236 par
520 4165 605 4222 coelos
620 4173 647 4222 et
660 4165 868 4234 firmamentum,
884 4166 911 4220 id
928 4172 969 4220 est
1018 4130 1092 4258 2¹:⁴¹?
1105 4115 1330 4259 ἒὲὶξὲῗῃιὲωἶὶ,
1345 4119 1816 4267 ξζξέὃωίἐῖἶῖζοὶζπίιὲᾞὴῗ

173 4251 282 4309 aarum.
307 4251 499 4308 solestanum
517 4253 571 4310 uei
594 4252 622 4308 in
644 4254 713 4309 libro
736 4254 915 4320 assiriorum,
941 4253 969 4308 ιι
1018 4219 1820 4360 ,sed‘qmd„„„,‘„,‚,1„„„'„-fi„}²„„,j„;q„,,5⁸2

173 4339 255 4396 estin
271 4339 363 4412 aliquo
376 4341 446 4396 libro
465 4339 574 4398 illorum
597 4341 724 4415 quinque,
749 4342 822 4414 quod
837 4342 968 4397 tamenin
1018 4342 1126 4425 legitur,
1142 4353 1242 4406 ιιι-ιη
1265 4361 1456 4427 anononacno.
1487 4349 1600 4420 Insuper
1625 4366 1653 4404 ιιι
1679 4349 1818 4434 principio

172 4443 223 4484 usn
237 4427 381 4485 locutionis
407 4427 451 4486 rel
475 4444 530 4485 non
551 4437 603 4496 est,
618 4430 662 4486 vel
676 4445 739 4486 raro
753 4438 804 4486 est.
818 4429 1005 4506 Duodecimn
1018 4414 1116 4484 psalml
1141 4429 1255 4482 cxlviii,
1279 4416 1422 4473 timebitur
1438 4433 1444 4473 ἲ
1460 4419 1588 4476 laudate
1606 4421 1759 4476 liminum
1781 4422 1817 4478 de

173 4517 366 4590 prophetarum
392 4516 475 4574 etiam
496 4534 565 4573 unus
595 4517 665 4574 liber
688 4518 795 4586 dicitur,
824 4526 850 4574 ει
871 4535 967 4574 omnes
1016 4486 1820 4633 gffciggifflasss{¹535iagggg’i‘g’tffffiffii‘sffiffl}

173 4605 254 4662 etiam
271 4605 411 4664 canonioae
434 4605 579 4679 Scripturas
593 4622 610 4662 ιι
625 4606 787 4678 quibusdam
811 4624 880 4662 unua
898 4606 968 4664 liber
1016 4627 1133 4683 celsum⁶
1164 4629 1287 4700 Denique
1310 4628 1344 4684 D·
1374 4630 1513 4702 Chrysost·
1536 4632 1564 4686 in
1586 4632 1659 4689 huno
1679 4632 1819 4703 psalmum

171 4709 233 4750 esse
253 4693 387 4762 dicuntur,
410 4709 443 4750 εο
468 4695 541 4766 quod
563 4694 680 4749 mirabili
704 4702 730 4750 ει
753 4694 843 4751 divina
864 4695 966 4752 unitate
1017 4696 1104 4752 citans
1118 4705 1263 4770 utramque
1283 4699 1438 4767 lectionem,
1459 4701 1634 4758 nihilominus
1649 4702 1816 4775 interpreta-

169 4781 346 4839 00n00rdenp,
372 4782 441 4839 plud
472 4798 580 4855 quoque
603 4798 657 4838 non
680 4790 769 4852 vam,
792 4783 841 4839 sed
867 4799 968 4858 magn,
1015 4775 1061 4822 tur
1073 4767 1109 4824 de
1123 4769 1234 4825 sanctis.
1249 4768 1358 4837 «Alius,
1369 4771 1465 4843 inquit,
1477 4773 1508 4828 in
1518 4779 1631 4830 sanctos
1642 4774 1713 4844 ejus,
1730 4775 1816 4842 alius,

169 4869 388 4928 ⁰⁰¹¹Sid⁰¹⁸⁸ii⁰¹¹⁰
410 4871 524 4944 dignum
544 4870 661 4940 videtur,
679 4872 752 4944 quod
766 4871 871 4943 primus
885 4873 966 4945 qnin-
1016 4839 1049 4894 in
1074 4840 1301 4966 ‘femiifitffltiooc
1324 4843 1751 4968 gin.1ttut51epopulobicait,
1769 4855 1819 4902 aut

167 4957 344 5032 quagesimus
367 4959 424 5032 agit
443 4960 479 5015 de
501 4959 660 5032 paenitentia
669 4980 680 5029 ,·
695 4960 841 5028 secundus,
863 4958 898 5016 de
912 4960 966 5016 mi·
1016 4925 1323 5052 gigfsaroessagffiffnf
1329 4929 1393 5041 323
1407 4928 1531 5040 i‘fleiffoe
1550 4924 1669 4983 malls,
1684 4925 1733 4972 tul
1746 4933 1818 4988 pro-

204 5134 278 5204 (aaa)
289 5137 325 5190 Dc
333 5136 403 5190 libris
413 5137 567 5192 Psalmorum
578 5139 632 5192 tnnc
645 5140 669 5191 tn
683 5139 794 5207 protero
