3938 6068
201 239 253 291 9³5
863 231 966 288 PETRI
994 228 1182 287 tolluntur.
1795 239 1851 290 936

200 359 258 414 bovi
270 356 422 412 trituranti
433 355 612 426 (Deutxxv),
625 363 651 410 et
663 371 669 410 ι
681 358 788 428 Dipnus
799 357 994 430 estapererius
1008 356 1152 424 Aoportet
1175 355 1248 428 quod
1272 371 1356 428 supra
1387 356 1566 426 ostendimus,
1590 356 1634 412 vel
1658 357 1846 426 distinximus,

198 442 326 500 mercede
335 459 387 500 asto
405 443 515 511 (llattlu
532 444 573 514 x).
590 444 732 500 Debentur
746 444 817 501 enirn
832 445 995 524 praedicato·
1046 441 1150 498 scilieet
1173 450 1201 498 ut
1215 443 1312 500 educat
1330 453 1405 500 terra
1420 445 1502 502 etiarn
1515 445 1615 501 oleum.
1637 445 1686 501 Vel
1701 453 1739 512 tu,
1755 447 1842 512 Deus,

201 532 278 587 ribus
292 531 463 603 temporaha,
479 531 525 603 qui
552 531 706 605 largiuntur
734 533 892 605 spiritualia.
918 533 995 589 Unde
1045 546 1076 585 es
1090 531 1244 602 producens
1271 531 1373 600 lenum,
1390 541 1419 588 ut
1441 534 1542 590 edueas
1571 533 1652 589 etiarn
1675 533 1779 590 oleum.
1799 536 1845 590 Ad

200 620 349 692 Apostolus
366 637 373 675 :
389 620 418 676 st
432 621 635 678 seminavimus
650 621 724 679 vohis
734 622 910 693 spiritualia,
930 638 994 678 ma·
1045 618 1110 690 quid
1133 619 1234 676 educas
1256 621 1374 678 oleum?
1388 623 1422 678 ιιι
1436 622 1517 678 homo
1533 622 1674 692 exhilaret,
1690 621 1718 676 id
1734 630 1777 678 est
1791 623 1844 679 lae-

199 713 337 782 onomast
347 710 373 766 si
383 711 514 766 earrtaliu
524 713 766 766 vestramctomus
776 709 802 782 (l
810 710 870 767 Gor.
882 709 995 782 rx);pro
1045 705 1127 764 tilieet
1140 709 1245 780 sociem
1261 725 1348 780 suam,
1364 710 1392 766 id
1413 719 1455 766 est
1465 719 1595 782 mentem,
1622 712 1654 767 in
1669 711 1738 777 eleo,
1755 711 1783 767 id
1799 720 1843 768 est

198 797 408 870 quibusdieitur
425 799 545 854 :Beatus
568 797 671 870 estqui
696 807 869 870 praeoaeupat
898 814 993 855 vocem
1043 793 1071 849 iu
1099 796 1216 867 quadarn
1243 798 1329 871 gratia
1359 797 1473 870 Spiritus
1503 799 1599 867 sancti,
1629 815 1683 871 qua
1697 800 1839 873 gratiosus

197 885 318 957 petituri,
333 885 413 941 idest
427 887 475 958 qui
489 886 627 957 intellipit
644 903 730 960 super
744 903 863 958 coenam
877 892 906 944 et
919 904 993 960 pau·
1043 881 1159 940 efficitur
1173 885 1245 955 apud
1261 885 1338 941 alios.
1356 885 1507 960 Unicuique
1529 887 1601 943 enirn
1616 885 1695 942 datur
1718 885 1841 958 spiritus,

197 989 292 1048 perem
307 976 393 1044 (Prot.
409 974 467 1044 xa).
483 975 545 1030 Non
573 974 645 1030 enim
660 974 698 1030 ita
724 975 811 1031 debes
834 990 916 1047 agere
930 975 994 1032 bovi
1044 970 1114 1028 sicut
1124 972 1161 1028 ait
1174 973 1331 1044 Apostolus,
1347 974 1382 1030 ad
1402 974 1647 1031 manifestationem
1658 976 1696 1046 (ll
1710 975 1771 1032 Cer.
1787 976 1841 1046 rr).

196 1062 338 1132 trituranti,
357 1069 386 1118 ut
398 1062 505 1119 medico
533 1063 684 1120 transeunti
701 1083 708 1128 ;
724 1063 771 1129 illi,
798 1064 826 1118 id
849 1071 890 1120 est
913 1079 993 1120 men·
1043 1058 1138 1114 Gratia
1158 1075 1226 1134 erro
1246 1061 1381 1133 quadam,
1404 1071 1431 1118 et
1452 1062 1524 1119 nitor
1546 1062 1665 1136 quidam,
1683 1061 1729 1135 qui
1749 1063 1844 1120 estad

194 1152 257 1208 dieo
271 1153 331 1219 das,
348 1151 413 1223 quia
426 1151 527 1224 legitur
543 1167 549 1206 :
568 1151 651 1208 Omni
664 1149 917 1225 perextremum.
941 1155 990 1224 vr).
1042 1146 1166 1204 hemines
1181 1149 1215 1204 ad
1229 1149 1429 1206 conciliandum
1450 1158 1573 1208 sanctum
1588 1165 1709 1208 amorem
1726 1150 1843 1218 ,oleum

195 1240 264 1296 liuia
278 1255 344 1296 vero
359 1239 440 1296 etiam
454 1255 509 1295 non
523 1239 624 1311 petenti
639 1241 706 1296 dare
723 1239 817 1314 debes,
832 1240 900 1296 Vide
925 1256 993 1312 erga
1042 1234 1142 1292 dicitur
1167 1237 1227 1294 baee
1256 1237 1355 1310 gratia,
1381 1238 1558 1296 exoelleutius
1585 1237 1636 1294 luit
1661 1239 1690 1294 in
1718 1239 1842 1308 Christo,

194 1345 229 1386 ne
243 1328 283 1385 sic
304 1328 427 1400 indigeat
448 1327 526 1384 miles
550 1327 658 1394 Christi,
675 1336 704 1384 ut
731 1336 804 1400 petat
828 1337 864 1396 te,
877 1327 989 1398 iudicet,
1041 1322 1114 1380 unde
1132 1323 1167 1378 ab
1190 1325 1317 1382 omnibus
1340 1326 1475 1394 laudatur,
1494 1326 1576 1384 etiarn
1604 1325 1639 1382 ab
1667 1327 1707 1383 eis
1737 1328 1783 1399 qui
1807 1344 1839 1384 se

194 1417 222 1473 id
239 1425 281 1473 est
295 1415 481 1472 damnabilem
503 1416 640 1484 ostendat,
656 1423 801 1489 antequam
816 1422 899 1489 petat.
917 1417 992 1474 Sicut
1037 1411 1113 1480 jussa
1127 1412 1185 1481 ejus
1200 1413 1278 1485 sequi
1298 1428 1354 1470 non
1367 1429 1450 1486 posse
1470 1414 1573 1471 dicunt.
1598 1417 1712 1471 limatur
1727 1415 1761 1470 ab
1776 1431 1840 1471 om-

196 1505 268 1561 entm
283 1504 431 1562 uictimas
458 1504 505 1560 tuo
519 1505 566 1577 qut
594 1513 620 1560 rs
644 1504 742 1578 quaern
758 1523 765 1560 ι
781 1507 822 1562 na
835 1508 914 1562 emet
939 1523 991 1578 pe·
1039 1497 1129 1567 moos,
1160 1499 1322 1571 praeuieaxur
1349 1503 1385 1557 ιι
1412 1501 1549 1570 omnibus,
1584 1501 1839 1574 quaereremur

87 1589 99 1602 “
194 1595 275 1662 tenti,
292 1593 332 1651 sie
344 1594 379 1649 de
388 1609 422 1650 eo
436 1593 624 1665 praedicatore,
641 1610 721 1666 quern
737 1601 765 1648 tu
788 1610 911 1666 quaerers
938 1594 990 1650 de·
1039 1593 1137 1644 unctus
1149 1595 1200 1644 est.
1217 1589 1295 1645 Unde
1310 1597 1336 1645 et
1356 1590 1454 1646 dicitur
1469 1591 1600 1660 Christus,
1617 1591 1645 1646 id
1664 1596 1837 1649 estractus.

191 1682 241 1738 bes
254 1681 503 1739 diciturzliceudei
511 1683 686 1754 eleemosyna
696 1683 823 1739 inmanis
832 1686 892 1751 tua,
905 1682 989 1740 donec
1003 1676 1112 1768 ΒΕῦῦθ
1127 1677 1260 1745 Christus,
1275 1677 1303 1732 id
1331 1686 1373 1734 εει
1386 1687 1484 1736 unttlus
1507 1687 1579 1735 tolus
1607 1679 1635 1735 in
1659 1679 1732 1736 sein
1746 1695 1838 1736 mem-

192 1771 322 1828 invenias
328 1773 451 1843 justum,
461 1772 508 1828 cui
518 1769 565 1827 des
581 1769 678 1840 (dccli.
694 1772 785 1842 xxxv).
798 1769 879 1826 Omni
888 1771 990 1843 petenti
1041 1763 1108 1832 bris,
1124 1780 1205 1837 aquo
1220 1767 1312 1821 caeteri
1326 1766 1470 1838 ascipiunt.
1485 1769 1520 1824 llt
1534 1767 1701 1824 exhilaretur
1714 1767 1798 1825 iacies
1809 1769 1839 1824 in

193 1873 260 1932 ergo
276 1859 430 1931 quicunque
455 1856 488 1912 sit
507 1856 552 1925 da,
569 1873 725 1932 agnoscens
745 1858 773 1914 in
800 1874 833 1914 so
860 1858 904 1914 cui
929 1859 988 1916 des.
1040 1852 1112 1919 olea,
1128 1857 1157 1908 ct
1169 1853 1254 1926 partis
1261 1854 1398 1910 educitur.
1418 1856 1564 1928 Postquam
1579 1855 1646 1912 dixit
1660 1855 1726 1928 quid
1740 1855 1840 1914 efficiat

193 1947 247 2004 Sed
262 1947 346 2004 multo
360 1946 449 2020 magis
462 1946 499 2002 da
515 1961 595 2002 servo
610 1947 671 2013 Dei,
688 1945 765 2002 rniliti
783 1946 892 2013 Christi,
908 1947 990 2003 etiam
1040 1940 1131 1997 viuum
1145 1949 1172 1997 et
1199 1940 1298 2002 oleum.
1325 1941 1415 1998 subdit
1443 1943 1508 2015 quid
1522 1942 1619 2001 efficiat
1644 1943 1732 2016 panis,
1757 1945 1838 2014 cujus

194 2051 249 2093 noa
282 2035 393 2109 petenti.
424 2034 503 2092 Unde
527 2042 554 2091 et
581 2035 714 2091 Dominus
740 2034 845 2092 loculos
873 2036 990 2092 habebat
1040 2027 1151 2085 effectus
1178 2045 1259 2102 supra
1281 2046 1336 2087 nou
1351 2030 1516 2087 ostenderat.
1540 2030 1625 2100 Quasi
1647 2031 1718 2089 dieat
1735 2051 1741 2086 ι
1758 2033 1837 2088 Edu-

196 2125 287 2196 (Joarc.
303 2125 367 2197 ιιι),
385 2122 428 2180 vel
443 2121 537 2180 habuit
563 2122 591 2178 iu
614 2138 681 2179 usus
695 2137 787 2179 eorum
813 2123 859 2196 qui
873 2139 935 2182 eum
955 2139 988 2181 eo
1039 2116 1219 2186 eiturrinum,
1245 2125 1275 2172 ut
1290 2116 1408 2175 laetificet
1427 2133 1484 2186 cor,
1503 2126 1529 2175 et
1542 2119 1633 2176 oleum
1652 2127 1681 2174 ut
1704 2119 1837 2177 exhilaret

193 2221 281 2281 erant,
299 2220 326 2269 et
347 2227 411 2269 suos
431 2219 457 2268 et
471 2211 614 2284 religiosas
639 2211 778 2282 mulieres,
807 2212 835 2267 in
860 2213 988 2270 comitatu
1039 2202 1144 2262 fatiem·
1162 2207 1196 2261 El
1208 2206 1286 2278 panis
1296 2206 1428 2276 educitur,
1443 2211 1476 2263 ιιι
1486 2208 1636 2277 confirmet
1644 2225 1691 2266 car
1699 2209 1833 2266 hominis.

190 2318 252 2374 (μω
266 2300 455 2357 ministrabant
469 2299 543 2356 eide
558 2315 608 2356 sua
635 2299 786 2357 substantia
800 2299 895 2374 (Marc,
924 2302 986 2373 xv),
1038 2292 1207 2366 Temporalis
1232 2295 1312 2366 panis
1339 2296 1508 2352 stomachum
1534 2296 1688 2364 confirmat,
1706 2306 1832 2354 ventrem

190 2391 221 2446 111
235 2389 279 2446 his
309 2387 478 2446 infimorum
506 2403 651 2462 personam
674 2388 763 2461 magis
782 2388 984 2461 suscipiente33
1038 2380 1125 2453 replet
1141 2401 1148 2448 ·,
1165 2381 1273 2439 sedhic
1297 2392 1339 2438 est
1352 2382 1500 2455 spiritualis
1514 2384 1601 2455 panis,
1619 2385 1664 2458 qui
1691 2384 1837 2442 coufirmat

189 2478 315 2552 praeridit
328 2478 402 2536 enim
417 2477 517 2535 multos
530 2475 655 2534 infirmos
669 2477 697 2532 ia
720 2477 849 2534 eomitatu
869 2477 984 2544 luturos,
1037 2485 1095 2538 eor,
1124 2469 1190 2542 quia
1211 2469 1290 2542 panis
1311 2471 1404 2528 cordis
1430 2479 1481 2528 est.
1507 2472 1558 2529 llic
1581 2481 1622 2528 est
1643 2473 1722 2546 panis
1739 2473 1784 2548 qui
1798 2475 1835 2531 de

189 2576 217 2624 et
230 2567 282 2623 ista
296 2567 467 2641 quesituros,
490 2574 519 2622 ut
547 2574 575 2622 et
600 2565 637 2620 ibi
659 2565 817 2622 eorumdem
842 2580 985 2638 personam
1036 2557 1107 2613 eoelo
1122 2558 1265 2615 deseendit
1292 2559 1448 2631 (loomin).
1464 2561 1540 2617 Idem
1554 2567 1596 2617 est
1609 2578 1677 2635 ergo
1701 2563 1782 2635 panis
1804 2573 1833 2619 et

189 2655 318 2727 suscepit.
334 2655 387 2711 Ubi
401 2654 470 2710 dixit
484 2670 491 2708 ι
505 2655 604 2710 Tristis
618 2658 661 2711 cet
676 2653 986 2728 unimametttteqttead
1035 2645 1137 2703 vinum.
1154 2645 1236 2703 Panis
1251 2647 1301 2704 isle
1320 2648 1425 2718 justitia
1453 2658 1502 2717 est,
1519 2650 1610 2706 uuum
1638 2650 1704 2707 illud
1728 2651 1836 2722 justitia

188 2747 310 2802 mortem
330 2743 440 2814 (Metti.
457 2741 551 2812 xxvi),
563 2740 626 2798 licet
641 2741 734 2797 talias
748 2741 805 2797 suis
815 2742 914 2797 Paulus
930 2757 985 2798 non
1036 2742 1087 2803 est,
1103 2733 1202 2792 veritas
1217 2743 1258 2792 est
1273 2736 1406 2793 Christus.
1422 2737 1481 2795 Hoc
1507 2738 1626 2796 laetilreat
1640 2745 1668 2795 et
1694 2737 1836 2797 confinnat

190 2837 338 2905 quareret,
353 2839 381 2887 et
409 2830 478 2887 rnori
502 2836 618 2902 optaret.
636 2828 785 2886 sublimius
813 2837 903 2886 tumen
929 2829 985 2903 egit
1035 2838 1085 2879 eos
1099 2839 1218 2897 semper.

189 2919 324 2988 Christus,
340 2919 405 2992 quia
418 2917 635 2988 misericordius,
651 2933 686 2974 ue
700 2917 822 2975 infirmos
841 2918 984 2974 damnaret
1070 2949 1156 3004 Vm·
1174 2951 1217 3003 4⁸·
1234 2977 1269 2990 ,,,
1286 2970 1297 3000 ,
1315 2949 1514 3031 &mmmm
1527 2951 1601 3024 pigna
1615 2952 1704 3025 campi
1714 2959 1741 3009 οι
1754 2953 1832 3011 oedrj

191 3010 243 3066 ista
258 3008 429 3084 quesituros,
437 3007 535 3081 quihus
549 3005 665 3079 prebuit
676 3007 831 3079 exemplum
849 3021 982 3065 necessa·
1037 3059 1048 3086 ι,
1064 3035 1158 3092 Libani
1208 3051 1258 3093 m
1305 3035 1417 3096 lanuvi,
1433 3057 1438 3070 ,
1455 3038 1510 3096 mic
1580 3055 1669 3097 seem
1705 3040 1832 3098 nidifica-

188 3099 229 3155 ria
244 3097 401 3156 sumendis
424 3095 551 3154 subditis.
574 3097 609 3153 Ut
631 3104 704 3152 terra
718 3095 852 3169 producat
871 3056 1046 3172 herbamo,
1065 3123 1141 3180 bum·
1161 3055 1206 3174 ‚q
1286 3053 1304 3108 p
1433 3081 1439 3106 ’
1542 3055 1578 3111 pa

186 3181 307 3240 servituti
332 3179 483 3250 hominum,
499 3179 533 3236 ad
556 3179 621 3252 quid
643 3180 746 3237 horest
769 3179 984 3236 necessarium?

1068 3239 1280 3297 Scluraiarrtur
1296 3242 1373 3314 lipsa
1393 3245 1496 3316 campi.
1522 3243 1616 3317 [nugi
1640 3243 1713 3313 Quid
1727 3243 1773 3300 liat
1793 3246 1831 3303 de

220 3307 306 3406 Yffl·
324 3309 376 3405 ¹⁶⁹.
392 3326 456 3358 “⁴
477 3305 512 3361 ⁰²
526 3303 624 3402 “¹qu
650 3319 748 3374 Imm
778 3303 813 3360 de
834 3311 905 3359 ‘effi'
922 3322 929 3373 ἱ
946 3312 981 3371 0¹2
1032 3326 1092 3383 istis
1107 3328 1234 3384 omnibus
1249 3330 1355 3387 eductis
1369 3331 1487 3387 ostendit
1501 3330 1554 3388 hio.
1572 3331 1656 3401 Quasi
1676 3333 1749 3390 diest
1764 3350 1771 3389 :
1788 3334 1831 3390 De

189 3419 199 3445 “
217 3409 308 3452 imum
324 3393 442 3450 lae‘ffioe‘
455 3407 504 3450 ⁰⁰¹⁸
518 3392 645 3448 ΗΘΜ*
665 3415 676 3441 ”
1014 3409 1090 3474 'istis
1104 3416 1209 3474 eductis
1218 3417 1254 3474 de
1269 3423 1350 3486 terra,
1371 3419 1474 3476 seilicet
1496 3435 1566 3491 pane
1584 3427 1612 3477 et
1624 3421 1698 3488 vino,
1723 3430 1750 3478 et
1764 3421 1827 3480 oleo

222 3502 254 3560 lli
269 3501 329 3572 ipsa
344 3507 418 3556 terra
431 3498 534 3556 educat
546 3513 660 3571 partem,
678 3496 775 3571 [Aug]
804 3496 887 3554 idest
901 3497 980 3554 Chri·
1031 3505 1226 3562 saturabuutur
1238 3505 1323 3578 ligna,
1337 3507 1367 3562 id
1382 3515 1424 3564 est
1438 3507 1533 3579 plebes
1546 3508 1663 3566 humiles
1679 3510 1785 3581 lprius3
1800 3516 1831 3568 et

184 3599 257 3648 etum
270 3590 303 3648 de
319 3594 407 3656 terra,
423 3587 507 3645 idest
524 3585 560 3642 de
586 3584 821 3658 dispensatoribus
848 3585 980 3655 veritatis,
1030 3593 1108 3650 cedri
1117 3593 1225 3662 libani,
1236 3593 1264 3649 id
1278 3603 1320 3651 est
1334 3602 1460 3667 potentes
1474 3596 1502 3651 in
1517 3597 1617 3654 soemo
1627 3597 1709 3654 etiarn
1716 3607 1825 3670 postea,

185 3679 214 3737 id
229 3686 270 3738 est
280 3676 421 3752 apostolis,
437 3683 464 3733 et
477 3673 584 3734 eaeteris
605 3675 695 3732 adhue
716 3690 817 3747 eorpus
844 3681 981 3732 terrenum
1031 3679 1093 3753 quia
1108 3681 1182 3754 prius
1196 3682 1275 3739 electi
1296 3691 1359 3739 sunt
1381 3685 1599 3757 contemptibiles
1625 3694 1652 3742 et
1678 3686 1827 3760 ignobiles.

185 3767 365 3843 portantibus,
382 3765 472 3824 adhue
486 3765 514 3821 in
530 3771 603 3821 terra
612 3763 822 3820 ambulantibus.
837 3763 888 3820 Vel
902 3764 948 3836 ita,
964 3780 981 3822 o
1030 3785 1112 3842 quam
1126 3770 1262 3842 sapientes
1276 3780 1303 3829 et
1316 3771 1433 3830 nobiles.
1458 3773 1578 3836 Libanus
1599 3775 1672 3830 enirn
1686 3775 1822 3848 iuterpee.

183 3843 339 3926 Donatum
344 3855 610 3931 producerescnum
615 3852 811 3926 jumentinnd
819 3853 979 3926 locutique,
1030 3865 1102 3915 tatur
1115 3857 1295 3928 candidatio,
1312 3875 1368 3917 non
1389 3869 1481 3918 tamen
1494 3861 1555 3918 alise
1576 3863 1662 3932 aedri,
1686 3864 1736 3920 sed
1750 3881 1821 3938 quas

182 3951 227 4016 ut,
242 3963 297 4019 per,
306 3961 402 4004 eorum
415 3942 649 4017 pradicationem,
663 3941 885 4015 educaspanem,
900 3941 981 4000 idest
1027 3948 1174 4020 plautavit
1188 3948 1320 4004 Dominus
1333 3949 1362 4004 in
1376 3948 1440 4007 lide.
1454 3950 1509 4008 Sed
1522 3966 1571 4008 eur
1580 3951 1728 4023 plantetisa
1739 3969 1770 4009 se
1780 3969 1825 4010 re-

182 4044 327 4113 christmn,
343 4042 376 4100 dc
391 4045 479 4111 terra,
504 4040 589 4098 idest
615 4039 651 4096 de
665 4037 830 4112 praedieatis,
861 4040 907 4112 qui
929 4056 981 4113 per
1028 4035 1126 4108 linquit
1135 4036 1284 4094 eandorem
1298 4037 1493 4112 weuliiquis
1506 4040 1578 4108 illic,
1590 4040 1618 4096 id
1632 4048 1674 4098 est
1685 4041 1713 4096 in
1722 4041 1827 4110 cedris,

183 4133 318 4203 maiorum
345 4129 499 4188 doctrinam
529 4128 642 4187 eredunt
683 4134 710 4184 et
736 4126 905 4186 confitentur.
944 4130 980 4185 ttt
1029 4124 1057 4180 id
1071 4133 1113 4182 est
1135 4124 1162 4181 in
1181 4126 1337 4198 potentibus
1351 4127 1454 4197 saculi,
1472 4143 1601 4202 passeres
1621 4129 1823 4200 nidificabunt.

183 4221 280 4278 educat
315 4227 391 4276 terra
420 4217 455 4275 de
491 4215 715 4291 predicatoribus
743 4216 851 4274 uinum.
876 4216 977 4291 sstem,
1028 4211 1094 4270 llaec
1120 4222 1183 4270 sunt
1209 4214 1314 4278 minuta
1336 4215 1464 4283 volatilia,
1483 4231 1533 4288 per
1552 4231 1614 4288 quaa
1633 4217 1823 4290 intelliguntur

183 4310 291 4383 lisym„
308 4307 446 4375 Cassiod,
461 4307 544 4380 aug,
560 4303 697 4378 Cassiod]
712 4305 762 4362 Vel
777 4307 896 4378 tullens,
912 4305 993 4363 edu·
1029 4300 1140 4373 quidam
1153 4301 1317 4376 spirituales,
1335 4303 1438 4361 scilieet
1459 4320 1593 4376 pauperes
1607 4305 1635 4360 in
1650 4306 1760 4372 amulo,
1777 4308 1826 4379 qui

182 4413 228 4456 aas
242 4398 277 4454 de
291 4404 372 4466 terra,
388 4396 417 4454 id
438 4397 486 4453 'est
497 4395 531 4453 de
559 4394 685 4462 subditis,
703 4393 806 4462 riuum,
822 4409 877 4451 uon
902 4395 976 4467 quod
988 4413 1016 4474 D
1029 4388 1112 4446 etiarn
1125 4389 1238 4448 minima
1253 4407 1303 4448 sua
1316 4392 1496 4466 reliquerunt,
1521 4399 1551 4448 ut
1563 4393 1630 4450 audi
1644 4403 1826 4467 sequerentur

179 4487 322 4546 conturbat
335 4485 482 4553 hominem,
500 4484 549 4540 sed
563 4483 637 4556 quod
652 4483 778 4553 letificet
792 4485 978 4559 certaminis,
1028 4477 1132 4546 lesum.
1171 4487 1200 4536 ιιι
1231 4479 1357 4551 apostoli,
1390 4480 1437 4553 qui
1460 4495 1515 4538 aon
1544 4481 1631 4540 solum
1658 4482 1821 4539 dimiserunt

66 4607 68 4611 ·
180 4576 239 4633 lloe
266 4575 360 4633 vinum
387 4573 428 4631 sie
449 4571 575 4641 inebriat,
604 4580 633 4628 ut
660 4571 766 4628 sobrios
790 4571 898 4630 reddat.
914 4573 979 4630 ltaec
1028 4567 1159 4641 quidquid
1186 4567 1335 4640 habebant,
1376 4569 1532 4626 sedetiam
1559 4570 1690 4643 quidquid
1716 4571 1821 4628 habers

181 4663 296 4722 ebrietas
310 4664 416 4721 videtur
438 4661 465 4718 iu
495 4661 655 4718 alienatione
680 4661 779 4716 mentis
803 4677 818 4716 a
846 4667 919 4718 terra
943 4661 978 4718 ad
1027 4655 1172 4728 cupiebant
1187 4674 1194 4725 ;
1210 4663 1237 4712 et
1251 4671 1314 4714 eum
1327 4656 1394 4712 nihil
1407 4657 1536 4725 habeant,
1552 4659 1645 4715 omnia
1666 4659 1820 4731 possident.

180 4753 291 4811 coelum.
317 4753 379 4809 Non
392 4759 435 4808 est
449 4751 582 4824 ergohoe
596 4747 689 4806 viuum
703 4747 820 4818 actuale,
836 4765 891 4822 quo
905 4749 977 4806 male
1026 4745 1143 4801 Prorsus
1158 4753 1243 4801 toturn
1257 4745 1387 4802 muudum
1415 4745 1517 4802 dimisit
1542 4747 1648 4817 Petrus,
1679 4755 1706 4804 et
1733 4756 1821 4804 totum

182 4843 292 4916 quidam
332 4839 522 4907 inebriantur,
538 4838 588 4896 sed
630 4837 781 4910 spirituale,
818 4838 978 4896 interiorem
1025 4834 1157 4890 muudum
1170 4833 1286 4906 accepit.
1301 4833 1409 4892 Etenim
1431 4834 1507 4892 aedri
1531 4835 1634 4905 Libani,
1651 4836 1754 4894 scilieet
1769 4853 1822 4893 uo·

185 4931 325 4990 hominem
340 4928 466 4987 reficiens
480 4927 609 5000 spirituali
635 4927 739 4995 latitia,
768 4926 796 4982 id
825 4935 867 4984 est
894 4927 975 4984 Chri·
1024 4920 1094 4979 biles
1109 4931 1134 4978 et
1149 4921 1249 4980 excelsi
1271 4923 1352 4994 hujus
1376 4923 1478 4992 sacili,
1495 4925 1542 4996 qui
1555 4939 1618 4982 cum
1644 4926 1740 4983 timore
1767 4941 1821 4981 au-

178 5030 244 5079 stu,
1024 5009 1124 5067 diunt:
1141 5013 1815 5088 Beatuspm'intelttpiteaperepenametpaupe·

1023 5115 1084 5156 cem
1096 5101 1181 5167 (Psoi.
1197 5100 1255 5172 xx).
1271 5101 1419 5157 Atteudunt
1432 5117 1475 5158 res
1483 5117 1556 5169 suas,
1569 5101 1648 5159 villas
1658 5101 1820 5175 superfluas,

1021 5188 1123 5258 copias,
1140 5197 1167 5244 et
1181 5188 1305 5260 praebent
1323 5189 1383 5245 illas
1397 5190 1483 5248 serris
1497 5189 1558 5248 Dei.
1573 5191 1609 5245 Et
1631 5191 1670 5247 ita
1682 5190 1817 5264 eolligunt

1022 5291 1159 5346 passeres,
1175 5284 1204 5333 ut
1218 5275 1246 5334 ia
1260 5277 1351 5334 cedris
1366 5278 1461 5334 Libani
1473 5277 1621 5336 nidificent.

213 5147 299 5202 Vens.
317 5147 364 5199 ιι.
380 5173 414 5186 -
431 5165 441 5190 l
460 5142 496 5198 Ut
510 5140 643 5198 exhilaret
671 5140 767 5197 laoiern
790 5140 818 5195 in
847 5139 908 5196 oleo
925 5161 932 5210 ;
949 5149 974 5198 et

179 5255 191 5286 ι
209 5233 288 5306 panis
303 5229 479 5289 eorhaminis
493 5230 647 5287 confinnet.
666 5249 678 5280 s

216 5341 249 5396 ιιι
264 5337 418 5396 exhilaret.
441 5337 590 5411 Postquam
615 5335 683 5392 dixit
697 5335 732 5392 de
754 5350 826 5409 pane
855 5343 883 5392 et
896 5336 970 5402 vino,
1018 5373 1020 5378 ,

177 5424 251 5499 quod
262 5426 354 5484 educit
374 5436 448 5484 terra
461 5425 495 5483 de
518 5423 755 5499 predicatoribus,
780 5423 824 5482 rel
847 5424 971 5482 Deuade
1056 5391 1143 5448 vm·
1160 5394 1203 5448 ¹⁹·
1233 5423 1268 5492 ““,
1285 5415 1296 5441 “
1313 5392 1424 5493 Hwffi
1452 5393 1548 5450 d⁰m¹¹⁸
1567 5393 1629 5494 ,ω
1643 5401 1817 5496 8ξῆθοᾞωῖ

174 5513 339 5588 mim,
367 5513 458 5572 subdi,
472 5513 554 5571 emm
567 5513 602 5571 de
630 5511 701 5582 0100,
718 5511 812 5587 [m]
837 5512 914 5582 cujus
928 5510 970 5568 es·
1023 5482 1266 5539 lmoutesexeelsr
1279 5497 1367 5540 cervus
1381 5489 1470 5554 petra,
1487 5482 1817 5557 relugrurnherrnaous.·

174 5603 248 5662 leatu
263 5601 390 5672 ostendit,
407 5602 501 5662 dicens
517 5615 523 5658 ι
540 5601 734 5670 lltcshilaret,
744 5602 790 5659 utri
804 5599 971 5676 subintelligi
1058 5596 1177 5668 ltcmdll,
1204 5595 1298 5672 [Atti-r
1322 5596 1441 5668 Αιιιιιιι..
1459 5596 1542 5672 sup]
1566 5597 1609 5657 rel
1623 5599 1739 5670 salica,
1768 5599 1820 5656 atla
