3896 6062
189 219 237 272 ttt

844 209 946 267 PETRI
972 207 1150 266 contutant

1785 208 1840 264 tea

187 347 259 406 sunt,
276 340 463 410 interrogant,
480 337 507 391 id
531 345 572 393 est
593 335 719 409 probant,
742 336 816 407 filios
830 334 981 402 bominum,
996 331 1106 399 Atatis,
1126 330 1194 386 illud
1212 329 1246 386 de
1264 330 1390 400 prasenti
1413 335 1504 401 potest
1516 327 1614 402 accipi,
1637 328 1748 400 spiritus
1765 345 1838 401 pro-

188 427 291 483 scilicet
316 426 350 481 de
372 425 511 481 veteribus
534 426 678 482 innotatus
700 441 749 496 per
771 424 864 490 iidem,
890 423 917 477 id
941 429 982 477 est

186 515 303 586 probant
318 513 414 583 bonos,
430 514 492 585 quia
513 513 578 570 boni
588 506 634 568 'de
648 512 772 570 obscuris
787 527 842 567 non
864 511 982 584 fatigan-

185 609 239 667 tur,
265 603 315 657 sed
333 609 494 657 exercentur
509 619 516 668 ;
533 603 567 657 de
589 601 745 672 cognitione
766 615 820 655 non
844 599 981 666 inflantur,

185 691 233 745 sed
249 689 453 756 confirmantur,
469 691 503 744 Et
517 689 599 746 etiam
615 705 621 745 τ

221 804 306 859 Vens.
332 807 358 859 6.
376 834 411 844 -
436 825 447 854 ι
481 803 614 859 Dominus
644 803 794 874 interrogat
822 802 924 872 justum
957 808 984 855 et

187 913 198 942 ι
217 891 330 962 impium
347 910 354 958 ;
370 892 416 964 qui
431 899 521 947 autem
543 891 632 964 diligit
645 890 823 962 iniquitatem,
845 888 903 944 odit
920 887 983 943 ani-

186 995 414 1035 «mammam»

219 1086 530 1157 Demiacatnterrogot,
542 1083 638 1158 [Hier.,
655 1084 699 1141 Gl.
714 1083 775 1156 int]
788 1083 815 1138 id
824 1090 865 1139 est
872 1098 922 1155 per
931 1081 982 1136 tri-

183 1172 335 1229 bulationes
363 1181 390 1229 et
417 1174 538 1228 hareses
564 1173 662 1244 probat
672 1175 785 1245 justum
808 1175 836 1227 et
851 1171 981 1243 impium.

183 1261 277 1334 [Aug]
293 1259 365 1329 Quid
388 1277 453 1333 ergo
469 1261 557 1328 times,
572 1268 601 1316 tu
612 1262 694 1331 juste,
711 1276 746 1316 ne
768 1258 839 1315 obsit
853 1258 901 1313 tibi
929 1257 982 1312 im-

181 1349 253 1421 pius,
276 1349 453 1404 sacramentis
476 1365 531 1406 non
554 1348 661 1405 sincere
685 1347 899 1413 communicans,
922 1362 983 1402 cum

183 1436 314 1492 Dominus
346 1437 492 1510 interroget
525 1443 551 1491 te
580 1444 607 1492 ει
633 1435 718 1493 illum.
751 1433 899 1507 [Cassiod]
933 1433 983 1489 Vel

181 1523 314 1581 Dominus
327 1523 479 1597 interrogat
491 1524 593 1593 justum
608 1531 634 1580 et
657 1523 780 1594 impium,
806 1523 869 1595 quia
892 1521 983 1595 Domi-

113 1625 118 1634 ’
179 1626 231 1667 nus
251 1611 325 1687 solus
340 1612 374 1667 de
394 1611 568 1668 conscientiis
591 1611 732 1683 utriusque
744 1610 858 1681 Judicat,
884 1609 980 1665 Domi-

180 1717 231 1756 nus
254 1699 405 1773 interrogat
433 1706 579 1771 utrumque
599 1699 795 1773 interrogando
814 1707 906 1754 autem
927 1700 979 1754 boo

179 1788 283 1845 invenit
302 1788 375 1861 qnod
391 1789 436 1843 ille
451 1789 500 1862 qui
514 1789 610 1860 diligit
629 1789 822 1861 iniquitatem,
841 1787 901 1843 odit
915 1789 979 1843 cni-

1036 419 1180 485 cellarum,
1197 417 1223 472 id
1239 425 1281 474 est
1296 417 1460 474 tumultuosa
1471 433 1559 473 mens.

1070 527 1154 580 Vane.
1180 528 1206 579 8.
1236 555 1271 565 -
1297 545 1309 574 ι
1334 522 1470 592 Quoniam
1498 523 1587 593 justus
1620 523 1770 592 Dominus,
1811 531 1841 580 et

1036 612 1181 681 ujustitias
1203 610 1296 667 dilexit
1312 611 1488 682 :equitatem
1511 610 1579 666 vidit
1615 611 1706 666 uultus
1729 611 1798 680 ejus.
1824 633 1835 660 a

1070 700 1305 771 Quonicmjcstas
1314 700 1460 754 Dominus.
1468 697 1562 770 [Aug]
1571 697 1741 767 Quasidicat
1752 717 1759 752 z
1771 700 1840 755 Haec

1033 787 1164 859 praedicta
1185 787 1281 842 reddet
1304 787 1437 842 Dominus
1458 785 1537 843 bonis
1551 794 1578 842 et
1591 785 1681 854 malis,
1698 794 1725 841 et
1748 801 1837 858 quare

1034 875 1085 931 hoc
1100 874 1200 931 lacietl
1218 875 1648 946 QuonicmDomiacsestjcstae
1658 875 1835 940 etinimicis,

1032 962 1062 1018 id
1075 962 1213 1031 estjustos
1227 962 1332 1018 dilexit
1345 961 1495 1032 pluraliter,
1510 959 1578 1016 dixit
1589 959 1717 1029 iustitias,
1734 969 1764 1016 ut
1773 962 1834 1029 Jus-

1032 1058 1076 1107 tos
1099 1050 1228 1121 accipias,
1252 1050 1279 1104 in
1295 1049 1394 1121 quibus
1430 1049 1522 1104 multae
1545 1055 1607 1103 sunt
1629 1048 1749 1118 justitie,
1770 1065 1833 1106 cum

1033 1154 1087 1193 une
1102 1138 1137 1192 sit
1158 1137 1217 1208 Dei,
1234 1153 1287 1209 qua
1309 1152 1405 1193 omnes
1418 1137 1590 1209 participant.
1612 1137 1647 1191 Et
1668 1139 1834 1210 requietem

1032 1226 1104 1282 cidit
1124 1225 1220 1283 vcttos
1243 1227 1314 1298 ejus.
1332 1225 1391 1292 Vel,
1421 1224 1504 1281 iacies
1534 1225 1601 1294 ejus,
1612 1224 1640 1279 id
1654 1231 1696 1280 εει
1718 1225 1834 1298 equitas

1032 1313 1090 1369 risa
1104 1320 1145 1368 est
1158 1312 1186 1366 in
1199 1311 1281 1380 facie,
1297 1307 1327 1368 id
1344 1320 1386 1368 εει
1399 1311 1427 1368 in
1441 1311 1534 1369 notitia
1559 1314 1628 1384 ejus.
1645 1313 1740 1370 Facies
1758 1313 1835 1368 enirn

1033 1401 1091 1471 ejus
1114 1407 1156 1456 est
1176 1400 1268 1456 notitia
1294 1401 1363 1471 ejus,
1392 1399 1421 1456 id
1444 1408 1485 1456 est
1503 1402 1633 1472 potentia,
1658 1417 1712 1474 qua
1740 1401 1835 1473 dignis

1033 1489 1185 1545 innotescit.
1208 1488 1258 1544 Vel
1291 1489 1381 1544 uultus
1414 1489 1473 1558 ejus
1487 1489 1554 1544 vidit
1587 1489 1752 1562 equitatem,
1783 1505 1834 1545 se·

1032 1577 1151 1632 cundum
1183 1583 1323 1648 utramque
1353 1583 1478 1648 partem,
1510 1575 1614 1634 scilicet
1639 1578 1772 1635 bonomm
1804 1586 1834 1633 et

993 1663 1175 1744 Bmalorum,
1196 1663 1258 1736 quia
1283 1679 1338 1719 non
1361 1680 1391 1720 se
1414 1665 1462 1719 dat
1476 1665 1645 1722 noscendum
1666 1663 1755 1732 malis,
1781 1665 1835 1721 sed

1033 1751 1111 1808 bonis
1129 1771 1136 1819 ;
1154 1751 1226 1824 quod
1241 1757 1282 1808 est
1296 1752 1421 1824 equitas.

179 1893 257 1932 mam
271 1894 363 1946 mm,
379 1876 474 1950 plag,
481 1875 608 1949 Aleum]
622 1876 650 1931 id
659 1883 701 1931 est
714 1876 813 1932 ΗΜ
824 1892 881 1932 5„ae
896 1884 977 1931 nocet
1066 1859 1157 1914 Potest
1170 1857 1221 1914 iste
1236 1858 1358 1929 psalmus
1383 1867 1411 1914 et
1424 1858 1503 1916 aliter
1530 1859 1596 1933 legi,
1613 1867 1641 1916 ut
1655 1860 1690 1916 de
1702 1860 1833 1932 passione

179 1965 294 2022 dilector
323 1963 483 2038 iniquitatis,
511 1980 566 2021 non
610 1964 683 2034 justo
713 1963 760 2036 qui
791 1964 878 2020 eregit
911 1964 978 2020 000·
1031 1946 1132 2001 Christi
1146 1945 1303 2017 accipiatur,
1327 1954 1353 2002 et
1375 1945 1439 2004 dicit
1454 1947 1578 2004 Christus
1601 1949 1751 2005 seeundum
1777 1949 1833 2005 ho·

178 2052 232 2108 Cur
245 2069 313 2126 ergo
328 2053 408 2108 times
424 2053 448 2107 si
469 2051 648 2124 corporaliter
662 2060 752 2108 tecum
782 2061 823 2107 εει
838 2052 976 2121 injustus?
1031 2035 1142 2100 minem·
1157 2041 1187 2088 ut
1201 2033 1280 2100 ⁵⁰¹0b
1296 2037 1707 2092 ⁰⁰1¹ls⁸eff0s0³¹udae⁰ffl¹¹1²
1724 2038 1756 2094 1¹¹
1775 2039 1832 2094 DO-

177 2141 249 2197 noa
264 2141 337 2213 quoa
351 2141 396 2206 ati,
412 2142 458 2213 qui
472 2140 560 2213 diligit
574 2139 752 2213 samtarein,
770 2155 825 2195 non
844 2140 890 2212 qut
905 2139 978 2196 tacti.
1031 2123 1110 2179 mito
1124 2121 1396 2195 ceremoniam
1410 2123 1479 2196 erga
1493 2125 1589 2180 aeres
1612 2127 1717 2181 anema
1735 2141 1831 2182 nac:

177 2227 232 2302 [Gi.
257 2228 307 2301 in]
327 2229 458 2302 iniquitas
477 2228 550 2284 idem
567 2235 609 2284 est
632 2227 706 2299 quod
726 2235 880 2299 peccatum,
907 2227 980 2283 unde
1032 2211 1215 2307 Transmiprc
1231 2212 1263 2266 ic
1277 2213 1487 2267 montemsieut
1499 2228 1607 2283 passer,
1617 2212 1693 2267 idest
1704 2213 1830 2269 consenti

176 2316 294 2373 loannes
306 2333 312 2372 :
326 2317 423 2374 Omnis
438 2318 485 2390 poi
494 2319 566 2388 fecit
579 2320 737 2388 peccatum,
754 2320 783 2372 et
797 2316 980 2388 iniquitatem
1030 2298 1119 2365 ¹¹⁰b¹⁵=
1136 2297 1164 2352 in
1178 2297 1314 2370 letalibus
1329 2299 1520 2364 ⁰b⁵⁸iV³¹¹ffl⁵2
1537 2308 1564 2355 θῑ
1576 2300 1604 2354 Ῑῦ
1619 2301 1735 2357 mitri&
1751 2302 1828 2372 1d0⁰r

175 2407 249 2478 lecit
263 2406 355 2476 (toan.
370 2406 443 2476 vrri.)
454 2406 541 2460 Nemo
556 2420 623 2461 vcro
638 2404 820 2476 sinepeccato
835 2403 909 2460 vivit.
931 2403 980 2458 lile
1030 2385 1829 2460 5¹1D⁰¹¹¹51100⁰¹²fid0ximiimi0⁶⁶0P00⁶020M⁵250ribae

175 2508 242 2550 uero
257 2494 345 2566 diligit
365 2493 545 2565 iniquitatem,
570 2493 662 2566 quiex
678 2492 817 2548 desiderio
833 2500 860 2547 et
880 2489 980 2548 affectu
1030 2480 1057 2528 θῑ
1067 2474 1087 2528 Ρ
1088 2473 1207 2541 harisaei,
1218 2474 1405 2531 intenderunt
1414 2477 1828 2550 “rssilmvilmvm'iifflduffl

175 2590 270 2652 peccat
280 2581 326 2653 qui
336 2589 362 2638 et
372 2581 396 2636 si
406 2581 636 2652 semperviveret,
649 2595 880 2652 semperpeccare
889 2579 979 2637 vellet.
1029 2579 1096 2619 tim
1109 2564 1141 2618 5⁷2
1152 2563 1296 2634 pheretro,
1309 2565 1484 2635 vitalium
1499 2565 1531 2619 5⁹⁸
1541 2566 1655 2622 obscure
1663 2569 1753 2622 '⁶0²⁰‘
1763 2583 1828 2624 ⁶0i·

1030 2651 1072 2717 de,
1086 2650 1114 2704 id
1129 2658 1171 2706 εει
1179 2650 1272 2706 volunt
1279 2650 1409 2721 sagittare
1424 2650 1528 2723 fideles,
1540 2651 1566 2707 in
1580 2653 1699 2709 obscura
1713 2653 1787 2720 luna,
1799 2655 1828 2710 id

209 2722 295 2778 ΨΜ·
321 2724 347 2778 7·
371 2753 406 2763 -
429 2745 440 2767 “
466 2721 543 2778 pluet
570 2737 652 2793 super
672 2727 836 2793 9⁰⁰0³¹⁰le⁸
866 2721 978 2793 laqueos
1030 2746 1071 2794 εει
1094 2737 1198 2809 repleta
1218 2739 1412 2809 peccatoribus
1440 2740 1598 2814 Synagoga.
1625 2740 1723 2813 [Hier.,
1743 2742 1828 2816 Aug]

177 2807 287 2908 ‘linfa
317 2816 344 2864 θῑ
367 2809 499 2880 sulphur;
516 2816 543 2864 0²
558 2809 668 2880 spiritus
698 2808 879 2882 PP⁰00¹¹⁰D⁸¹¹
912 2825 978 2880 pars
1029 2825 1184 2882 Alialittera
1200 2846 1208 2893 ;
1225 2827 1363 2895 Quoniam
1371 2831 1594 2902 quoepersecisti,
1606 2828 1633 2883 id
1642 2835 1682 2884 est
1692 2845 1735 2885 me
1744 2846 1828 2902 quem

177 2897 423 2954 ‘0⁸¹10l800fflm·
444 2921 455 2945 l
1028 2913 1180 2985 perlectum
1203 2913 1300 2982 iecisti,
1324 2917 1532 2972 destruxerunt
1551 2917 1647 2984 ludaei,
1668 2917 1753 2972 idest
1774 2917 1827 2974 de-

210 3005 294 3062 Pluet
304 3021 388 3077 super
400 3010 571 3079 peccatores.
584 3004 730 3077 Hucusque
743 3003 810 3059 dixit
825 3003 891 3076 quid
918 3005 977 3073 jus·
991 3032 1016 3096 C
1031 3009 1194 3059 structorem
1208 3003 1279 3076 legis
1293 3002 1414 3060 arbitrati
1430 3011 1501 3058 sunt.
1519 3005 1617 3062 iustus
1631 3009 1729 3061 aetem
1743 3022 1827 3077 quem

175 3102 220 3150 tns
241 3094 321 3150 iaciat
343 3093 432 3150 bonis.
448 3093 577 3167 [illenim]
594 3093 644 3150 Hic
657 3093 722 3150 dicit
737 3093 802 3167 quid
816 3093 896 3148 malis
912 3093 972 3148 red·
1030 3099 1157 3163 tanquam
1181 3090 1381 3147 destructorem
1414 3092 1483 3163 legis
1513 3093 1730 3158 contemnebant,
1758 3095 1827 3167 qaid

173 3183 229 3240 dat.
247 3182 330 3252 Quasi
340 3183 413 3240 dicat
430 3201 436 3238 :
453 3182 585 3238 Dominus
599 3189 641 3238 εει
654 3181 682 3237 in
697 3180 809 3254 templo,
823 3189 849 3237 et
870 3180 898 3236 in
913 3197 972 3237 ειε-

173 3271 210 3328 lo.
228 3271 371 3338 Dominus,
387 3271 466 3327 etiam
478 3272 561 3344 plcet
573 3264 657 3344 saper
673 3275 834 3344 peccatores
849 3272 970 3344 loqueos.

174 3359 226 3416 Vel
241 3358 278 3414 ita
287 3360 372 3431 junge
388 3377 394 3414 :
411 3359 479 3416 Dico
493 3359 540 3431 qui
550 3358 822 3430 diligitiniquitatem,
839 3358 895 3415 odit
909 3359 971 3413 ani-

174 3463 247 3504 mam
268 3463 355 3514 suam,
376 3454 403 3503 ει
417 3448 469 3503 hoc
483 3446 595 3502 allectus
618 3445 728 3517 indicat,
755 3446 818 3518 quia
841 3447 972 3502 Dominus

1028 3181 1098 3251 feeit
1110 3183 1121 3234 ι
1135 3179 1207 3234 Ecce
1230 3180 1365 3236 Dominus
1379 3180 1526 3253 intemplo
1541 3185 1640 3238 sancto
1651 3197 1700 3238 sco
1720 3188 1771 3250 est,
1797 3183 1827 3237 id

1028 3276 1070 3322 est
1083 3268 1205 3323 Verbum
1219 3267 1317 3336 Patris,
1333 3267 1361 3322 in
1375 3268 1484 3324 bomine
1500 3269 1542 3324 vel
1558 3268 1640 3324 Filius
1655 3270 1772 3326 hominis
1796 3269 1826 3326 in

1027 3355 1098 3412 coelo
1121 3363 1162 3411 est
1181 3355 1215 3410 ad
1230 3356 1371 3411 dexteram
1393 3355 1490 3412 Patris.
1510 3358 1544 3412 Et
1566 3358 1671 3428 repetit,
1697 3359 1729 3414 ia
1756 3359 1825 3416 ceto

1027 3448 1070 3500 est
1084 3445 1161 3500 sedes
1173 3446 1244 3515 ejus.
1253 3444 1370 3500 Elocuta·
1379 3447 1440 3516 ejus
1450 3447 1608 3518 respiciunt
1618 3448 1651 3502 ic
1659 3461 1822 3517 pauperem,

172 3535 248 3608 pluet
261 3534 386 3607 laqueos,
409 3535 436 3590 id
451 3543 492 3591 est
506 3534 659 3590 doctrinam
679 3535 870 3606 illaqueantem
893 3552 973 3607 super
1026 3547 1107 3603 quem
1123 3531 1242 3602 suscepit
1261 3533 1411 3588 secundum
1434 3533 1531 3588 Deum.
1552 3533 1602 3589 Vel
1616 3543 1728 3606 propter
1741 3551 1825 3607 quem

173 3627 343 3693 peccatores.
360 3619 453 3692 lang„
470 3619 515 3676 ct.
531 3619 591 3692 int]
608 3619 663 3674 lios
678 3619 791 3690 laqueos
801 3619 869 3690 pluit
883 3618 974 3675 Domi·
1026 3635 1124 3692 passus
1139 3629 1180 3676 cst
1207 3621 1356 3676 secundum
1371 3620 1519 3677 hominem.
1541 3623 1578 3678 Et
1598 3623 1738 3693 palpebrae
1761 3626 1824 3696 ejus

173 3725 225 3764 nus
240 3707 275 3764 de
289 3707 416 3776 nubibus,
453 3707 557 3764 scilicet
571 3709 605 3764 de
626 3707 731 3778 pseudo
755 3707 904 3778 prophetis,
926 3708 973 3779 qui
1026 3709 1206 3781 interrogant
1224 3710 1299 3778 filios
1314 3710 1470 3766 bominem.
1487 3710 1630 3781 Palpebrae
1644 3710 1745 3766 Christi
1760 3719 1824 3766 sunt

173 3795 247 3855 veris
261 3797 329 3852 laisa
344 3795 497 3852 admiscent
515 3815 522 3865 ;
539 3795 672 3852 ueletiam
685 3795 720 3851 de
730 3795 809 3851 bonis
819 3795 971 3868 prophetis,
1026 3797 1132 3868 apertio
1147 3804 1173 3852 et
1185 3797 1292 3867 opertio
1307 3799 1459 3866 oculorum,
1475 3798 1559 3854 idest
1581 3815 1657 3854 mors
1681 3807 1707 3854 et
1729 3815 1824 3856 resur-

172 3884 318 3957 dequibus
337 3884 429 3957 laquei
459 3890 581 3952 manant,
606 3899 668 3941 cum
691 3883 763 3940 male
786 3883 973 3958 intelliguntur
1025 3885 1121 3952 rectio,
1136 3885 1183 3940 ubi
1197 3885 1322 3957 probavit
1336 3885 1407 3942 filios
1429 3886 1577 3955 hominum,
1594 3887 1622 3942 id
1641 3894 1683 3943 est
1698 3886 1821 3960 discipu-

173 3973 402 4030 eotumdoctrinae
417 3991 425 4042 ;
440 3973 490 4029 sed
504 3973 674 4047 hoslaqueos
690 3989 744 4030 non
758 3972 825 4044 pluit
841 3973 972 4028 Dominus
1024 3982 1075 4038 los,
1093 3983 1127 4038 Et
1149 3984 1294 4050 pominus,
1313 3983 1371 4052 jam
1392 3982 1428 4038 de
1450 3983 1520 4040 coeto
1535 3999 1636 4055 regens
1656 3984 1820 4051 Ecclesiam,

172 4061 282 4117 nisibis
298 4061 345 4132 qul
354 4070 517 4132 peccatores
537 4069 609 4117 sunl.
627 4062 704 4119 Unde
719 4061 779 4117 aliis
794 4078 888 4117 sumtis
903 4062 972 4118 odor
1022 4071 1180 4143 interrogat
1189 4073 1303 4142 jurium
1317 4075 1346 4127 et
1360 4072 1490 4144 impium¹
1507 4071 1703 4145 interrogando
1730 4081 1819 4129 autem

174 4149 236 4205 vilae
248 4148 276 4202 in
296 4148 387 4218 tilam,
407 4149 469 4204 aliis
484 4150 553 4205 Odor
567 4149 663 4206 m0rti⁵
681 4149 709 4203 in
722 4157 838 4206 mortem
855 4150 893 4222 (Π
909 4151 970 4206 Cor·
1023 4158 1075 4214 hoc
1089 4159 1201 4228 invenit,
1218 4160 1292 4230 quod
1304 4160 1352 4232 cci
1366 4160 1459 4231 diligit
1470 4162 1664 4233 iniquitatem,
1685 4162 1744 4218 odit
1757 4163 1821 4217 cni-

173 4237 215 4308 11).
231 4234 334 4292 Omnes
349 4253 418 4308 ergo
433 4237 490 4293 sive
505 4237 570 4292 boni
585 4238 643 4292 sive
657 4235 733 4303 mali,
749 4237 795 4309 qui
811 4237 894 4294 verbo
921 4237 971 4293 Dei
1022 4264 1099 4302 mam
1114 4263 1204 4303 suam,
1220 4248 1255 4302 Ει
1269 4263 1317 4303 cur
1330 4247 1366 4302 ita
1380 4248 1427 4318 sit,
1441 4248 1530 4304 docet.
1546 4250 1630 4305 prm
1644 4250 1721 4306 enim
1735 4267 1822 4323 ,uper

172 4323 278 4381 ‘ssim
306 4323 432 4398 imiimi
454 4326 540 4380 nubes
576 4325 640 4381 diiii
661 4334 785 4395 P⁰³³⁰1¹lt
808 4325 843 4380 (10
873 4325 970 4397 (luiblffl
1019 4340 1190 4408 peccatores.
1206 4335 1265 4392 Hoc
1274 4341 1300 4390 ει
1314 4335 1763 4409 εειεεεεεᾳεεὶεῦιιειῃ,εριίοεε
1773 4354 1821 4394 ex-

172 4413 241 4485 pluit
255 4413 386 4468 Dominus
401 4430 484 4484 super
494 4421 665 4486 peccatores,
677 4411 777 4469 utinde
792 4413 845 4468 sint
859 4413 970 4470 inexou-
984 4389 1168 4496 Βροεῑιιοηε,
1185 4438 1240 4480 non
1254 4431 1401 4479 mutantur.

174 4500 283 4557 sebiles.
300 4499 368 4572 Quae
389 4501 481 4573 pluvia
496 4510 537 4558 εει
560 4501 614 4557 illis
627 4501 749 4574 laqueus,
766 4501 831 4574 quia
845 4501 888 4557 vel
917 4517 972 4558 non

173 4603 240 4645 asne
266 4589 430 4663 intelligunt,
455 4590 602 4662 vel'opere
619 4607 674 4647 non
698 4591 846 4661 complent.
866 4590 972 4646 Deinde

170 4697 253 4761 piena
280 4679 501 4752 blasphemorum
536 4679 709 4748 describitur,
742 4695 805 4734 cum
835 4679 969 4747 subditur,
1055 4723 1061 4738 .

171 4777 255 4848 ignis,
265 4773 360 4846 lang„
371 4769 470 4842 Hier.,]
482 4768 582 4825 scilicet
593 4767 758 4840 cupiditatis,
767 4772 795 4823 et
803 4767 933 4841 sulphur,
943 4767 971 4822 id

170 4871 212 4920 est
225 4862 295 4919 letor
308 4859 442 4916 malorum
458 4874 582 4929 operum,
599 4861 627 4914 et
642 4858 761 4929 spiritur
769 4857 969 4929 procellarum,

170 4952 217 5023 qui
231 4951 282 5008 erit
296 4951 324 5005 in
339 4948 439 5014 tuturo,
456 4947 484 5002 id
506 4955 547 5002 est
560 4945 653 5001 ultima
665 4945 712 5000 illa
726 4944 863 5015 separatio
884 4945 971 5014 ajus-

169 5039 213 5104 tis,
226 5047 288 5094 sunt
297 5055 364 5114 pars
373 5036 481 5104 cclieb,
491 5034 519 5090 id
529 5042 570 5089 est
582 5049 671 5104 poenae
681 5049 788 5090 eorum.
803 5031 897 5105 [Aug]
906 5033 970 5088 ideo

166 5149 265 5202 peenas
287 5150 383 5190 eorum
401 5132 513 5190 calicem
530 5131 604 5198 dicit,
628 5129 692 5204 quia
715 5137 742 5185 et
764 5145 853 5200 poente
877 5145 969 5185 eorum

169 5231 242 5289 sunt,
265 5223 413 5278 secundum
433 5221 543 5277 modum
570 5227 597 5275 ει
616 5233 774 5273 mensuram
802 5217 968 5273 meritorum.

171 5313 206 5367 Et
220 5317 330 5366 notatur
344 5309 389 5366 hic
403 5309 471 5365 ordo
485 5323 627 5380 poenarum
643 5321 711 5378 quas
721 5305 857 5377 patiuntur
871 5304 967 5377 iniqui.

170 5399 260 5456 Primo
275 5397 347 5454 enim
366 5397 431 5470 igne
445 5396 599 5469 cupiditatis
625 5402 765 5452 vastantur
781 5412 787 5448 :
804 5393 867 5449 inde
887 5393 970 5448 malo·

169 5505 228 5544 rum
243 5502 356 5558 operum
371 5485 458 5541 letore
472 5483 637 5554 abjiciuntur
651 5500 667 5539 a
682 5483 793 5549 sanctis,
810 5481 873 5538 inde
892 5498 968 5537 mer-

168 5585 270 5651 guntur
284 5574 394 5632 aeternis
409 5569 661 5646 poenis10assiod.]
676 5571 727 5627 Vel
748 5569 807 5626 aliis
822 5585 876 5627 non
904 5587 967 5626 mu-

1041 4560 1175 4602 contario
1190 4561 1220 4602 IN
1236 4561 1365 4604 PSALHUH
1375 4561 1395 4602 x
1412 4565 1419 4602 :
1438 4571 1449 4596 ιι
1467 4563 1497 4603 itt
1514 4563 1621 4605 bolino
1635 4563 1765 4605 calanco.
1788 4571 1799 4599 1

1057 4652 1171 4708 Vanam.
1188 4654 1371 4722 -Quomodo
1385 4655 1480 4712 dicitis
1495 4655 1600 4712 anime
1614 4673 1703 4712 mere:
1718 4657 1820 4712 Troas-

1021 4739 1112 4795 mtprc
1126 4726 1158 4780 in
1173 4729 1308 4790 montem,
1325 4725 1402 4780 sicut
1423 4742 1529 4798 passer.
1556 4727 1704 4793 Pratensis,
1727 4734 1818 4781 trans-

1021 4795 1111 4867 migra
1133 4809 1169 4850 ex
1197 4803 1289 4850 monte
1313 4804 1414 4861 vestro,
1434 4797 1513 4853 velet
1540 4813 1637 4869 passer
1652 4817 1661 4865 ,·
1676 4797 1842 4852 Consentit·

1022 4865 1144 4933 Sanctes,
1161 4882 1176 4920 a
1191 4866 1290 4937 quibus
1310 4882 1366 4921 non
1380 4866 1463 4940 longe
1482 4874 1524 4922 εει
1550 4868 1713 4931 Hunsterus,
1738 4870 1819 4925 aeota

1020 4935 1159 4991 demente
1169 4940 1259 4992 vestro
1270 4937 1345 4992 sicut
1352 4954 1451 5009 passer
1463 4937 1817 5061 ;lnterpresprotla‘jetano,

1020 5010 1255 5078 cogaremontem
1271 5011 1395 5063 vestram
1410 5010 1479 5064 ocis.
1497 5009 1590 5064 Statim
1605 5009 1664 5080 ipse
1678 5024 1708 5062 re
1721 5016 1763 5062 ert
1773 5008 1818 5062 lit-

1020 5083 1104 5131 teram
1123 5093 1171 5130 seu
1186 5077 1330 5132 lectionem
1347 5077 1517 5144 llebraioam,
1534 5095 1595 5150 quae
1610 5094 1665 5134 non
1679 5079 1761 5133 babet
1775 5095 1820 5134 ex-

1020 5162 1114 5216 presse
1144 5147 1375 5217 praepositionem,
1409 5165 1460 5205 nec
1496 5149 1679 5204 similitudinis
1713 5159 1815 5206 notam.

1019 5217 1170 5273 Pellicanus
1194 5219 1282 5286 vertit,
1308 5219 1343 5274 od
1367 5224 1492 5275 niceten
1514 5235 1612 5276 eoram
1625 5237 1733 5292 passer,
1756 5237 1817 5276 cnm

1019 5294 1111 5342 tamen
1126 5287 1275 5344 inHebraeo
1286 5289 1472 5362 nunclegatur
1482 5301 1562 5351 mitt
1573 5305 1717 5358 mtncnaa,
1732 5305 1816 5347 mon-

1021 5361 1076 5413 tem
1086 5363 1220 5414 uestrum.
1236 5359 1290 5414 Sed
1305 5360 1485 5432 Hieronymus
1497 5362 1572 5430 juxta
1588 5362 1656 5416 Heb.
1674 5361 1732 5416 sinc
1756 5377 1817 5433 pro

1018 5429 1138 5493 nomine,
1159 5431 1310 5487 Troesmis
1320 5433 1351 5486 in
1361 5435 1487 5486 ementem
1497 5433 1574 5487 velot
1583 5433 1652 5487 αυὶε.
1666 5432 1717 5488 Ubi
1725 5432 1816 5487 cernis

1018 5501 1092 5570 quod
1109 5499 1215 5572 Habini,
1232 5510 1258 5557 et
1273 5517 1368 5558 eorum
1379 5502 1502 5568 assecla,
1515 5502 1610 5558 volunt
1618 5502 1734 5576 intelligi
1741 5519 1815 5573 prae-

1017 5570 1180 5641 positionem
1204 5589 1221 5628 c
1258 5573 1301 5628 vel
1333 5572 1375 5629 od.
1404 5572 1588 5646 Septuaginta,
1623 5572 1808 5644 Hieronymus
