3878 6322
143 109 208 167 tarr
778 137 782 144 ·
817 115 920 171 rurus
945 101 1124 174 nonninus
1726 120 1805 174 isra

143 237 207 305 alia,
218 238 255 294 od
265 238 483 308 edificationem
496 240 579 310 fiant,
592 226 670 294 idest
684 237 743 295 lieri
757 239 867 295 dehent.
882 240 981 304 SiucA
997 240 1045 295 tere
1061 239 1140 297 dicit.
1156 241 1260 310 Siquid
1273 244 1372 298 autem
1387 243 1488 298 uoluat
1501 241 1617 308 discere.
1629 243 1707 300 domi
1720 245 1804 301 uiros

144 335 196 382 ete.
214 324 299 393 Quasi
314 327 387 382 dieat
404 344 410 382 :
427 329 533 384 Caetera
552 327 608 383 suis
624 328 713 383 modis
736 329 771 384 ad
785 327 944 384 oediiieatio-
995 344 1060 383 auos
1075 331 1262 402 interrogent.
1283 332 1370 404 Turpe
1386 335 1430 387 eat
1443 332 1520 387 euim
1542 333 1659 388 mulieri
1674 334 1751 406 loqui
1770 333 1805 388 in

144 426 207 469 nem
230 416 339 486 agenda
363 424 434 486 sunt,
459 415 553 489 lingua
576 432 642 472 vero
665 416 705 472 sic
727 424 768 472 est
792 417 945 472 utendum:
996 417 1124 474 ecclesio.
1141 419 1185 474 Aa
1200 437 1217 475 a
1232 421 1306 476 volta
1329 420 1442 476 uerbum
1467 420 1517 476 Dei
1529 423 1676 492 processit,
1693 427 1746 478 aut
1770 423 1805 476 iro

144 503 207 559 Sive
217 504 289 576 quis,
298 504 326 558 id
336 512 377 560 εει
389 505 412 560 si
421 504 529 578 aliquis,
541 507 637 578 itaqua
652 505 777 578 loquitur
791 505 946 562 secuudum
997 521 1043 562 ror
1057 506 1129 562 solor
1141 509 1270 580 peruenit
1283 513 1294 564 t
1309 509 1340 565 st
1354 510 1416 580 quir
1443 507 1556 564 uidetur
1574 511 1711 582 propheto
1726 527 1805 577 erse,

147 591 226 660 duos,
242 591 630 664 liatlooutio,autseoundum
647 590 944 662 tresatmuttamfit,
996 597 1048 648 aut
1071 595 1242 667 spiritualis,
1262 601 1412 668 cognoscat
1433 614 1494 668 qaue
1516 598 1603 654 scribo
1627 599 1708 666 volta,
1731 599 1809 672 quia

145 679 174 736 id
188 689 230 736 εει
244 681 298 738 duo
323 683 366 738 vel
380 690 435 738 tres
460 682 614 754 loquantur,
631 689 658 738 et
671 698 727 738 non
749 682 843 754 plures
865 696 945 754 quam
996 683 1111 739 Domini
1120 689 1190 741 suat
1203 685 1351 742 mandata.
1363 687 1392 742 Si
1405 686 1468 758 quis
1477 691 1573 741 autem
1587 687 1711 758 ignorat,
1723 689 1809 760 iquo-

145 777 211 835 tres,
229 777 259 826 ut
273 778 405 842 occupent
426 770 498 825 diem
509 770 652 842 loquentes
675 770 786 842 linguis,
803 777 829 826 et
843 785 898 824 non
913 769 950 824 sit
997 772 1119 828 rabitur.
1138 774 1244 846 ltaque,
1253 778 1370 846 fratrea,
1390 775 1568 830 aemulamini
1579 776 1760 847 prophetare,
1774 780 1808 830 et

144 858 223 915 loeus
243 859 382 930 prophetis
406 859 561 930 Scripturas
583 858 789 924 disserentibus,
805 858 852 931 qui
867 857 948 914 totius
999 844 1074 933 loqui
1086 863 1454 935 liupuiruolr'teprotrlbere.
1468 863 1675 920 Omataautem
1684 865 1809 921 honeste

147 947 279 1004 Ecclesiae
293 955 355 1003 suut
370 948 578 1003 illuminatores.
595 947 663 1003 Dico
677 955 706 1002 ut
729 946 828 1004 locutio
849 947 949 1019 liuguae
998 953 1026 1005 et
1041 951 1197 1006 secundum
1212 951 1340 1008 udinem
1352 953 1426 1022 fiant
1439 953 1472 1007 irr
1486 953 1569 1008 rodit.

148 1036 194 1092 frat
222 1037 370 1092 secuudum
403 1036 472 1091 duos
499 1043 546 1091 aut
574 1043 640 1106 tres,
670 1043 696 1091 ει
723 1037 775 1092 hoe
803 1037 875 1092 idem
903 1035 949 1092 hat
1034 1037 1375 1113 Muliereslhugustinus]
1390 1039 1474 1108 Quasi
1489 1039 1807 1112 dieatzlitsidiniquod

152 1125 270 1181 108
284 1142 336 1198 per
347 1128 445 1196 partes
461 1123 601 1180 Ecclesiae.
628 1122 678 1180 Vel
702 1132 731 1179 ut
746 1141 817 1180 unus
831 1132 893 1196 post
907 1125 948 1180 al·
998 1125 1113 1196 potestis
1127 1141 1222 1182 ornnes
1242 1127 1416 1200 prophetare,
1429 1137 1520 1183 tamen
1534 1129 1669 1185 mulieres
1683 1133 1806 1184 taceam

150 1222 238 1270 terum
262 1213 402 1285 loquutur,
432 1213 476 1269 vel
504 1212 642 1278 intercise,
673 1220 699 1268 ει
727 1213 881 1286 ubieunque
906 1213 950 1269 vel
999 1215 1031 1270 tra
1043 1215 1178 1282 ecclesiis,
1195 1222 1223 1270 ut
1233 1231 1284 1272 uec
1292 1217 1438 1288 loquantur
1448 1216 1548 1290 linguis
1563 1233 1613 1273 nec
1626 1217 1805 1289 prophetent.

150 1303 368 1375 quandocunque
383 1301 444 1373 quis
459 1301 593 1374 loquatur,
611 1319 686 1358 uuus
702 1302 736 1357 sit
750 1302 796 1374 qui
809 1303 951 1374 iuterpre·
1000 1303 1060 1358 Nora
1084 1305 1161 1359 euim
1187 1306 1368 1377 permittitur
1392 1307 1432 1361 eir
1455 1305 1490 1359 ab
1515 1305 1606 1376 aliqua
1639 1305 1804 1362 auctoritate

151 1395 237 1459 tetur,
255 1390 339 1446 idest
359 1389 460 1462 aliquis,
473 1389 507 1444 sit
527 1390 572 1462 qui
596 1398 713 1462 exponat
726 1390 836 1463 populo.
852 1391 882 1446 Si
896 1407 950 1445 au·
1001 1391 1111 1465 toqutin
1126 1392 1252 1457 ecelesia,
1268 1393 1316 1449 sed
1331 1393 1421 1464 potius
1430 1393 1589 1465 praecipitur
1599 1410 1658 1450 este
1672 1393 1803 1450 subd-itus

150 1485 211 1536 'tem
225 1496 283 1536 aaa
293 1481 384 1551 suemt
396 1481 549 1547 interpres,
563 1479 774 1550 taceatliuguis,
785 1478 910 1551 loquens,
920 1481 951 1536 ia
1001 1481 1080 1547 viris,
1109 1482 1184 1552 quod
1207 1481 1297 1537 velum
1326 1481 1424 1538 innuit.
1458 1483 1539 1539 Sicut
1567 1487 1595 1538 ct
1616 1483 1663 1538 lea
1677 1482 1758 1548 dicit,
1776 1483 1806 1538 in

152 1569 287 1636 Ecclesia,
303 1567 349 1622 uhi
364 1567 431 1622 nihil
445 1567 527 1623 debet
551 1583 622 1636 esse,
650 1568 696 1623 ubi
717 1567 878 1634 seditionum
900 1566 988 1661 sihiB
1003 1567 1105 1624 Genesi
1117 1569 1186 1626 :Sub
1202 1570 1256 1626 oiri
1270 1573 1411 1644 potestate
1421 1572 1487 1638 eris,
1499 1575 1527 1627 et
1538 1571 1597 1644 ipse
1607 1571 1806 1627 dorniuadt‘tur

153 1661 252 1714 autem
267 1659 410 1730 loquatur,
436 1656 546 1729 linguis,
564 1657 592 1712 id
615 1664 656 1712 est
672 1656 752 1712 taeite
773 1664 832 1712 oret
854 1657 951 1712 Deum.
1004 1657 1056 1712 tui.
1083 1657 1112 1714 st
1140 1657 1208 1731 quid
1231 1663 1325 1715 autem
1350 1660 1449 1716 uolunt
1473 1660 1597 1726 discere,
1621 1660 1805 1730 interrogent

153 1746 210 1802 Sibi
234 1746 363 1817 loquitur,
389 1746 435 1817 qui
459 1745 653 1817 compungitur
674 1762 707 1801 ex
730 1746 773 1800 his
796 1761 857 1818 quae
876 1744 951 1800 dicit.
1005 1747 1160 1812 utrorsuoa
1179 1755 1204 1802 ει
1228 1747 1281 1804 hoo
1305 1748 1390 1814 domi,
1406 1755 1521 1803 tantum.
1546 1749 1636 1820 Turpe
1659 1752 1699 1804 est
1722 1751 1806 1804 atim

152 1837 188 1891 ut
203 1835 247 1891 hic
262 1835 316 1891 Deo
331 1834 468 1906 loquatur,
485 1834 513 1888 id
538 1842 579 1890 est
593 1835 628 1889 ad
647 1835 781 1891 honorem
797 1833 856 1900 Dei,
873 1849 954 1906 quern
1003 1835 1119 1890 mulieri
1135 1837 1210 1908 loqui
1223 1837 1256 1891 t'tt
1276 1837 1405 1902 eeclesia,
1423 1837 1486 1908 quia
1508 1845 1605 1892 eontra
1629 1835 1806 1908 disciplinam

153 1923 245 1980 laudat
268 1922 312 1978 vel
334 1923 460 1979 honorat.
487 1924 633 1995 Prophetae
656 1923 738 1978 etiam
761 1923 815 1979 duo
839 1930 952 1992 tantum,
1003 1923 1215 1979 ecelesiasticam
1228 1933 1280 1979 εει.
1297 1923 1479 1997 {Ambrosius}
1493 1925 1528 1979 Ει
1551 1925 1613 1997 quia
1627 1933 1806 1997 propensata

154 2017 205 2069 aut
219 2017 275 2069 tres
296 2012 395 2068 dicarat
418 2010 567 2084 sigillatim,
583 2027 638 2067 non
658 2011 750 2084 plures
764 2027 830 2084 ergo
854 2012 955 2067 debent
1004 2011 1077 2082 quod
1092 2011 1196 2067 induxit
1209 2012 1317 2082 mulier,
1335 2029 1445 2084 semper
1459 2013 1539 2068 debet
1554 2014 1740 2070 verecundari.
1757 2013 1806 2069 dra

154 2118 215 2158 esse
231 2102 276 2173 qui
291 2099 392 2174 linguis
415 2099 571 2172 loquuntur.
588 2101 653 2156 Ideo
672 2101 737 2157 dicit
760 2102 814 2157 duo
828 2101 872 2157 uel
886 2108 952 2166 tres,
1003 2117 1020 2154 a
1035 2097 1119 2168 uotis,
1130 2101 1191 2172 quia
1204 2100 1273 2157 forle
1287 2101 1321 2157 de
1332 2102 1432 2175 linguis
1446 2109 1473 2157 ει
1486 2103 1629 2174 prophetia
1639 2101 1806 2175 quibusdam

154 2190 217 2263 quia
236 2188 333 2245 suffieit
353 2204 445 2246 sermo
459 2197 497 2245 ιοι
510 2188 660 2245 hominum.
675 2191 710 2245 Et
723 2190 752 2245 in
775 2205 823 2246 ore
838 2191 953 2246 duorum
1004 2189 1150 2259 Apostolus
1178 2205 1233 2245 non
1254 2198 1327 2246 reate
1351 2191 1459 2248 locutus
1482 2191 1567 2247 fuisse
1594 2191 1743 2259 videretur,
1768 2206 1807 2245 ne

153 2279 447 2337 veltriumstatomne
463 2279 772 2351 verbum(Deut.x1x).
792 2279 955 2335 Goeteriau-
1003 2276 1081 2332 aliter
1103 2279 1229 2334 ordinare
1250 2287 1454 2350 praesumerent,
1480 2279 1542 2353 quia
1556 2288 1583 2335 ει
1606 2279 1635 2334 in
1656 2279 1715 2335 aliis
1740 2295 1807 2333 suas

153 2377 209 2426 tem
224 2368 304 2426 tacite
328 2368 494 2441 dijudicent,
512 2369 577 2440 quid
599 2368 700 2438 dieunt,
716 2384 751 2423 an
766 2367 953 2440 aooipieudum
1003 2365 1184 2423 institutiones
1210 2375 1390 2434 mutaverant,
1421 2368 1546 2424 subditur
1573 2368 1724 2439 increpatio
1752 2384 1807 2439 qna

155 2459 189 2516 sit
204 2474 238 2514 an
253 2473 318 2514 nou.
336 2457 452 2524 Quodsi
466 2457 568 2530 aliquid
581 2457 678 2514 mehus
693 2458 850 2514 revelatum
863 2458 954 2529 sumit
1003 2456 1093 2530 arguit
1116 2472 1174 2512 eos.
1192 2454 1277 2525 Quasi
1292 2457 1348 2512 suis
1369 2457 1583 2513 institutionibus
1606 2456 1728 2512 dimissis
1751 2456 1806 2511 ali-

154 2565 205 2622 per
221 2546 351 2619 Spiritum
365 2555 497 2612 sanetum,
514 2547 633 2612 sedenti,
650 2545 678 2601 id
694 2554 735 2600 est
750 2545 788 2599 illi
802 2545 849 2616 qui
863 2546 955 2602 audie·
1005 2561 1073 2617 quas
1087 2561 1171 2601 novas
1186 2544 1287 2601 vellent
1300 2545 1431 2602 iuducere
1441 2546 1513 2618 quod
1527 2561 1582 2602 uon
1597 2552 1720 2616 possent.
1735 2545 1802 2614 Quia

153 2639 209 2700 bat,
233 2638 312 2709 prior
333 2635 500 2705 prophetans
525 2638 629 2701 taceat,
646 2643 671 2690 et
686 2634 732 2690 det
745 2633 785 2688 illi
808 2634 897 2689 locum
925 2641 954 2689 ut
1003 2634 1037 2689 ab
1052 2633 1092 2689 eis
1105 2649 1161 2689 non
1184 2635 1317 2704 prooessit
1340 2635 1452 2690 verbum
1467 2634 1528 2698 Dei,
1544 2649 1596 2691 nee
1611 2633 1662 2690 soli
1686 2649 1804 2705 aecepe-

154 2726 234 2782 dioat.
252 2722 323 2793 Quia
346 2722 425 2777 datur
445 2723 590 2794 aliquando
604 2722 725 2778 interiori
749 2721 822 2794 quod
835 2737 890 2778 non
905 2739 953 2778 su·
1004 2729 1076 2790 runt,
1093 2722 1165 2794 quod
1178 2722 1215 2777 ait
1229 2723 1279 2777 sub
1292 2723 1514 2796 interrogatione,
1531 2723 1567 2778 ita
1584 2739 1591 2778 τ
1607 2723 1650 2778 hrt
1674 2723 1806 2779 aratu?

154 2811 265 2884 periori.
277 2809 446 2866 ldeodicout
455 2810 599 2867 detiorum
612 2825 618 2865 :
630 2811 748 2884 potestis
758 2811 835 2868 enim
845 2827 953 2878 omues,
1004 2811 1089 2881 Quasi
1104 2810 1175 2867 dieat
1192 2829 1198 2866 :
1212 2812 1274 2866 Non
1288 2811 1394 2867 debetis
1408 2819 1514 2868 mutare
1528 2812 1603 2884 quod
1612 2811 1722 2877 tradidi,
1740 2811 1809 2882 quia

155 2901 234 2957 etiam
259 2899 369 2967 sedens,
384 2907 494 2971 accepta
517 2899 698 2971 prophetandi
712 2900 808 2973 gratia,
831 2901 953 2971 prophe·
1004 2918 1043 2957 aa
1054 2900 1194 2972 prooessit
1207 2900 1319 2956 verdum
1335 2902 1385 2958 Dei
1400 2917 1417 2956 a
1432 2901 1518 2967 vohis,
1532 2900 1567 2956 ad
1582 2915 1643 2966 nos,
1655 2900 1739 2955 imon
1755 2915 1808 2954 no·

153 3002 221 3057 tare,
250 3005 305 3045 non
331 2995 423 3044 tamen
451 2979 541 3054 simul,
566 3005 601 3044 ne
627 2987 796 3060 perturbatio
820 2986 874 3056 siat,
906 2988 955 3044 sed
969 2960 1045 3043 Gbis
1059 2989 1167 3044 advos.
1183 2988 1248 3044 ldeo
1262 2989 1300 3044 ita
1314 2988 1404 3061 arguit
1418 3004 1475 3058 eos,
1493 2988 1554 3060 quia
1569 2988 1609 3044 sie
1623 3003 1653 3044 εε
1664 2987 1809 3058 jactabant

155 3098 206 3156 per
219 3079 355 3151 sinqutoa,
372 3081 415 3146 ut,
425 3077 460 3133 ita
474 3078 600 3134 ordinato
611 3095 662 3133 usu
674 3077 833 3149 prophetia,
845 3093 952 3146 omnes,
1004 3076 1143 3144 Corinthii,
1173 3077 1250 3150 quasi
1278 3075 1442 3133 beneficium
1464 3077 1562 3132 darent
1585 3077 1747 3132 accedentes
1769 3075 1808 3130 ad

156 3170 236 3227 etiam
251 3166 378 3237 majores,
394 3167 518 3234 ducant,
534 3172 564 3223 et
586 3181 692 3233 omnes,
716 3166 797 3221 etiam
821 3165 952 3234 minores,
1003 3163 1094 3231 iidem,
1121 3181 1176 3221 non
1203 3163 1366 3237 acciperent,
1382 3173 1409 3221 ει
1432 3165 1557 3237 exemplo
1583 3181 1675 3220 eorum
1696 3171 1808 3220 eaeterae

156 3260 346 3317 exhortentur
355 3254 433 3310 alios.
445 3256 617 3328 Etspirt'taa.
629 3253 714 3324 Quasi
724 3255 796 3310 dicat
809 3272 816 3308 ι
828 3254 955 3326 Loquens
1004 3261 1101 3326 gentes
1115 3261 1280 3311 vocarentur
1293 3254 1327 3309 ad
1339 3252 1430 3310 fidem.
1447 3254 1511 3310 ideo
1525 3254 1588 3310 illos
1599 3254 1696 3309 iterum
1710 3253 1805 3326 arguit

156 3347 237 3404 debet
251 3344 351 3402 cedere
366 3343 481 3412 sedenti,
503 3348 541 3410 ct,
561 3343 590 3399 id
605 3351 646 3399 est
661 3343 734 3416 quia,
749 3344 869 3416 spiritus
890 3361 955 3417 pro·
1005 3343 1125 3398 subdens
1141 3359 1148 3396 :
1164 3345 1220 3400 Aut
1233 3344 1265 3398 irr
1285 3359 1332 3399 ooo
1357 3345 1429 3400 aoht
1452 3345 1585 3416 peruenit
1605 3343 1718 3398 verbum
1742 3341 1807 3396 Dei.

154 3437 306 3511 phetarum
329 3432 448 3504 subiecti
471 3436 539 3487 sunt
562 3432 717 3504 prophetis,
740 3431 768 3486 id
784 3438 825 3486 εει
839 3431 956 3503 Spiritus
1005 3429 1090 3502 Quasi
1104 3431 1193 3486 dieat:
1210 3432 1281 3497 Non,
1293 3432 1349 3488 imo
1363 3432 1391 3486 in
1404 3431 1474 3488 alios
1487 3431 1593 3522 plures3
1608 3432 1642 3486 Et
1655 3432 1717 3487 ideo
1731 3431 1808 3502 quod

155 3532 274 3593 annolus,
290 3522 336 3595 qui
353 3537 424 3577 unus
443 3528 495 3577 est.
512 3520 567 3576 Sed
580 3519 722 3591 pluraliter
746 3520 820 3589 dicit,
845 3528 957 3592 propter
1004 3521 1050 3576 alii
1071 3527 1173 3590 tenent,
1189 3527 1289 3576 tenete.
1314 3520 1379 3577 ideo
1401 3521 1441 3576 sie
1464 3520 1553 3594 arguit
1575 3536 1633 3587 eos,
1650 3519 1713 3592 quia
1736 3519 1808 3575 tales

155 3613 255 3670 multos
264 3613 411 3684 prophetas
428 3625 497 3683 quos
511 3608 606 3681 replet,
621 3609 665 3666 vel
673 3616 784 3681 propter
794 3609 871 3681 plura
886 3610 956 3665 dona
1006 3626 1036 3666 se
1055 3608 1213 3681 prabebant
1241 3608 1356 3664 elatione
1379 3608 1515 3676 vanitatis,
1531 3608 1610 3680 quasi
1629 3608 1653 3663 si
1675 3607 1726 3680 ipsi
1750 3623 1809 3663 non

147 3705 215 3774 ejus
232 3719 238 3757 :
255 3701 397 3772 subjectus
412 3703 456 3756 est
465 3700 622 3772 prophetia,
639 3705 667 3753 ut
681 3699 791 3770 quando
805 3699 899 3754 uolunt
913 3707 956 3754 ta·
1005 3697 1148 3754 obedirent
1163 3695 1255 3753 verbis
1271 3696 1344 3766 tidei,
1361 3713 1442 3754 uerno
1457 3697 1590 3753 erederet.
1605 3697 1635 3753 Si
1646 3698 1708 3770 quia
1727 3697 1809 3752 uide-

156 3807 229 3861 eere,
245 3798 272 3847 ει
287 3789 397 3863 quando
419 3789 514 3845 uolunt
536 3787 611 3859 loqui
634 3787 748 3859 possint,
764 3795 790 3842 ει
805 3803 859 3843 nou
883 3787 956 3860 cogit
1007 3787 1206 3861 turproptreta
1220 3790 1351 3854 casanat
1364 3787 1536 3859 spiritualis,
1548 3794 1600 3842 etc.
1618 3784 1701 3854 Quasi
1710 3786 1783 3841 dieat
1798 3803 1807 3840 :

158 3897 215 3949 eos,
233 3888 260 3936 ut
285 3877 459 3951 Pythonicus,
485 3877 604 3932 clamare
625 3877 716 3948 aliqua
738 3876 781 3932 vel
804 3877 952 3933 subticere.
1005 3878 1073 3932 ltem
1086 3875 1148 3931 ideo
1162 3891 1223 3931 mea
1242 3882 1378 3947 praeeepta
1400 3884 1494 3931 tenere
1516 3875 1630 3940 debetis,
1654 3875 1720 3947 quio
1743 3890 1809 3948 quoe

156 3969 235 4027 Unde
249 3967 271 4023 ai
287 3967 362 4038 prior
376 3981 431 4022 non
452 3965 534 4033 aedit,
550 3964 656 4020 ridetur
677 3980 732 4021 non
756 3981 818 4020 esse
841 3965 957 4036 Spiritus
1005 3966 1095 4022 sartho
1109 3966 1191 4032 vohis,
1202 3965 1340 4021 mandata
1355 3964 1552 4031 demisisset,
1564 3970 1591 4019 et
1601 3971 1706 4034 oportet
1716 3961 1806 4031 utils,

158 4058 218 4115 Dei.
236 4057 378 4126 sabjectus
394 4054 472 4111 etiam
494 4055 593 4111 dieitur
607 4053 725 4125 spiritus,
741 4054 806 4109 dum
821 4055 954 4128 suggerit,
1006 4057 1154 4128 copnotcot
1172 4069 1205 4110 ea
1226 4069 1298 4120 esse,
1315 4053 1338 4108 si
1359 4053 1419 4125 quis
1442 4068 1507 4110 vere
1531 4060 1573 4108 εει
1595 4053 1734 4124 propbeta,
1759 4060 1810 4107 aut

158 4157 185 4205 et
201 4147 276 4217 juvat
299 4145 387 4202 bonos
408 4151 532 4200 conatus.
562 4145 622 4200 Nora
650 4145 737 4200 enim.
758 4141 840 4212 Quasi
863 4143 956 4200 dicat:
1007 4142 1165 4215 spiritualis,
1179 4151 1209 4198 ut
1224 4142 1330 4200 ridetur
1354 4159 1425 4198 εεεε.
1449 4142 1577 4214 Alioquin
1591 4141 1614 4196 si
1635 4148 1730 4198 contra
1752 4157 1808 4197 ra-

158 4237 229 4294 Vere
245 4234 381 4304 subjectus
395 4239 445 4288 est.
462 4231 532 4301 Quia
546 4249 604 4290 uon
618 4236 661 4288 ert
676 4231 858 4290 dissensionis
873 4233 956 4300 Deus,
1007 4232 1055 4300 dit,
1077 4247 1128 4288 neo
1150 4233 1282 4304 propbeta
1305 4238 1347 4286 εει
1370 4247 1420 4288 aee
1441 4231 1598 4302 spiritualia.
1623 4231 1687 4286 liaeo
1710 4229 1810 4286 dicens

157 4325 186 4381 id
200 4331 242 4380 est
255 4322 399 4379 discordia
413 4328 516 4389 auctor,
533 4319 581 4376 sed
602 4322 691 4393 pacis,
707 4330 735 4376 ει
748 4321 811 4378 ideo
826 4321 896 4377 altar
909 4323 993 4384 εε-Ι)
1009 4321 1094 4394 tangit
1107 4319 1362 4392 pseudoapostolos,
1378 4319 1425 4392 qui
1439 4334 1490 4390 pro
1505 4318 1650 4374 desideriis
1664 4317 1809 4374 hominum

159 4414 203 4470 dat
218 4411 307 4468 alteri.
331 4409 516 4467 Dissensionis
541 4417 632 4465 autem
656 4410 729 4465 Deus
750 4417 833 4477 esset,
850 4410 873 4465 si
888 4426 957 4482 quos
1007 4425 1062 4465 non
1076 4409 1177 4476 divina,
1193 4409 1242 4465 sed
1265 4417 1374 4465 terrena
1396 4409 1541 4464 docebant.
1558 4408 1622 4463 ldea
1649 4407 1722 4474 dieit,
1737 4421 1809 4479 pro-

158 4502 246 4574 replet
260 4499 340 4555 simui
355 4499 429 4571 loqui
444 4498 629 4570 compelleret,
646 4499 719 4571 quod
737 4496 869 4555 noniacit
886 4515 893 4554 :
908 4514 957 4570 po·
1007 4500 1090 4570 pheta
1115 4498 1159 4554 uel
1188 4497 1354 4570 spiritualis,
1385 4497 1449 4570 quia
1478 4504 1541 4552 sunt
1576 4495 1729 4568 spirituales
1759 4497 1813 4568 qui

159 4591 212 4646 tius
235 4589 297 4646 fauit
317 4596 346 4644 ut
369 4588 439 4643 alter
462 4586 540 4643 alteri
563 4587 661 4654 cedam
676 4586 754 4643 aliter
778 4587 957 4643 dissensionis
1007 4603 1063 4642 non
1090 4593 1153 4642 suut
1176 4587 1330 4658 prophetea,
1355 4587 1400 4659 qui
1429 4602 1485 4642 uon
1506 4585 1607 4641 babent
1629 4584 1749 4640 notitiam
1772 4585 1811 4642 de

160 4686 241 4743 esset,
259 4685 285 4734 ει
297 4693 352 4733 non
372 4676 458 4748 pacis.
483 4677 546 4733 Hoee
570 4683 661 4732 autam
681 4677 715 4732 de
738 4675 884 4733 ordinabili
907 4692 957 4731 usu
1007 4675 1114 4731 tuturis.
1131 4676 1159 4733 Si
1174 4677 1236 4749 quis
1260 4678 1368 4732 autem.
1384 4673 1502 4749 [Haimo]
1517 4673 1602 4743 Quasi
1617 4673 1689 4730 dicat
1706 4688 1712 4728 :
1728 4673 1809 4728 itan·

158 4769 315 4841 linguarum
337 4773 363 4822 ει
385 4764 544 4836 prophetiae,
569 4764 637 4822 siout
660 4765 690 4819 in
711 4772 804 4820 nostra
833 4763 958 4821 Ecclesia
1007 4765 1070 4820 data
1084 4771 1144 4820 sunt
1159 4764 1209 4820 Dei
1223 4780 1283 4836 qaae
1307 4763 1407 4833 scribo,
1424 4764 1473 4820 sed
1488 4765 1512 4820 ri
1535 4763 1596 4836 quir
1621 4764 1733 4835 ignorat
1747 4763 1809 4819 haee

159 4858 256 4914 doceo.
272 4856 306 4912 Et
320 4855 356 4911 ita
369 4854 449 4912 vobis
462 4853 535 4922 dieo,
551 4855 670 4911 sicutte
685 4855 813 4911 omnibus
827 4854 958 4911 Ecaterils
1007 4868 1070 4910 εεεε
1105 4853 1232 4909 mandata
1260 4852 1330 4919 Dei,
1359 4861 1387 4909 et
1414 4867 1468 4908 non
1505 4852 1560 4909 rult
1595 4852 1707 4907 eredere
1744 4867 1810 4908 εεεε

159 4947 241 5003 etiam
255 4948 420 5001 sauctorum
435 4943 526 5000 doceo.
553 4941 637 5012 Quasi
659 4943 731 5000 dieat
748 4959 754 4998 :
769 4944 830 5000 Non
844 4951 886 4999 est
905 4957 957 4998 no·
1007 4941 1134 4998 mandata
1156 4943 1217 5008 Dei,
1242 4941 1420 5014 ignorabitur
1443 4942 1534 4997 alteo
1546 4941 1575 4995 iu
1596 4938 1698 5006 tuturo,
1713 4939 1741 4995 id
1766 4948 1810 4996 est

158 5051 232 5104 vum,
249 5033 293 5090 vel
313 5032 452 5105 singulare
468 5032 541 5104 quod
564 5031 642 5089 robis
663 5031 734 5090 dieo.
757 5032 823 5088 Ideo
843 5030 958 5087 tirmiter
1008 5031 1210 5103 reprobabitur,
1224 5038 1250 5087 et
1271 5045 1325 5086 non
1347 5038 1531 5104 cognoscetur
1554 5045 1615 5086 esse
1638 5029 1709 5084 iuter
1731 5045 1807 5101 prae·

158 5131 259 5181 tenete.
1008 5119 1175 5188 destinatos,
1215 5127 1244 5174 ut
1274 5119 1303 5174 in
1334 5119 1485 5191 Evangelio
1525 5119 1640 5192 legitur,
1674 5116 1808 5174 Dominus

196 5213 281 5268 Vnus.
293 5211 382 5266 ablu.
394 5209 607 5266 -ltulr'ereairr
620 5210 871 5266 ecelesiistaceaut
882 5225 958 5278 ,urea
1008 5207 1130 5266 dicturus
1153 5207 1234 5264 malis
1250 5223 1256 5263 :
1273 5209 1370 5266 Nescio
1390 5225 1436 5265 voa
1460 5209 1570 5280 (ltatttr.
1595 5209 1685 5278 xxv),
1714 5206 1741 5261 id
1766 5215 1810 5262 est

161 5300 239 5356 caim
246 5301 477 5372 permittiturpt'r
488 5299 622 5374 loquitari
632 5298 759 5356 subditos
769 5297 920 5367 orte,sicut
929 5301 958 5355 et
1005 5313 1064 5355 nou
1087 5297 1150 5354 novi
1172 5314 1221 5356 vos
1245 5315 1306 5355 esse
1327 5313 1413 5368 meos,
1429 5297 1473 5357 uel
1493 5297 1565 5354 inter
1587 5295 1807 5369 praedestinatos.
