3938 6068
140 224 195 278 aab

480 219 764 279 connita'rhttlttht
779 221 816 278 ht
830 219 1045 278 eschiloe·
1058 221 1153 279 PSAL.
1169 224 1306 281 LXXXII.

1736 231 1788 286 'l8b

141 347 315 414 necationis,
337 344 388 402 sed
408 344 568 420 intelligitur
588 345 706 403 carnalis
727 345 879 420 generatio,
896 343 939 402 cui
954 346 1168 418 Aprophetatis.
1194 347 1262 404 Orat
1282 365 1330 420 pro
1351 350 1504 421 credituris,
1539 354 1585 426 qui
1608 370 1663 410 non
1689 354 1790 410 habent

141 433 229 490 dediti
254 434 403 506 perierunt,
439 449 494 490 nou
524 434 686 506 regenerati.
716 434 790 490 Facti
818 441 880 500 sunt
913 441 942 489 ιιι

142 532 251 578 stercus
271 531 360 588 terrae,
387 521 506 594 quiade
536 523 575 578 eis
594 521 661 576 nihil
689 529 866 596 propagatur,
889 521 941 576 uisi

142 619 251 668 terrena
261 610 423 668 fecunditas.
433 613 508 669 Pone
515 611 660 684 principes
668 625 766 667 eornm
775 612 850 668 aient
861 609 939 676 Oret,

143 703 172 756 et
189 700 251 766 Zeb,
268 702 296 754 ei
306 699 388 756 zebee
399 703 427 754 et
438 700 574 755 Salmone
585 719 593 766 ,·
605 698 678 754 Oreb
686 699 940 770 interpr-statumin-

141 789 226 853 citcs,
244 787 298 842 Zeb
315 789 397 860 tapes
413 807 422 854 ;
437 787 535 856 Zebee,
554 787 678 854 uictima,
690 785 746 858 lupi
757 787 870 852 scilicet,
885 803 941 841 non

140 876 193 931 Dei
209 895 216 942 ς
233 875 368 940 Selmena,
396 876 495 932 umbra
519 875 727 932 commotionis.
763 875 827 932 Haec
850 875 941 931 omnis

142 964 307 1036 contingunt
329 963 418 1030 malis,
438 979 507 1035 quos
529 964 557 1018 iu
582 963 655 1020 bono
670 963 734 1020 vicit
758 963 865 1034 populis
879 963 939 1018 Dei.

141 1053 178 1108 lit
199 1059 251 1118 est,
276 1067 348 1122 pone
368 1051 504 1123 principes
531 1067 624 1108 eornm
649 1051 717 1107 sicut
740 1050 825 1120 Oreb,
849 1059 941 1122 utpote

143 1142 233 1197 siccos
242 1155 259 1196 a
269 1139 359 1214 gratia
370 1139 420 1195 Dei
437 1159 444 1207 ;
461 1147 487 1194 et
498 1140 562 1208 Zeb,
573 1139 600 1196 ld
611 1147 652 1195 est
662 1155 774 1212 rapaces
786 1159 793 1207 3
803 1145 829 1196 et
842 1141 939 1208 zebee,

142 1235 236 1300 utpote
255 1243 303 1284 eos
319 1227 365 1300 qni
380 1235 441 1282 sunt
452 1228 510 1296 jam
524 1227 634 1284 victima
650 1227 715 1298 lupi,
727 1228 755 1283 id
771 1227 939 1294 estdi'aboli;

141 1325 169 1372 et
184 1315 323 1384 Selmena,
347 1315 373 1370 id
389 1322 429 1371 est
445 1314 595 1382 instabiles,
623 1315 697 1371 omni
720 1330 812 1388 prarae
836 1331 941 1390 sugge-

142 1403 226 1460 stioni
240 1405 380 1461 cedentes.

179 1515 265 1570 Vans.
283 1518 364 1569 ll.-
380 1535 391 1564 ι
410 1512 513 1570 Omnes
535 1513 675 1586 principes
689 1531 783 1571 eorum
800 1515 847 1588 qui
861 1515 941 1572 dixe-

142 1624 153 1652 ι
173 1609 238 1657 rant
253 1619 260 1656 :
277 1602 432 1659 hereditate
446 1603 636 1674 possideamus
652 1603 835 1659 sanctuarium
850 1603 911 1658 Dei.
927 1623 939 1654 s

179 1709 282 1766 Omnes
302 1709 446 1782 principes
468 1726 575 1774 eornm,
592 1709 739 1782 [Cassiod.,
757 1708 840 1783 hug.)

139 1797 319 1853 consiliorum
334 1805 470 1864 auctores,
487 1797 522 1852 ita
532 1813 603 1869 poue
615 1805 643 1852 ut
654 1797 718 1852 dixi.
728 1798 780 1866 Qui
791 1797 940 1854 dicerunt.

140 1886 214 1942 Ecce
229 1885 326 1962 ‘inanis
349 1885 464 1952 sonitus,
501 1901 555 1957 quo
587 1894 739 1942 sonuerunt
770 1885 871 1942 inimici
893 1886 940 1941 tui.

143 1973 219 2043 Quid
233 1973 381 2030 dixerunt?
397 1974 592 2030 Possideamus
606 1975 808 2031 sanctuarinm
825 1976 884 2031 Dei.
902 1975 942 2030 De

144 2078 202 2134 qun
210 2062 359 2133 Apostolus
369 2061 532 2134 :llemptnm
541 2063 591 2118 Dei
600 2064 943 2136 mnctnmest,qncdeatis

140 2165 188 2206 aaa
204 2151 230 2220 (l
245 2151 307 2208 Car.
323 2151 376 2220 ιιι).
390 2150 423 2206 iii
439 2159 502 2206 sunt
517 2150 603 2207 sancti
619 2150 786 2208 hereditate
801 2158 828 2206 ιιι
843 2151 943 2208 cedant

145 2238 229 2294 nobis
242 2237 352 2293 subditi.
369 2238 563 2294 Hereditatem
579 2239 629 2294 Dei
651 2237 782 2295 invadunt
799 2247 828 2294 ιιι
852 2255 939 2294 suam.

142 2325 184 2381 tlh
199 2325 236 2381 ita
251 2325 389 2393 dixerunt,
407 2327 456 2382 sed

179 2411 263 2466 vrrs.
282 2414 324 2466 lh.
340 2441 375 2452 -
392 2434 403 2460 r
421 2412 495 2466 Deus
509 2425 597 2480 rusus,
621 2425 692 2482 pone
711 2411 773 2468 illos
787 2419 816 2466 ut
844 2419 940 2478 rotam,

142 2521 154 2549 ι
172 2506 200 2554 et
216 2499 285 2555 sicut
299 2499 425 2570 stipulam
440 2509 504 2554 ante
519 2497 616 2556 laciem
631 2498 713 2555 venti.
733 2523 744 2547 n

183 2585 940 2661 187Densmenamoneittarctrotcm,[Aug.,Gl.

139 2674 204 2748 int]
219 2675 302 2730 idest
316 2691 372 2732 non
382 2674 435 2730 sint
450 2675 570 2741 stabiles,
585 2675 613 2730 in
624 2691 656 2732 eo
665 2676 739 2747 quod
748 2675 879 2747 cogitant.
892 2675 942 2732 Vel

140 2764 211 2820 sicut
233 2771 291 2819 rota
317 2763 353 2819 ab
368 2763 411 2818 his
431 2780 492 2836 quae
507 2771 581 2820 retro
596 2771 657 2819 sunt
677 2763 764 2836 surgit
779 2773 805 2820 et
820 2772 883 2820 ante
895 2779 942 2820 ca·

139 2852 190 2920 dit,
205 2851 242 2906 ita
256 2859 283 2907 et
297 2851 350 2923 ipsi
363 2867 396 2908 ex
425 2852 468 2906 his
491 2867 553 2924 quae
564 2861 638 2908 retro
654 2861 725 2921 sunt,
741 2852 770 2908 id
784 2862 869 2908 estex
885 2859 943 2907 ter-

139 2941 217 2996 reuis
241 2940 270 2994 in
293 2939 392 3011 quibus
411 2948 548 3006 crescunt,
570 2941 763 2996 exsultantur:
780 2941 854 3013 quod
877 2957 942 2998 tere

140 3037 192 3085 est.
213 3029 249 3084 lit
261 3028 352 3084 animo
367 3029 467 3084 cadant
482 3028 569 3084 abhis
590 3045 650 3100 quae
665 3037 728 3084 ante
751 3037 824 3096 sunt,
850 3029 877 3084 id

139 3118 176 3172 ab
190 3117 311 3185 eternis,
328 3121 356 3173 et
363 3133 436 3190 pone
448 3117 513 3172 illac
522 3118 596 3174 sicut
607 3119 746 3191 stipatam
756 3122 824 3174 ante
832 3119 941 3189 faciem

138 3208 228 3276 venti,
244 3206 273 3262 id
287 3213 329 3261 est
343 3213 406 3261 ante
421 3206 596 3278 presentiam
616 3205 782 3275 tentationis,
797 3213 826 3262 ιιι
841 3205 942 3262 cedant

138 3294 265 3350 omnibus
285 3293 403 3351 motibus
431 3307 526 3365 pravas
551 3293 746 3368 suggestionis.
763 3293 856 3368 [ΑιιςἸ
874 3293 941 3350 Cas-

138 3381 223 3448 siod.,
239 3381 329 3456 hug]
341 3383 445 3439 Ventus
459 3397 510 3454 pro
526 3381 673 3438 tentatione
689 3381 809 3454 ponitur,
827 3398 881 3454 qua
896 3383 939 3438 le-

138 3471 184 3527 via
205 3479 232 3528 et
251 3470 345 3526 inania
358 3471 444 3527 corda
472 3470 630 3542 puniuntur,
655 3478 682 3527 et
696 3486 819 3544 congrue
844 3470 940 3528 levitas

139 3559 313 3631 peccantium
328 3567 408 3615 vento
422 3565 605 3630 comparatur,
616 3559 663 3630 qui
676 3559 730 3614 huc
754 3565 781 3614 et
803 3557 867 3616 illuc
887 3576 939 3615 vo-

138 3649 207 3704 litat.
222 3648 273 3704 Per
286 3649 335 3703 has
350 3654 442 3703 autern
465 3646 665 3714 similitudines,
691 3647 816 3718 praedicit
839 3647 939 3703 multas

138 3753 232 3793 eorum
248 3735 415 3792 calamitates
432 3755 439 3802 3
457 3735 664 3792 levitatemrero
679 3736 858 3807 peccantium,
870 3751 938 3810 gra-

137 3826 180 3882 vis
194 3824 342 3882 cruciatus.
360 3821 438 3880 Unde
453 3822 545 3879 subdit
562 3841 568 3878 :

174 3932 260 3986 Vnus.
278 3932 321 3985 ta.
339 3961 374 3970 —
404 3952 415 3978 s
433 3929 508 3985 Sicut
523 3927 595 4003 ignis
609 3929 655 4002 qui
670 3923 804 3986 comburit
829 3929 936 3997 silvam,

139 4044 150 4066 a
168 4029 196 4075 et
210 4019 281 4075 sieut
296 4017 408 4074 llamma
422 4019 587 4074 comburens
601 4025 717 4074 montes.
737 4040 748 4069 s

173 4109 261 4164 Vnus.
278 4109 359 4162 ιι.-
377 4128 388 4158 ι
405 4107 446 4162 lta
459 4106 635 4179 persequeris
649 4105 711 4162 illos
730 4107 757 4162 in
776 4114 938 4178 tempestate

138 4219 149 4247 ι
168 4205 212 4252 tun
230 4213 237 4251 ε
255 4204 281 4251 et
295 4195 322 4250 iu
333 4195 376 4252 ira
391 4203 434 4250 tua
450 4195 573 4250 turbabis
588 4210 645 4251 eos.
666 4216 678 4245 s

173 4285 256 4342 Sicut
278 4285 363 4357 ignia
393 4282 513 4356 [lisym.,
539 4286 622 4357 hug„
639 4283 775 4358 Cassiod]
789 4283 874 4355 Quasi
894 4285 938 4340 di·

993 435 1125 492 scelerum
1148 436 1312 504 laudatores,
1329 439 1377 494 sed
1401 449 1427 496 et
1449 441 1614 512 culpatores,
1644 458 1713 514 quos
1740 457 1789 512 op·

992 519 1134 590 probrium
1150 536 1222 592 saepe
1238 521 1362 594 corrigit.
1381 522 1438 579 Hoc
1453 524 1553 580 honum
1574 533 1601 582 st
1615 525 1734 597 optabile
1749 525 1789 580 eis

991 609 1168 679 prophetatur
1184 627 1191 676 ;
1207 624 1258 665 neo
1273 609 1313 664 eis
1328 612 1547 681 prophetaretur,
1569 613 1621 668 nisi
1646 621 1738 670 essent
1760 613 1790 668 in

991 711 1023 750 ea
1046 695 1174 753 socictate
1197 696 1369 753 inimicorum
1393 699 1487 770 populi
1523 699 1573 755 Dei
1602 700 1684 756 etiam
1709 701 1786 769 tales,

991 783 1089 855 quibas
1116 785 1169 840 hoc
1197 793 1258 839 ante
1281 785 1404 841 ultimum
1429 786 1561 854 iudicium
1604 787 1787 859 praestabitur,

991 870 1054 945 quia
1068 881 1094 928 et
1109 888 1179 929 nunc
1196 873 1267 928 idem
1291 889 1389 945 corpus
1409 874 1583 932 inimicorum
1610 884 1660 942 est,
1689 892 1790 932 secun-

990 960 1057 1016 dum
1078 961 1253 1017 invidentiam
1266 977 1320 1035 qua
1344 964 1506 1019 aemulantur
1533 965 1662 1036 populum
1682 965 1742 1032 Dei,
1765 973 1792 1021 et

991 1065 1063 1105 nunc
1076 1049 1148 1104 idem
1163 1065 1264 1121 corpus
1279 1058 1356 1107 sonat
1370 1060 1397 1106 et
1411 1051 1482 1107 levat
1505 1060 1595 1124 caput,
1626 1053 1675 1108 sed
1703 1053 1789 1124 parti·

991 1135 1110 1205 culatim,
1123 1153 1176 1194 non
1190 1137 1377 1194 universaliter
1396 1146 1424 1193 ut
1438 1139 1467 1194 in
1480 1137 1543 1208 fine,
1564 1149 1591 1196 et
1614 1148 1704 1196 tamen
1726 1141 1790 1198 inde

990 1225 1073 1297 aliqui
1088 1233 1290 1296 convertuntur,
1315 1243 1364 1298 pra
1379 1227 1477 1299 quibus
1491 1229 1536 1284 hic
1549 1236 1618 1285 orat.
1642 1229 1713 1286 Dicit
1737 1245 1788 1286 au-

991 1319 1046 1368 tern
1065 1329 1171 1380 eorum,
1195 1314 1260 1385 quia
1287 1314 1375 1371 adhuc
1403 1332 1487 1370 anum
1514 1331 1614 1387 corpus
1638 1324 1701 1371 sunt
1726 1333 1788 1372 cum

991 1401 1078 1456 malis.
1091 1401 1181 1458 Ethcc
1189 1411 1240 1470 est,
1252 1402 1339 1474 imple
1346 1403 1435 1474 facies
1446 1420 1542 1460 eornm
1553 1405 1720 1475 ignominie,
1732 1403 1788 1477 [ot.

990 1489 1049 1556 int„
1062 1489 1180 1563 alcuin]
1195 1489 1223 1545 id
1238 1498 1278 1544 est
1292 1489 1334 1546 fac
1349 1505 1398 1545 eos
1413 1491 1465 1545 sibi
1480 1499 1508 1547 et
1531 1492 1591 1547 aliis
1616 1492 1783 1564 ignominio-

992 1593 1039 1632 sos
1059 1577 1156 1634 rideri.
1176 1579 1398 1650 Etrirqnoerent
1412 1595 1516 1636 namen
1546 1583 1643 1646 tunm,
1661 1581 1787 1637 Domine.

857 1709 884 1764 id
899 1717 941 1765 est
955 1667 1064 1758 BNota
1078 1667 1152 1738 quod
1166 1666 1266 1722 melius
1284 1675 1326 1722 est
1340 1676 1454 1723 ruereut
1468 1668 1625 1739 poeniteant,
1638 1685 1720 1741 quam
1740 1671 1792 1725 sub

993 1753 1084 1825 specie
1095 1754 1236 1827 religionis
1246 1754 1398 1826 superbire.
1412 1755 1487 1812 Unda
1497 1756 1629 1828 propheta
1638 1757 1672 1811 ait
1690 1759 1744 1813 :at
1761 1763 1792 1814 ta

992 1843 1054 1912 fitia
1072 1843 1137 1899 Sion
1151 1858 1238 1916 napae
1252 1843 1288 1898 cd
1306 1843 1473 1915 Babylonem
1484 1846 1578 1900 venim
1589 1846 1680 1918 ibique
1692 1846 1793 1903 iibera-

993 1930 1075 1998 beris,
1087 1929 1178 1998 (illici.
1195 1931 1246 2016 pv).

1029 2054 1115 2110 Vsas.
1133 2057 1175 2110 tii.
1197 2085 1232 2095 -
1256 2076 1268 2106 ι
1294 2055 1464 2112 Erubescant
1489 2064 1516 2113 et
1543 2056 1740 2114 conturbentur
1763 2055 1791 2112 in

996 2142 1156 2198 «seculum
1171 2141 1262 2198 manli
1278 2161 1286 2210 3
1302 2151 1329 2200 et
1357 2143 1560 2200 confundantur
1580 2152 1607 2202 et
1630 2152 1755 2217 pereant.
1775 2167 1785 2192 r

1029 2265 1202 2325 brutescunt
1224 2265 1370 2338 [Cassiod.,
1400 2267 1519 2334 dicuin,
1546 2268 1629 2342 Aug]
1654 2269 1704 2326 ilic
1732 2269 1789 2342 agit

993 2353 1027 2410 de
1040 2353 1117 2408 malis
1142 2352 1187 2426 qui
1211 2369 1266 2412 nou
1280 2363 1480 2411 convertentur.
1504 2353 1589 2425 Quasi
1606 2356 1701 2412 dicat:
1722 2356 1790 2414 Dico

992 2450 1116 2514 querant
1130 2457 1230 2498 nomen
1245 2450 1330 2498 tuum.
1347 2442 1427 2512 Quod
1449 2445 1472 2499 si
1501 2459 1556 2500 nou
1571 2443 1695 2510 iecerint,
1721 2461 1789 2501 era-

993 2531 1108 2586 bescant
1121 2530 1149 2585 in
1163 2529 1255 2588 tuturo
1269 2531 1303 2586 de
1316 2531 1395 2587 malis
1410 2548 1472 2604 quae
1486 2531 1619 2600 lecerunt,
1632 2539 1659 2588 et
1668 2536 1789 2591 contar-

992 2618 1096 2675 bentnr
1111 2619 1146 2674 de
1159 2619 1248 2690 paenis
1263 2635 1330 2692 quas
1340 2619 1488 2691 patientur.
1501 2620 1537 2676 Et
1550 2621 1602 2678 hoc
1612 2623 1644 2677 in
1651 2622 1789 2677 secatam

992 2708 1100 2774 recall,
1117 2707 1145 2762 id
1160 2715 1201 2762 est
1216 2707 1243 2762 iu
1258 2716 1401 2763 aeteruum.
1421 2707 1462 2763 nli
1484 2715 1574 2764 autem
1596 2709 1642 2780 qul
1668 2715 1792 2781 quaerunt

993 2809 1093 2850 nomen
1107 2794 1215 2850 Domini
1229 2812 1235 2849 ι
1252 2804 1278 2851 et
1290 2796 1313 2850 si
1329 2796 1411 2853 modo
1425 2809 1476 2868 pro
1492 2797 1612 2867 peccatis
1623 2796 1788 2854 erubescunt

992 2883 1179 2951 etturbantnr,
1197 2891 1357 2940 nontamen
1377 2885 1404 2940 iu
1423 2893 1555 2941 aetemum
1580 2883 1789 2943 confundentur.

992 2971 1096 3027 Rursus
1111 2971 1181 3028 redit
1195 2971 1287 3028 adecs
1311 2972 1404 3044 quiin
1424 2973 1553 3044 praesenti
1578 2973 1789 3039 contundentur,

901 3034 943 3084 θεῖ
958 3046 1026 3114 Gne
1036 3057 1237 3115 contundantur
1252 3059 1279 3114 in
1294 3068 1434 3116 aeternum.
1453 3060 1537 3130 Quasi
1553 3061 1626 3118 dicat
1642 3079 1648 3116 :
1665 3062 1707 3118 illi
1730 3071 1789 3118 tnr-

991 3147 1091 3202 beutur
1105 3147 1132 3202 in
1160 3156 1303 3204 aeternum.
1326 3147 1488 3218 Quaerentes
1510 3157 1601 3206 autem
1617 3164 1715 3206 nomen
1731 3151 1789 3206 Do-

991 3235 1067 3306 mini,
1082 3234 1208 3292 modoet
1223 3235 1442 3308 confundantur
1452 3236 1487 3293 de
1501 3237 1787 3309 peccatissalubriter,

990 3328 1020 3380 et
1034 3328 1153 3397 pereant
1167 3323 1338 3395 inquantum
1352 3324 1417 3380 mali
1427 3333 1498 3398 sunt,
1514 3333 1543 3381 ut
1557 3325 1623 3382 fiant
1637 3325 1713 3383 boni.

1027 3448 1111 3504 Vsus.
1136 3449 1179 3504 t'l.
1204 3471 1270 3496 -s
1296 3448 1331 3504 Et
1352 3459 1521 3522 cognoscant
1543 3449 1604 3524 qrria
1625 3466 1725 3508 nomeu
1739 3449 1788 3507 tibi
1878 3429 1881 3435 ¹

992 3558 1003 3582 r
1021 3535 1153 3591 Dominus
1170 3555 1177 3602 ;
1193 3544 1221 3592 tu
1234 3535 1309 3593 solus
1323 3537 1479 3595 altissimus
1492 3538 1520 3594 iu
1535 3539 1609 3596 omni
1623 3547 1705 3596 terra.
1721 3561 1732 3591 ι

1026 3643 1060 3697 at
1075 3641 1115 3698 sic
1130 3647 1300 3714 cognoscant
1314 3643 1379 3716 quia
1393 3659 1493 3700 namen
1506 3645 1654 3702 essentiale
1665 3647 1715 3702 tibi
1730 3647 1785 3702 Do·

989 3732 1085 3786 minna
1095 3738 1146 3798 est,
1162 3730 1261 3805 [hug.,
1278 3731 1397 3805 alcuin]
1412 3732 1569 3804 quicunque
1583 3732 1656 3788 enim
1670 3733 1716 3788 alii
1732 3749 1784 3790 nec

989 3831 1055 3872 vero
1070 3833 1181 3874 necsuo
1195 3818 1304 3874 nomine
1319 3819 1421 3874 domini
1435 3827 1633 3891 nuncupantur,
1658 3820 1786 3893 quoniam

990 3905 1311 3974 serviliterdomiuantur,
1325 3915 1352 3963 et
1362 3923 1428 3964 vero
1438 3908 1555 3964 Domino
1566 3909 1725 3979 comparati,
1734 3925 1785 3967 nec

988 3993 1091 4050 domini
1101 4002 1175 4050 sunt.
1196 3995 1230 4050 Ει
1245 3995 1331 4052 sciant
1346 3995 1409 4068 quia
1424 3999 1456 4051 tn
1471 3996 1548 4052 solur
1568 3997 1731 4054 altisimus
1754 4001 1786 4054 in

989 4083 1066 4139 amni
1083 4086 1170 4150 terra,
1186 4083 1229 4140 vel
1244 4099 1325 4154 super
1347 4099 1456 4140 ornnem
1466 4091 1575 4140 terram.
1592 4085 1643 4141 Vel
1656 4085 1691 4143 de
1707 4087 1785 4144 mdis
1865 4089 1869 4098 “

990 4177 1080 4242 potest
1109 4171 1206 4243 accipi,
1225 4179 1252 4227 et
1275 4171 1484 4228 confundantur.
1507 4172 1592 4242 Quasi
1610 4173 1684 4231 dicat
1699 4192 1706 4230 ι
1722 4175 1784 4234 hlali

989 4260 1131 4316 turbentur
1154 4259 1183 4316 in
1206 4267 1348 4328 aeternum,
1369 4269 1396 4316 et
1418 4269 1480 4317 tuuc
1503 4261 1706 4321 contundantur
1733 4265 1786 4336 ipsi

137 4382 182 4430 cat
199 4391 206 4428 :
224 4373 254 4428 ln
270 4372 398 4444 praeseuti
413 4373 471 4429 bec
495 4372 568 4427 mala
583 4372 710 4439 sentient,
731 4373 759 4428 in
773 4373 864 4430 futuro
886 4390 936 4430 au·
952 4347 1053 4465 Dmffli
1068 4347 1160 4404 anima
1176 4356 1204 4403 ‘³‘
1217 4363 1342 4420 ⁰⁰fp⁰rer
1353 4357 1380 4405 ⁰²
1393 4359 1507 4420 Ι)θιέἓὶωῑ
1525 4351 1636 4408 omnim
1648 4352 1787 4452 issel‘ffffl·

138 4471 193 4518 tem
208 4464 251 4517 ita
261 4463 436 4534 persequeris
445 4478 491 4517 eor
501 4462 532 4516 in
546 4465 714 4534 tempestate
732 4465 791 4530 tna,
802 4462 829 4517 id
840 4471 881 4518 est
892 4464 938 4533 ju·
989 4437 1088 4536 b¹i¹f⁰sv
1106 4444 1132 4493 ⁰²
1146 4445 1210 4535 '²⁰⁰⁰
1225 4445 1392 4537 misiam
1402 4439 1476 4537 <wid
1491 4440 1572 4496 m⁰d⁰
1586 4439 1682 4496 ”⁰¹¹⁸st
1703 4457 1784 4508 W»

135 4550 210 4606 dicio
226 4549 299 4624 quod
314 4550 363 4605 em
378 4549 554 4621 improvisum
570 4557 597 4605 et
612 4565 696 4622 grave
712 4568 719 4614 3
736 4555 765 4606 ep
776 4553 807 4606 in
819 4552 863 4608 im
876 4555 938 4620 lua,
990 4525 1093 4624 seilicet
1108 4541 1172 4598 quta
1185 4541 1285 4582 nornen
1301 4527 1494 4626 ιιιιιιὶοιιιιιιιιι
1509 4536 1550 4583 est
1566 4543 1640 4626 ;nou
1655 4535 1783 4584 mutatur.

136 4639 164 4696 id
181 4647 224 4694 est
238 4637 380 4708 injustitia
394 4638 495 4694 ultimae
509 4638 636 4693 vindictae
652 4639 776 4695 turbabis
799 4655 843 4696 eos
864 4642 939 4696 sieut
988 4614 1022 4669 Ei
1037 4629 1111 4685 ‘³⁰¹³’
1129 4622 1157 4668 ω
1178 4613 1253 4670 ⁵⁰¹⁰⁵
1268 4614 1423 4670 Ali¹⁵⁵¹¹¹¹¹¹³
1436 4631 1467 4672 ⁶⁸
1481 4633 1510 4670 ¹¹¹
1533 4631 1606 4672 ⁰¹¹¹¹¹¹
1630 4623 1711 4686 tems
1741 4617 1784 4674 Vel

138 4729 215 4799 iam-3
231 4727 429 4799 quicombmt
444 4727 554 4782 silvam·
572 4725 667 4799 [ΑΨ
689 4727 826 4801 Cassiod]
855 4729 939 4785 Malos
989 4715 1071 4771 super
1094 4718 1203 4758 omnem
1232 4711 1342 4801 terram.
1359 4703 1451 4777 [Aug.,
1480 4703 1617 4778 Cassiod]
1646 4705 1727 4762 etiam
1755 4706 1783 4762 in

136 4816 204 4872 dicit
223 4815 329 4882 silvam,
346 4815 408 4887 quia
423 4814 529 4870 steriles
545 4821 638 4870 sunta
656 4815 769 4884 justitia,
786 4823 812 4872 et
827 4817 938 4873 eosdem
988 4789 1058 4846 ⁰oe¹⁰
1073 4797 1115 4846 θεῖ
1128 4791 1187 4862 ipse
1203 4791 1368 4861 ⁶¹²¹⁸⁵imu⁵¹
1385 4799 1411 4847 οἳ
1421 4807 1502 4863 super
1512 4809 1593 4850 (ΜΕ
1603 4793 1712 4850 eoelum·
1729 4795 1784 4850 sed

136 4903 203 4962 dici,
216 4911 333 4968 montes.
349 4903 413 4975 quja
428 4903 501 4975 pleni
516 4903 722 4974 sumsupeffii&
734 4906 812 4961 mut
821 4906 938 4974 flamma
988 4879 1040 4934 hoc
1054 4879 1136 4952 elegit
1152 4895 1205 4952 quo
1220 4888 1359 4951 prematur
1373 4881 1490 4936 humana
1514 4882 1653 4954 superbia.
1679 4884 1784 4940 Desinit

135 4993 303 5048 comburam
328 4995 450 5048 mom
472 4991 546 5064 'gnis
578 4991 719 5048 flammeus
755 5001 796 5048 est
823 4994 939 5065 puniens
988 4967 1061 5022 enim
1076 4975 1145 5023 terra
1159 4968 1309 5038 superbire,
1329 4969 1357 5023 id
1371 4976 1412 5024 est
1437 4970 1527 5040 homo,
1544 4970 1587 5026 cui
1602 4971 1705 5028 dictum
1720 4981 1781 5028 est:

136 5084 221 5139 Deus.
238 5081 367 5154 congrue
396 5088 485 5136 autem
510 5080 582 5152 ignis
605 5089 631 5136 et
655 5081 764 5137 llamrus
788 5083 816 5138 in
837 5083 938 5151 judicio
993 5057 1076 5110 Terra
1090 5071 1128 5124 es,
1146 5059 1174 5111 et
1189 5057 1483 5126 interrumiiistden.
1496 5058 1548 5127 ιιι),
1561 5075 1623 5114 cum
1633 5060 1683 5116 scit
1693 5061 1782 5116 Deum

135 5186 198 5226 esse
212 5169 350 5234 dicuutur,
367 5168 431 5241 quia
460 5177 524 5225 tunc
545 5169 639 5225 densae
664 5169 740 5226 silum
763 5179 938 5243 peccatorum
987 5142 1070 5198 mum
1100 5159 1181 5214 super
1204 5159 1313 5200 ⁰¹¹¹¹¹em
1337 5153 1444 5213 ‘emm’
1474 5145 1501 5200 id
1516 5155 1557 5202 0⁵¹
1572 5163 1632 5202 ⁰⁰⁰¹
1655 5147 1706 5204 ⁵⁰5¹
1724 5149 1784 5204 ¹¹⁰¹·

135 5268 162 5315 et
176 5265 286 5314 montes
301 5256 437 5328 superbias
452 5259 656 5314 cremabuntur.

171 5365 256 5420 Vnus.
284 5367 328 5418 ¹5.
340 5394 374 5405 -
391 5385 402 5415 ι
421 5363 505 5436 imple
529 5363 611 5420 iacies
633 5380 728 5420 eorum
760 5364 911 5437 ignominia
928 5386 935 5434 ;

138 5477 149 5502 ι
168 5461 195 5509 et
211 5459 336 5526 quaerent
350 5467 450 5508 nomen
469 5459 555 5518 tuum,
572 5453 696 5509 Domine.
716 5478 726 5500 a

986 5335 1037 5392 pro
1051 5320 1129 5375 nobis
1143 5321 1205 5392 qais
1219 5325 1321 5377 cantra
1335 5327 1405 5378 nas?
1423 5323 1515 5394 (Rom.
1531 5326 1603 5394 vui.)
1628 5325 1782 5382 Notandum

988 5408 1049 5479 quia
1064 5407 1189 5463 undecim
1214 5409 1400 5480 superioribus
1428 5411 1542 5482 psalmis
1555 5412 1726 5472 introductus
1739 5425 1781 5472 est

988 5496 1091 5567 Asaph,
1108 5503 1137 5551 ιιι
1159 5496 1257 5552 duritia
1271 5498 1428 5554 ludaeorum
1452 5498 1584 5572 frequenti
1600 5505 1667 5560 voce
1694 5503 1778 5575 ipsius

172 5577 262 5648 impie
273 5577 372 5648 stacius,
389 5575 535 5648 [Cassiod.,
552 5576 635 5650 hug]
657 5578 746 5649 pinnis
760 5579 937 5649 pertinacium
989 5585 1142 5656 synagogae
1162 5585 1344 5652 mollesceret,
1368 5589 1410 5643 vel
1431 5588 1483 5658 ipsi
1503 5589 1605 5646 uomiui
1623 5592 1667 5647 eui
1690 5592 1781 5648 devoti

988 5231 1043 5286 lum
1059 5229 1149 5286 valere
1176 5239 1270 5288 contra
1296 5248 1344 5288 eos
1366 5233 1401 5290 de
1425 5233 1524 5306 quibus
1538 5235 1653 5292 dicitur:
1669 5237 1699 5293 Si
1709 5239 1782 5296 Deae
1875 5291 1886 5314 0
