3878 6322
181 188 251 244 ttae
506 180 759 240 COLLECTANEA
777 182 814 238 IN
832 181 942 238 urtsr.
961 183 995 237 D.
1017 181 1130 238 PAULI.
1145 213 1179 225 -
1194 183 1231 240 ΙΝ
1249 183 1303 240 llP.
1323 185 1335 238 1
1353 182 1401 238 Ab
1420 179 1500 238 COR.
1759 179 1829 236 teet

181 326 261 367 orare
276 307 423 365 Dominum
438 315 465 363 et
480 305 573 364 dicere
584 325 591 363 :
602 307 722 365 btmttrc
731 306 809 364 nobis
819 304 912 361 debito
926 308 1016 367 rec-A
1030 320 1093 360 rnen
1105 307 1163 362 roto
1174 321 1269 362 omnes
1282 305 1408 362 homines
1419 321 1477 362 esse
1489 311 1580 361 castos
1591 304 1666 360 sicut
1675 303 1827 378 meipsam.

180 404 250 466 stro,
268 407 319 454 etc.
341 397 398 469 (66)
416 396 478 452 Νοε
492 411 560 468 ergo
584 395 650 450 illud
673 394 803 467 precepit
823 393 979 466 Apostolus,
1030 391 1165 462 Quantum
1189 395 1224 449 ad
1252 393 1414 450 benevolum
1442 402 1468 448 et
1496 392 1640 450 sollicitum
1668 393 1827 467 magistrum

180 488 230 543 sed
244 486 377 558 permisit.
394 484 475 540 Aliud
490 491 532 540 est
546 483 619 539 enirn
636 484 709 555 quod
723 482 888 554 permittitur
902 480 980 536 intir-
1028 481 1157 551 pertinet,
1179 497 1275 536 omnes
1299 482 1376 550 tales,
1394 482 1417 536 si
1439 480 1496 538 fieri
1519 490 1621 552 posset,
1638 482 1746 539 volebat
1765 497 1827 538 csse

180 574 276 640 mitati,
292 574 366 630 alind
380 573 452 646 quod
466 572 703 644 praecipiturlidei.
719 570 799 640 Quod
813 569 931 625 ostendit
946 586 978 624 ex
1030 569 1099 624 sicut
1126 569 1255 639 seipsum,
1285 570 1312 625 id
1340 578 1382 625 est
1408 571 1587 626 continentes.
1618 571 1672 626 Sed
1697 569 1748 626 etsi
1770 585 1826 626 non

179 679 212 718 eo
226 662 299 735 quod
313 662 359 728 ait,
376 662 429 717 hoc
443 660 505 718 dico
527 659 677 716 seeundum
699 658 906 730 indulgentiam,
923 673 979 712 non
1029 656 1082 711 sint
1097 672 1192 712 omnes
1213 657 1291 723 casti,
1307 657 1409 712 habent
1430 665 1521 713 tamen
1542 658 1593 714 alia
1615 659 1713 730 quibus
1729 657 1827 714 salvari

178 751 328 807 secundnm
351 749 504 820 imperium.
528 745 614 816 Quasi
636 747 728 803 dicat:
745 747 806 801 Non
822 747 874 801 boc
894 745 978 815 jubeo
1029 753 1152 816 possunt,
1169 745 1240 816 qnod
1251 745 1286 799 ita
1297 745 1348 800 ait:
1361 746 1413 801 Sed
1423 747 1614 820 unnsquisque
1625 746 1706 803 hebet
1718 748 1825 803 donem

178 838 303 904 castitati,
320 837 369 892 sed
383 836 512 907 permitto
527 833 685 902 infirmitati,
701 850 755 890 non
773 842 815 889 est
830 832 975 900 laudabile,
1028 849 1065 888 ee
1080 835 1143 902 Dec,
1161 833 1222 904 quia
1238 841 1264 888 ει
1278 833 1433 907 conjugium
1456 841 1496 888 est
1519 851 1553 889 ex
1567 836 1625 889 Deo
1647 835 1716 891 sicut
1739 835 1826 892 conti-

179 925 229 982 sed
252 925 366 981 veniale.
383 923 437 980 Sed
461 922 531 978 forte
550 922 648 994 aliquis
670 922 753 989 dicet,
769 922 792 976 si
815 924 866 977 boc
881 936 977 977 secun·
1027 921 1128 976 nentia.
1145 922 1252 976 Donum
1275 921 1337 977 dico
1360 921 1509 993 proprium,
1524 921 1552 976 id
1574 929 1616 977 est
1639 921 1691 977 sibi
1714 938 1824 995 compe-

178 1013 243 1068 dum
268 1013 375 1069 reniam
404 1011 539 1068 concessit
560 1010 717 1082 Apostolus,
739 1025 808 1084 ergo
834 1017 977 1080 peccatum
1027 1015 1096 1074 tens,
1118 1009 1179 1080 quia
1201 1009 1228 1063 in
1249 1010 1301 1065 boc
1325 1010 1439 1082 quisque
1462 1010 1615 1078 adjuvatur,
1629 1011 1702 1082 quod
1722 1010 1823 1082 appetit

178 1109 241 1156 sunt
255 1101 365 1172 nuptia.
381 1098 430 1154 Cui
451 1099 524 1155 enirn
544 1099 625 1154 venie
648 1098 701 1153 nisi
719 1106 831 1168 peccato
846 1095 976 1152 concedi·
1027 1097 1142 1152 aridius.
1157 1097 1237 1152 Alicr
1247 1097 1357 1168 quidem
1373 1099 1423 1160 sic,
1436 1097 1541 1154 scilicet
1551 1098 1580 1152 in
1594 1097 1721 1170 conjugio
1734 1106 1824 1170 potest

176 1197 230 1256 tur,
247 1188 294 1245 ubi
309 1196 350 1244 est
363 1185 564 1244 incontinentiae
578 1185 704 1241 malum?
719 1185 800 1240 Plane
815 1185 889 1257 quod
902 1183 977 1239 intir-
1027 1184 1142 1250 salvari;
1158 1187 1233 1242 clins
1247 1201 1310 1241 nero
1324 1185 1379 1250 sic,
1402 1185 1504 1241 scilicet
1518 1186 1546 1240 in
1560 1185 1661 1254 viduali
1676 1186 1719 1242 vel
1734 1186 1823 1260 virgi-

175 1275 264 1332 mitati
278 1275 414 1334 concessit
424 1274 569 1345 Apostolus
580 1273 731 1331 secuudum
745 1273 863 1339 renium,
889 1272 976 1328 audeo
1026 1271 1081 1327 nali
1109 1273 1282 1329 continentia.
1307 1271 1489 1347 [Ambrosius]
1516 1273 1550 1327 Et
1572 1272 1634 1329 iden
1658 1289 1713 1328 non
1741 1273 1823 1330 debet

176 1363 268 1421 dicere
288 1372 431 1435 peccatum
455 1377 526 1418 esse.
544 1362 659 1418 Veniam
682 1377 800 1433 namque
823 1360 976 1416 concedens
1026 1360 1087 1431 quis
1116 1361 1276 1434 constringi,
1304 1378 1339 1417 ne
1366 1361 1518 1434 prohibitus
1541 1377 1556 1414 a
1580 1360 1669 1428 licitis,
1698 1361 1823 1416 admittat

175 1451 333 1524 Apostolus,
359 1450 534 1508 concubitum
555 1449 667 1505 attendit
691 1449 907 1520 conjugatorum,
929 1447 976 1504 ubi
1025 1447 1136 1516 illicita3
1152 1450 1201 1504 scd
1214 1449 1273 1521 ipse
1289 1450 1353 1522 qnid
1367 1457 1498 1521 sequntur
1520 1449 1573 1505 sibi
1591 1449 1673 1522 eligat
1689 1491 1696 1516 ,
1712 1450 1762 1505 sed
1776 1457 1821 1505 ιε-

176 1547 217 1596 εει
240 1539 441 1596 incontinentise
463 1538 576 1594 malurn.
592 1538 796 1594 incontinentiae
817 1537 919 1592 malum
934 1543 974 1591 est
1024 1551 1087 1592 men
1102 1536 1193 1593 inhoc
1207 1539 1413 1610 propensiorem
1426 1537 1596 1594 essemclius
1610 1545 1661 1594 est.
1677 1536 1734 1609 (ιι)
1750 1537 1822 1594 Satis

175 1628 248 1700 quod
263 1627 305 1683 vir
317 1626 457 1700 cognoscit
471 1642 586 1683 uxorem
600 1626 679 1681 etiarn
700 1625 769 1680 ultra
784 1624 1010 1712 necessitatcmB
1024 1624 1069 1682 bic
1083 1625 1200 1681 ostendit
1211 1627 1291 1682 etiarn
1301 1625 1455 1698 pudicitiam
1466 1625 1637 1696 conjugalem
1647 1641 1709 1682 esse
1718 1625 1821 1681 donum

175 1716 339 1787 procreandi
361 1716 472 1782 liberos,
499 1714 547 1771 sed
571 1721 597 1770 et
620 1713 657 1768 ibi
685 1721 726 1768 cst
748 1713 901 1784 nuptiarum
925 1713 974 1768 bo·
1025 1712 1089 1780 θεὶς
1105 1722 1276 1770 nontantum
1291 1715 1363 1769 enirn
1378 1713 1583 1780 continentium,
1599 1713 1744 1770 sedetiam
1759 1729 1822 1771 con·

175 1820 251 1860 num.
268 1803 325 1877 (69)
340 1805 402 1858 Non
421 1803 492 1858 enirn
511 1802 574 1874 quia
592 1801 786 1858 incontinentia
807 1801 906 1856 malurn
922 1809 972 1869 est,
1021 1802 1178 1872 jurgatorum
1202 1804 1324 1870 castitas,
1349 1803 1452 1858 donum
1480 1802 1529 1858 Dei
1543 1809 1594 1858 est.
1617 1803 1683 1859 Dico
1710 1806 1818 1860 cutem.

174 1891 236 1947 ideo
252 1891 417 1948 connubium
432 1891 506 1964 qnod
520 1897 560 1946 est
581 1898 680 1961 praeter
697 1889 873 1945 intentionem
886 1905 974 1962 gene·
1024 1885 1109 1956 Quasi
1125 1891 1196 1946 dicat
1212 1909 1219 1946 :
1235 1890 1376 1960 Cnnjuncti
1399 1891 1520 1946 debitum
1544 1889 1668 1959 reddant,
1692 1890 1741 1946 sed
1761 1906 1820 1946 non

173 1979 286 2035 rationis
300 1995 355 2035 non
370 1987 411 2034 est
424 1979 536 2046 bonurn,
557 1979 611 2035 imo
632 1993 697 2034 vero
713 1993 768 2033 non
781 1986 893 2048 propter
907 1976 973 2032 illud
1023 1979 1131 2049 nuptis,
1143 1978 1220 2034 idest
1231 1979 1392 2052 virginibus,
1403 1983 1431 2035 et
1442 1978 1532 2035 viduis
1549 1977 1818 2050 attramentarium

173 2067 277 2123 malum
291 2066 427 2138 culpabile
448 2074 490 2122 est
508 2067 562 2122 hoc
583 2067 698 2133 bonum;
722 2065 769 2120 sed
783 2065 849 2121 illud
871 2065 972 2120 malum
1023 2067 1138 2122 estillic
1153 2069 1178 2122 ει
1191 2069 1243 2135 ric,
1260 2067 1286 2122 id
1301 2075 1342 2123 est
1356 2075 1431 2124 caste
1445 2068 1668 2139 pennenserint,
1686 2065 1738 2133 vel,
1756 2073 1820 2122 eant

174 2155 204 2211 tit
219 2155 334 2223 veniale,
350 2163 462 2226 propter
476 2154 576 2210 bonum
588 2154 716 2225 nuptiale,
732 2154 805 2224 quod
819 2161 861 2209 est
876 2153 973 2224 tripar-
1023 2153 1092 2209 sicut
1107 2170 1168 2225 ege,
1185 2156 1256 2228 pand
1270 2157 1295 2212 si
1312 2172 1370 2212 con
1384 2157 1545 2224 continent,
1561 2155 1672 2212 nubant
1686 2153 1817 2225 legitime.

173 2243 260 2309 titurn,
277 2243 381 2300 scilicet
396 2241 474 2309 fides,
489 2241 591 2313 proles,
604 2250 804 2298 sacramentum
816 2258 822 2297 :
836 2241 926 2308 Fides,
938 2257 972 2298 ne
1022 2242 1055 2296 Et
1070 2257 1154 2314 quare
1168 2243 1220 2300 hoc
1234 2243 1315 2312 dicat,
1333 2243 1455 2314 adjungit
1471 2260 1478 2296 :
1494 2243 1590 2299 Aietius
1605 2246 1648 2298 est
1664 2242 1741 2299 enirn
1761 2259 1819 2299 nc-

175 2347 235 2388 cum
260 2331 313 2387 alio
328 2331 371 2386 vel
384 2330 437 2385 alia
457 2338 584 2398 coeatur;
599 2328 700 2401 proles,
716 2329 887 2400 utrcligiose
902 2329 971 2384 edu·
1022 2329 1084 2386 berc
1100 2347 1185 2403 quarn
1200 2332 1256 2398 cri,
1271 2331 1300 2386 id
1315 2338 1357 2387 est
1371 2331 1468 2387 ardere
1487 2329 1609 2385 libidine.
1627 2329 1675 2386 Uri
1690 2329 1761 2385 enirn
1776 2337 1819 2386 est

173 2427 264 2486 cetur;
285 2425 493 2488 sacramentum,
513 2434 548 2473 ne
570 2417 727 2489 conjugium
747 2424 897 2488 separetur.
914 2418 972 2474 Hoc
1022 2416 1166 2473 desideriis
1189 2419 1252 2491 angi
1275 2419 1318 2475 vel
1341 2419 1423 2476 vinci.
1439 2415 1634 2490 [Ambrosius]
1655 2418 1717 2474 Nou
1737 2417 1820 2489 igitur

173 2508 275 2564 bonnm
294 2507 449 2578 nuptiarum
474 2521 528 2561 non
551 2506 727 2579 reprehendit
745 2505 900 2576 Apostolus,
922 2505 972 2561 sed
1021 2505 1083 2561 ideo
1104 2506 1169 2562 dicit
1191 2507 1298 2573 melius,
1322 2507 1395 2579 quod
1416 2507 1517 2562 bonurn
1542 2505 1577 2560 sit
1597 2505 1650 2576 uri,
1664 2512 1692 2561 ει
1714 2504 1819 2563 nubere

173 2595 273 2650 malurn
294 2594 505 2651 incontinentia.
523 2595 580 2666 (76)
595 2593 758 2650 Concubitus
781 2593 853 2649 enirn
876 2609 972 2650 neces-
1021 2593 1126 2660 melius,
1153 2595 1203 2650 sed
1225 2595 1449 2652 consuetudinem
1469 2593 1613 2652 locutionis
1636 2583 1678 2650 est
1696 2601 1817 2652 secutus.

173 2684 260 2739 sarius
287 2699 370 2740 cansa
392 2682 543 2758 generandi
566 2681 748 2753 inculpabilis,
765 2689 791 2736 et
814 2681 889 2736 solus
912 2681 970 2752 ipse
1020 2683 1069 2738 llis
1083 2686 1188 2738 nutem.
1206 2680 1291 2751 Quasi
1306 2683 1377 2740 dicat
1393 2702 1399 2739 :
1417 2685 1474 2740 lloc
1489 2683 1602 2740 consulo
1623 2699 1678 2739 non
1702 2684 1818 2753 conjun-

172 2771 301 2843 nuptialis
323 2779 374 2827 est.
396 2770 443 2826 llle
463 2785 528 2825 vero
543 2769 588 2841 qui
608 2769 677 2824 ultra
697 2769 889 2824 necessitatem
903 2785 970 2840 pro·
1021 2769 1082 2826 ctis.
1098 2771 1150 2827 Sed
1165 2770 1209 2826 bis
1222 2773 1269 2844 qni
1283 2773 1467 2829 enutrimenta
1484 2773 1584 2843 juncti
1602 2774 1672 2828 sunt
1685 2772 1817 2843 precipio

172 2857 306 2932 graditur,
321 2874 376 2914 non
401 2857 508 2924 rationi,
525 2857 574 2912 sed
595 2856 699 2911 libidini
718 2856 886 2928 obsequitur.
903 2857 971 2912 Cum
1020 2873 1078 2912 nen
1091 2874 1149 2928 epo,
1162 2859 1241 2930 quasi
1251 2860 1304 2915 boc
1313 2868 1479 2931 praeceptum
1493 2859 1654 2926 invenerim,
1667 2860 1715 2915 red
1725 2861 1818 2916 borni·

172 2946 254 3018 igitur
274 2945 416 3018 culpabilis
437 2960 491 3001 non
515 2945 559 3014 sit
568 2943 721 3017 generandi
740 2943 887 2999 intentione
901 2959 970 2999 con·
1020 2961 1076 3001 nne
1090 2945 1119 2999 in
1133 2947 1244 3017 propriu
1257 2963 1375 3017 persona
1389 2947 1520 3019 praecipit,
1532 2964 1652 3004 uxerem
1662 2965 1680 3003 ε
1690 2948 1748 3004 ciro
1758 2963 1817 3003 nun

171 3034 287 3103 cubitus,
304 3034 351 3105 qni
373 3033 485 3105 proprie
509 3031 609 3104 nuptiis
631 3031 806 3102 imputandus
829 3039 879 3096 est,
904 3032 970 3102 quid
1019 3033 1171 3099 discedere,
1193 3035 1244 3089 boc
1260 3034 1366 3105 supple,
1383 3035 1435 3090 nisi
1449 3050 1533 3091 causa
1547 3034 1742 3092 fornicationis.
1758 3035 1816 3106 (ιι)

171 3122 321 3178 secundum
349 3121 456 3177 veniam
487 3120 613 3177 concedit
640 3119 796 3190 Apostolus,
820 3119 872 3172 nisi
895 3119 968 3190 quod
1018 3121 1082 3175 Haec
1104 3128 1144 3175 est
1169 3121 1240 3175 enim
1264 3137 1348 3177 eausa
1369 3138 1449 3193 quarn
1473 3122 1597 3177 Christus
1615 3122 1731 3194 excepit,
1755 3139 1817 3193 quae

170 3211 303 3284 conjuges
317 3210 438 3265 debitum
461 3207 552 3264 carnis
572 3214 730 3279 exposcunt,
753 3222 808 3262 nnn
830 3207 968 3264 voluntate
1018 3207 1062 3263 liic
1086 3215 1201 3275 tacetur,
1218 3207 1280 3279 quia
1303 3207 1446 3264 notissima
1460 3217 1511 3274 est,
1536 3209 1640 3266 scilicet
1662 3225 1746 3266 causa
1760 3209 1817 3266 lor·

168 3297 339 3371 propaginis,
369 3296 419 3352 sed
445 3295 583 3367 voluptate
619 3294 762 3350 bbtdinisr
790 3311 851 3367 quae
878 3303 969 3350 tumen
1016 3293 1173 3350 nicationis.
1193 3296 1270 3351 lianc
1284 3295 1358 3351 enirn
1372 3296 1459 3351 solam
1474 3311 1585 3352 causam
1601 3297 1707 3369 excepit
1721 3298 1815 3354 Domi·

169 3386 292 3457 uoluptas
306 3401 361 3441 non
381 3391 494 3456 propter
517 3383 626 3454 nuptias
647 3383 719 3440 cadit
732 3383 761 3437 in
779 3383 896 3454 culpam,
918 3383 967 3440 sed
1017 3399 1083 3449 nus;
1100 3391 1213 3439 cataras
1228 3400 1292 3440 vero
1309 3384 1451 3440 universas
1465 3385 1616 3452 molestias,
1632 3386 1655 3441 si
1670 3404 1732 3458 quae
1746 3387 1815 3444 sorta

169 3483 283 3548 propter
310 3473 416 3545 nuptias
443 3471 541 3544 accipit
575 3471 692 3528 reniam.
722 3470 857 3541 Quocirca
884 3473 967 3528 etiarn
1017 3471 1176 3539 exstiterint,
1194 3471 1271 3541 jubet
1291 3488 1342 3543 pro
1364 3471 1417 3528 tide
1438 3474 1567 3547 conjugii,
1584 3483 1612 3530 et
1625 3491 1676 3546 pro
1691 3475 1814 3532 castitate

107 3607 110 3614 ,
170 3564 232 3620 εἰεε
248 3570 309 3619 εεει
324 3560 472 3618 laudabiles
495 3560 606 3633 nuptiae,
626 3560 690 3633 quia
712 3561 793 3616 etiam
808 3560 874 3615 illud
893 3562 967 3632 quod
1016 3557 1122 3615 sortiter
1138 3560 1276 3615 sustineri.
1292 3561 1327 3615 Et
1340 3568 1403 3616 nota
1418 3562 1490 3633 quod
1513 3563 1585 3618 aliud
1604 3570 1646 3618 est
1661 3563 1812 3631 discedere,

169 3667 223 3708 non
237 3650 356 3723 pertinet
372 3649 407 3705 ad
422 3665 462 3716 se,
478 3649 586 3722 ignosci
604 3647 704 3704 iaciunt
727 3656 839 3720 propter
852 3665 892 3704 se.
908 3650 966 3706 Ne·
1016 3646 1089 3704 aliud
1103 3656 1144 3703 est
1158 3647 1296 3704 communi
1319 3664 1456 3704 consensu
1478 3650 1628 3707 continere.
1646 3651 1716 3706 lllud
1739 3652 1812 3708 enirn

169 3756 222 3812 que
246 3739 318 3794 enim
343 3738 394 3793 iste
416 3737 586 3802 concubitus,
612 3750 667 3807 qno
696 3737 813 3791 servitur
835 3737 966 3809 concupi·
1016 3734 1117 3790 malurn
1138 3744 1188 3801 est,
1217 3736 1270 3792 boc
1292 3736 1411 3804 bonum;
1436 3744 1463 3792 et
1489 3738 1586 3795 dicitur
1609 3739 1643 3794 de
1671 3739 1810 3812 conjugio,

169 3827 290 3897 scantiae,
310 3825 406 3900 agitur,
423 3833 452 3881 nt
474 3824 619 3897 impleatur
639 3823 710 3879 setus
732 3840 812 3896 quern
827 3825 966 3895 postulant
1015 3823 1062 3877 nbi
1077 3831 1191 3895 uterque
1206 3823 1294 3879 tidelis
1308 3831 1359 3880 est.
1378 3826 1454 3893 Quod
1474 3827 1510 3882 si.
1534 3825 1618 3895 Quasi
1639 3826 1712 3884 dicat
1727 3843 1734 3882 :
1750 3829 1813 3885 Non

168 3915 278 3987 nuptiae.
294 3915 351 3985 (tt)
375 3913 492 3970 Omnino
516 3912 599 3984 igitur
619 3911 647 3966 in
669 3927 772 3982 genere
795 3929 842 3968 suo
866 3914 965 3984 nuptias
1015 3911 1154 3979 discedat,
1170 3912 1279 3985 quodsi
1293 3913 1462 3980 discesserit,
1478 3914 1582 3971 scilicet
1596 3930 1676 3970 causa
1690 3915 1811 3974 tornica-

168 4004 247 4060 bonae
266 4011 337 4072 sunt,
354 4002 418 4074 qnia
439 4000 521 4058 fidem
543 3999 611 4056 thori
634 4008 751 4070 servant,
767 4008 794 4056 et
808 4000 894 4072 prolis
916 4019 964 4058 su·
1015 3999 1106 4066 tionis,
1122 3999 1250 4071 praecipio
1263 4016 1379 4057 monere
1390 4003 1552 4075 innuptam,
1564 4001 1749 4072 viroviacum,
1761 4011 1813 4063 cut

168 4090 316 4163 scipiendae
339 4105 421 4146 cansa
445 4097 589 4160 utmmque
612 4103 706 4144 sexum
728 4088 914 4156 commiscent,
938 4098 964 4145 et
1015 4088 1196 4144 reconciliari
1210 4089 1269 4144 niro
1284 4104 1344 4154 sco,
1360 4088 1383 4143 si
1403 4088 1461 4160 ipsa
1484 4105 1539 4145 non
1557 4091 1685 4148 continet.
1702 4092 1810 4166 [Augu-

167 4179 332 4252 impietatem
347 4177 524 4250 separationis
538 4178 660 4232 horrent.
1015 4173 1113 4246 stinns]
1128 4175 1155 4230 Si
1170 4176 1241 4231 enirn
1267 4191 1297 4231 se
1317 4191 1372 4232 non
1392 4177 1522 4245 continet,
1537 4178 1637 4235 mulier
1659 4179 1716 4252 rire
1730 4181 1811 4238 debet

203 4269 289 4324 Vnus.
306 4269 385 4321 t-tt.
399 4297 435 4306 -
453 4267 513 4324 Volo
530 4269 626 4321 cutem
648 4281 743 4321 omnes
764 4264 890 4321 tornines
904 4281 964 4322 esse
1014 4263 1104 4334 potius
1118 4263 1284 4319 reconciliari
1299 4280 1380 4335 quam
1395 4265 1474 4321 alteri
1495 4267 1607 4324 nubere.
1623 4269 1809 4338 assimiliter,

167 4357 241 4412 sicut
257 4355 405 4428 meipsum.
420 4353 472 4410 Sed
488 4353 680 4426 unusquisque
694 4354 838 4425 proprium
858 4347 998 4410 donan
1013 4353 1055 4406 nir
1069 4368 1126 4408 non
1141 4351 1269 4408 dimittet
1283 4369 1402 4410 acorem
1417 4370 1507 4421 sunm,
1524 4355 1577 4410 nisi
1591 4371 1673 4412 causa
1687 4357 1810 4415 tornica-

167 4443 248 4500 lmbet
264 4460 301 4500 ec
316 4444 379 4509 Dcc,
395 4441 469 4497 clins
484 4441 595 4514 quidem
605 4443 656 4505 sic,
671 4441 745 4496 ειιεε
755 4457 817 4498 εενε
832 4442 884 4496 sic.
900 4443 961 4500 llice
1013 4439 1103 4495 donis.
1126 4441 1228 4496 Praeter
1246 4457 1329 4513 quam
1348 4457 1402 4497 non
1417 4442 1499 4498 debet
1520 4443 1562 4499 vir
1584 4443 1719 4502 dimittere
1738 4462 1808 4503 uxo-

167 4535 336 4588 cntemncn
352 4531 452 4603 nuptis
467 4533 495 4586 ει
509 4529 614 4596 ciduir;
629 4530 731 4586 bonam
750 4533 792 4584 εει
808 4529 867 4584 ιιιιε
882 4531 908 4585 ει
922 4531 963 4586 sic
1013 4544 1081 4595 rem,
1108 4527 1171 4600 quia
1194 4528 1298 4585 taceret
1320 4545 1379 4584 earn
1402 4531 1542 4586 moecbari.
1559 4529 1639 4600 Quod
1658 4533 1681 4589 si
1702 4534 1745 4589 illa
1767 4543 1809 4592 est

164 4621 379 4693 permanserint
402 4620 520 4674 sicutet
538 4633 597 4690 epe.
614 4617 689 4684 Qccd
708 4617 733 4672 si
753 4633 811 4673 non
825 4633 853 4673 se
869 4620 963 4674 conti·
1012 4616 1143 4682 adultera,
1172 4617 1230 4688 ipse
1255 4633 1309 4673 non
1336 4617 1411 4687 tacit,
1436 4619 1485 4675 sed
1513 4620 1662 4676 adulteram
1686 4622 1804 4680 dimittit.

166 4712 248 4777 nent,
264 4708 374 4763 εειεει
392 4723 398 4762 :
415 4706 518 4762 mettas
533 4708 576 4762 εει
591 4707 668 4761 enirn
687 4705 791 4760 nubere
806 4721 890 4778 pacm
905 4707 961 4761 uri.
1013 4704 1200 4777 Supplendum
1215 4713 1256 4760 est
1269 4705 1313 4761 bic
1327 4706 1400 4777 quod
1421 4706 1456 4761 de
1470 4723 1554 4764 uxore
1574 4709 1713 4779 praemisit,
1730 4710 1807 4767 scili-

166 4798 325 4852 Abantem
344 4795 392 4867 pei
406 4795 590 4850 nmtrimcnio
603 4794 702 4864 juncti
719 4797 799 4860 sont,
817 4795 961 4866 precipio,
1012 4802 1055 4850 cet
1073 4793 1182 4865 quodsi
1197 4793 1339 4862 dimiserit,
1354 4811 1388 4850 ne
1410 4795 1490 4851 ducat
1508 4796 1598 4867 aliurn,
1615 4798 1659 4854 rel
1680 4799 1808 4856 recount-¹

165 4902 225 4940 non
238 4900 297 4956 epo,
314 4883 361 4940 sed
382 4883 532 4951 Dominus,
557 4898 675 4938 uxerem
691 4881 777 4938 cvirc
799 4898 856 4938 non
871 4881 962 4939 disce·
1011 4881 1090 4937 lietur
1105 4882 1193 4937 uxori.
1211 4882 1312 4938 Similis
1327 4884 1400 4940 enirn
1414 4884 1503 4940 torma
1518 4895 1640 4942 servatur
1653 4887 1681 4941 in
1696 4887 1765 4956 viro,
1782 4897 1810 4945 ει

166 4973 240 5028 dere.
263 4971 339 5039 Quod
357 4971 382 5026 ει
397 4971 569 5037 discesserit,
588 4985 705 5026 monere
726 4969 890 5041 innuptam,
911 4974 963 5027 εει
1012 4971 1039 5024 in
1053 4970 1176 5026 muliere.
1192 4972 1352 5028 Ambrosius
1375 4981 1466 5028 tamen
1485 4973 1549 5030 dicit
1567 4990 1573 5030 :
1589 4975 1654 5030 Ideo
1668 4991 1724 5030 non
1738 4977 1807 5032 sub-

166 5062 224 5117 circ
237 5075 287 5116 suo
303 5059 493 5115 reconciliari.
510 5060 544 5114 Et
561 5060 732 5114 virescerent
747 5074 805 5113 non
819 5059 961 5115 dimittat.
1011 5057 1050 5112 dit
1068 5059 1120 5114 hoc
1143 5060 1177 5115 de
1201 5058 1259 5115 viro
1283 5061 1351 5117 sicut
1374 5061 1408 5116 de
1432 5061 1554 5129 muliere,
1581 5061 1643 5134 quia
1665 5063 1729 5121 licet
1751 5065 1807 5122 viro

205 5147 387 5205 Volcentem.
405 5143 576 5213 Quasidicat
592 5161 598 5201 ε
615 5147 673 5202 Ηοε
691 5144 831 5218 indulgeo.
846 5145 900 5202 Sed
919 5153 962 5201 ta-
1011 5145 1090 5203 aliam
1109 5147 1220 5219 ducere,
1241 5148 1305 5220 quia
1325 5149 1438 5205 interior
1461 5166 1516 5206 non
1539 5151 1648 5209 omnino
1671 5154 1722 5210 bac
1744 5153 1807 5228 lege

198 5330 248 5393 (66)
265 5327 424 5394 Augustinus,
434 5326 460 5377 tn
472 5337 587 5378 sermone
597 5324 628 5378 de
636 5337 690 5378 rer.
703 5325 822 5390 Apostoli.
1044 5324 1087 5456 {tt
1120 5326 1168 5390 tn,
1180 5329 1264 5378 εεειεε
1275 5326 1399 5380 tatianum
1410 5329 1563 5382 baredcun.

200 5396 244 5462 (69
275 5393 542 5460 ld.,supchcnesim.
1057 5393 1089 5444 72
1120 5394 1291 5458 td.,ttenupt.
1311 5393 1446 5460 ctcanug.

200 5464 241 5527 (70
272 5461 320 5530 ta,
333 5463 368 5516 tte
378 5461 442 5514 bono
456 5459 578 5526 εεειεειε.
1045 5459 1097 5525 (75)
1116 5459 1165 5526 nt,
1179 5461 1213 5513 be
1224 5471 1338 5514 sermone
1351 5462 1375 5515 tn
1387 5465 1479 5517 monte.
