3878 6322
107 265 176 318 1577

431 264 682 322 collactaneo
700 265 738 321 ΙΝ
756 264 864 321 EPIST.
884 265 918 320 D.
939 265 1054 322 PAULI.
1073 297 1108 309 -
1123 269 1161 325 IN
1178 270 1232 326 ΕΡ.
1253 269 1264 326 1
1282 271 1331 327 Ab
1349 270 1429 329 COR.

1683 276 1751 330 ists

109 403 165 455 ces,
188 387 251 444 licet
279 385 373 443 fideles
397 388 606 444 constituebant.
632 389 716 459 Quasi
745 389 817 445 dicet
842 407 849 443 :
871 389 906 444 Et
919 389 1065 460 Asopieus
1093 391 1140 464 qui
1166 401 1256 464 potest
1278 395 1410 465 judicare.
1441 394 1611 469 [Gregorius]
1632 397 1752 452 Eosdem

111 475 172 546 quia
185 475 291 532 debetis
303 476 439 544 judicare,
456 477 539 548 igitur
552 479 578 534 si
593 476 749 535 habueritis
759 479 907 534 soeculuriu

105 565 225 634 judicic,
241 564 303 619 ideo
317 565 390 632 dicit,
412 565 435 620 si
456 566 615 630 habueritis,
641 566 703 638 quia
718 581 769 622 neo
783 565 909 621 habenda

108 659 180 718 sunt,
197 652 246 706 sed
266 652 356 723 potius
370 661 412 708 est
426 654 652 720 condonandum,
669 655 713 709 vel
729 661 907 710 contemnen-

108 738 182 795 dum.
198 740 236 810 Si,
246 740 366 812 iuquam,
376 741 536 810 habueritis,
547 743 713 799 constituite
724 743 760 798 od
770 742 908 814 judican-

108 827 176 884 dum
190 831 255 885 illos
270 830 505 901 contemptibiles,
514 831 542 886 id
557 839 598 885 est
612 831 773 887 indiscretos
788 838 815 886 et
828 829 908 894 viles,

108 917 156 987 qui
165 920 234 972 suut
247 918 279 971 in
293 919 427 974 Ecclesia.
445 916 528 986 Quasi
542 918 614 974 dicat
630 920 706 975 :Hoc
721 918 844 990 estquod
859 933 908 974 vos

109 1003 219 1058 lecistis.
236 1004 312 1060 Unde
336 1006 429 1062 coacti
452 1006 550 1062 iratres
574 1015 717 1063 recurrunt
739 1007 774 1062 ad
791 1006 864 1076 illos,
880 1004 908 1060 id

89 1100 150 1148 ,εει
173 1093 208 1147 od
233 1092 368 1159 infideles,
399 1096 451 1151 boc
474 1095 612 1168 redarguit
635 1094 663 1149 in
686 1095 726 1150 eis
749 1093 906 1165 Apostolus

108 1179 210 1236 ironice
229 1181 269 1236 eis
293 1182 419 1254 loquens,
436 1191 462 1238 et
478 1183 540 1254 quia
554 1183 594 1239 sic
607 1181 668 1238 fieri
681 1199 736 1238 non
750 1183 841 1251 debet,
856 1183 904 1237 ad·

106 1267 171 1335 jecit
183 1287 189 1322 :
201 1270 242 1326 Ad
251 1273 460 1338 uerecundiam,
468 1271 511 1326 vel
521 1271 700 1327 reverentiam
708 1270 905 1328 vestremdico.

109 1355 193 1425 Quasi
207 1357 278 1413 dicat
294 1377 300 1413 :
316 1360 377 1414 Non
390 1359 504 1430 impero,
521 1359 570 1414 sed
587 1375 718 1426 memoro,
736 1366 766 1414 ει
776 1374 903 1414 verecun-

110 1445 221 1515 demini,
232 1454 259 1500 et
268 1447 376 1502 debetis
388 1448 561 1514 erubescere,
574 1447 707 1519 quianon
717 1451 759 1504 est
769 1448 846 1503 inter
856 1463 901 1503 uos

109 1536 256 1607 quisquam
264 1536 314 1602 sic,
326 1535 354 1590 id
365 1542 407 1590 est
415 1535 485 1592 odeo
495 1536 618 1608 sopiens,
626 1537 766 1608 quipossit
772 1536 902 1607 judicare

958 479 1030 532 enim
1054 495 1123 551 quos
1146 483 1362 552 contemptibiles
1385 483 1591 552 nominaverat,
1616 485 1753 556 sapientes

957 575 1050 636 postea
1064 575 1152 637 vocat,
1169 584 1231 626 cum
1244 571 1290 637 ait,
1307 571 1347 628 sic
1362 588 1417 626 non
1432 579 1473 628 est
1487 573 1557 628 inter
1571 589 1631 629 vos.

993 650 1079 706 Vens.
1089 653 1163 708 7-ta.
1173 682 1208 691 —
1222 653 1286 707 lom
1300 653 1413 725 quidem
1425 656 1541 711 omniuo
1556 655 1694 712 delictum
1709 659 1752 713 est

957 738 989 794 in
1002 739 1084 806 votis,
1101 740 1174 812 quod
1182 740 1294 811 jndicio
1309 740 1416 796 bebetis
1428 744 1507 799 inter
1520 758 1575 798 uos.
1590 745 1680 812 Quare
1694 762 1753 802 non

958 829 1049 898 inopis
1058 828 1197 899 injurium
1206 829 1614 902 occipittsiQuorenonmopis
1621 834 1753 904 fraudem

957 916 1371 987 potiminitSeduosinjuriom
1385 919 1483 990 tacitis
1493 923 1522 975 ot
1536 920 1699 990 frondetis,
1726 925 1755 978 et

959 1005 1008 1060 troc
1027 1005 1174 1075 tratribus.
1196 1006 1239 1059 An
1252 1007 1368 1062 nescitis
1388 1007 1555 1079 quininiqnt
1568 1024 1689 1079 regnum
1703 1010 1755 1065 Det

957 1109 1014 1150 non
1024 1093 1325 1164 possidebuuttllolite
1349 1110 1463 1162 errore3
1481 1111 1571 1166 neque
1583 1098 1753 1167 fornicarii,

958 1182 1137 1253 nequcidolis
1148 1184 1314 1248 servientes,
1328 1197 1415 1255 neque
1434 1183 1567 1251 adulteri,
1584 1201 1674 1260 neque
1685 1189 1766 1243 mol.

959 1271 1008 1336 tes,
1024 1285 1114 1344 neque
1128 1271 1320 1325 musculorum
1334 1271 1537 1337 concubitores,
1554 1289 1643 1346 neque
1658 1277 1752 1345 tures,

958 1374 1047 1430 neque
1061 1359 1157 1424 oncri,
1174 1373 1263 1430 neque
1279 1358 1389 1424 ebriosi,
1405 1375 1495 1432 neque
1509 1360 1652 1428 maledici,
1664 1377 1754 1434 neque

957 1461 1073 1517 ropoces
1089 1462 1207 1516 regnum
1218 1446 1268 1500 Dei
1275 1445 1471 1517 possidebunt.
1486 1447 1520 1500 Et
1533 1447 1590 1504 boec
1601 1450 1754 1520 aliquando

958 1535 1069 1608 quidem
1097 1535 1210 1606 fuistis,
1237 1535 1285 1590 ssd
1298 1535 1391 1590 abluti
1411 1537 1489 1602 estis,
1506 1536 1553 1592 sed
1576 1538 1752 1602 sanctificati

110 1623 187 1678 inter
194 1625 317 1694 srotrem
328 1632 355 1678 et
371 1623 479 1678 tratrem
496 1641 590 1694 suum,
602 1632 631 1679 ut
646 1623 682 1679 ιιε
697 1639 811 1680 εεεεεεε
826 1623 861 1679 ειι
876 1630 907 1679 ει
957 1625 1039 1692 estis,
1054 1622 1260 1694 sediustipiooti
1270 1623 1339 1678 estis
1354 1624 1385 1678 in
1400 1623 1515 1679 nomine
1529 1625 1644 1682 Domini
1660 1628 1755 1682 nostri

110 1710 206 1766 stultus
227 1711 351 1766 statuatis
372 1712 487 1781 judiees.
514 1714 548 1768 Et
570 1713 598 1767 hi
619 1721 710 1769 tamen
734 1713 823 1783 potius
847 1712 1023 1800 ste-Blesu
1056 1711 1169 1777 Christi,
1201 1714 1229 1766 et
1257 1713 1289 1766 in
1311 1711 1422 1783 Spiritu
1453 1713 1503 1767 Dei
1529 1715 1629 1770 nostri.
1651 1715 1754 1770 Omnia

109 1799 203 1854 tuendi
216 1807 287 1866 sunt,
307 1816 389 1870 quam
404 1801 439 1856 od
454 1799 578 1856 infideles
590 1801 698 1870 judices
712 1807 798 1867 solur,
814 1801 838 1855 ει
851 1800 903 1856 de·
955 1799 1027 1854 milti
1042 1799 1138 1866 licent,
1153 1798 1202 1856 scd
1228 1815 1285 1854 non
1300 1799 1397 1856 omniu
1416 1801 1587 1871 expediunt.

110 1895 172 1940 suut
187 1885 343 1958 sapientes;
360 1889 409 1955 sic,
432 1888 553 1960 inquam,
576 1897 693 1946 nonest
714 1888 834 1960 sapiens.
852 1889 905 1946 Sed
990 1889 1052 1943 lum
1071 1887 1193 1959 onmem.
1217 1885 1301 1955 Quasi
1323 1887 1419 1942 dicat:
1445 1887 1515 1956 Quia
1536 1890 1704 1946 eontentiose
1725 1899 1753 1949 ει
1775 1885 1777 1890 ’

108 1977 200 2045 trater
209 1993 274 2032 cum
284 1977 377 2047 tratre
387 1978 533 2048 injudicio
543 1978 688 2040 contendit
700 1997 709 2044 ,·
725 1975 905 2049 quodmalum
956 1975 1028 2046 apud
1042 1973 1167 2031 infideles
1182 1983 1274 2031 vestro
1297 1975 1420 2046 repetitis
1433 1991 1489 2031 non
1503 1976 1674 2048 simpliciter.
1689 1980 1753 2036 loen

110 2069 160 2128 est,
176 2066 205 2118 et
223 2062 273 2120 boc
283 2065 358 2135 opud
372 2064 517 2134 infideles·
533 2065 606 2136 quod
620 2065 707 2136 pejus.
724 2065 774 2120 Vel
788 2064 833 2131 ita,
851 2080 905 2120 εεε-
955 2063 1067 2137 quidem
1081 2067 1196 2120 omnino
1212 2063 1348 2120 delictum
1358 2069 1401 2120 est
1416 2067 1447 2120 in
1458 2066 1541 2133 vobis,
1554 2065 1583 2120 id
1598 2074 1640 2122 est
1654 2083 1687 2123 ex
1701 2069 1754 2125 hoc

109 2150 211 2205 colaria
224 2150 315 2221 igitur.
333 2151 402 2221 Quia
417 2151 524 2207 dixerat
546 2152 694 2224 Apostolus
713 2167 761 2208 eos
774 2167 856 2222 posse
871 2152 906 2206 de
956 2153 1015 2208 solo
1029 2152 1158 2208 delictum
1176 2159 1218 2207 est
1237 2152 1265 2206 in
1289 2151 1377 2219 robis,
1398 2153 1501 2210 scilicet
1521 2155 1569 2227 qui
1579 2154 1692 2226 jndicio
1704 2157 1755 2211 hu·

109 2239 152 2293 liis
167 2237 285 2293 minimis
305 2239 440 2309 judicare,
465 2241 627 2296 determinat
642 2241 687 2312 qui
702 2241 737 2295 ad
751 2239 906 2310 huiusmodi
953 2241 1073 2310 jusmodi
1089 2241 1198 2297 boletis
1211 2241 1353 2306 intervos,
1363 2241 1576 2313 interquosnon
1587 2243 1675 2300 decet.
1688 2245 1756 2301 Peo-

109 2327 218 2397 negotia
241 2326 396 2383 definiendo
419 2327 473 2382 siut
494 2329 685 2398 constituendi,
712 2328 814 2385 scilicet
837 2344 906 2385 con·
956 2329 1124 2386 cetumenim
1133 2336 1174 2384 εει
1184 2329 1289 2401 litigare
1298 2327 1689 2401 §Ocumpaxessedebeot
1698 2333 1755 2406 (bl)

108 2414 272 2485 temptibiles
288 2416 334 2486 qui
352 2424 414 2471 sunt
428 2416 456 2470 iu
470 2417 612 2482 Ecclesia,
628 2405 833 2486 majores'euim
848 2417 906 2488 spi·
956 2419 996 2473 Ex
1010 2419 1064 2474 hoc
1078 2426 1201 2490 apparet,
1217 2417 1278 2488 quia
1291 2426 1432 2489 peccatum
1449 2425 1490 2474 εει
1500 2417 1632 2487 judicium
1655 2420 1757 2476 hebere

110 2502 253 2558 ritualibus
276 2504 415 2560 intendere
438 2505 548 2560 debent.
572 2504 656 2574 Quasi
677 2505 750 2561 dicet
766 2523 772 2558 :
787 2506 823 2560 Et
845 2505 907 2577 quia
957 2515 1051 2562 contra
1065 2506 1193 2577 aliquem.
1207 2505 1261 2561 Sed
1269 2521 1304 2561 ne
1315 2522 1430 2562 excuses
1445 2506 1519 2578 quod
1530 2507 1602 2576 juste
1616 2507 1669 2564 hoc
1682 2508 1752 2581 egis,

105 2591 229 2660 judicare
244 2591 359 2658 debetis,
385 2593 468 2665 igitur
491 2595 542 2651 hoo
561 2594 643 2650 modo
665 2592 754 2650 tacite.
775 2594 803 2650 Si
818 2609 906 2650 saecu·
958 2594 1020 2667 quia
1034 2593 1135 2665 pateris
1149 2592 1276 2664 injuriam
1291 2609 1372 2665 εεειε
1384 2593 1480 2663 judicii
1493 2594 1628 2650 sententia
1642 2595 1683 2650 vis
1698 2612 1713 2650 a
1727 2603 1754 2652 te

109 2680 173 2734 laria
192 2680 301 2753 negotia
320 2681 478 2748 habueritis,
502 2682 655 2738 constituite
677 2681 908 2752 adjudicandum
957 2682 1103 2748 removeri,
1116 2681 1233 2738 occurrit
1241 2689 1268 2737 et
1277 2681 1328 2737 ait:
1341 2683 1431 2750 Quare
1440 2697 1498 2738 non
1508 2683 1753 2754 mopisinjuriom,

110 2768 157 2839 εει
171 2777 233 2823 εεει
247 2768 275 2823 in
295 2769 421 2826 Ecclesia
439 2770 665 2842 contemptibiles,
689 2771 717 2825 id
737 2778 779 2826 est
800 2770 907 2843 aliquos
957 2771 985 2825 id
1001 2779 1042 2826 est
1055 2778 1177 2841 apertam
1187 2768 1352 2839 violentiam,
1362 2771 1511 2842 accipitis?
1522 2771 1613 2839 Quare
1622 2788 1680 2829 non
1694 2788 1756 2830 mo-

109 2857 257 2927 sapieutes,
274 2857 320 2928 qui
335 2865 426 2912 tomen
442 2864 505 2912 sunt
518 2857 630 2913 minoris
644 2858 743 2913 meriti.
760 2859 816 2928 (53)
832 2860 907 2929 Apo·
957 2861 999 2932 pis
1014 2858 1150 2916 occultam
1157 2858 1290 2931 trondem
1298 2859 1445 2932 potimini.
1458 2856 1544 2928 Quasi
1553 2859 1626 2915 dicut
1641 2860 1755 2915 :Mirum

111 2945 173 3002 stoli
206 2945 278 3000 enim
309 2945 485 3016 predicando
500 2945 702 3002 circumeuntes
731 2945 829 3000 talibus
853 2961 908 3001 non
959 2954 1001 3002 est
1021 2946 1094 3019 quod
1113 2963 1167 3002 nou
1189 2947 1280 3016 potius
1298 2947 1351 3002 hoc
1374 2946 1472 3003 facitis.
1489 2947 1567 3003 Unde
1582 2955 1609 3002 et
1623 2948 1756 3004 Dominus

109 3034 253 3090 vocabant.
279 3033 422 3104 Sapientes
446 3049 513 3104 ergo
537 3033 583 3105 qui
595 3034 624 3088 in
642 3033 709 3090 locis
724 3033 909 3089 consistebant
959 3035 996 3090 ειι
1007 3052 1013 3087 :
1023 3035 1053 3090 Si
1063 3036 1125 3106 qun
1136 3035 1257 3090 uoluerit
1265 3034 1394 3089 tunicam
1405 3037 1485 3090 tuom
1496 3034 1604 3093 tollere.
1612 3036 1755 3106 etjudicic

111 3121 208 3177 fideles
229 3129 256 3182 et
276 3121 373 3191 sancti,
399 3137 454 3176 uon
477 3121 524 3193 qui
547 3122 600 3177 hac
623 3129 704 3193 atque
723 3123 773 3176 hac
797 3092 944 3192 propterO
960 3127 1054 3178 tecum
1062 3121 1243 3185 contendere,
1252 3121 1366 3177 dimitte
1378 3122 1406 3176 ei
1421 3126 1450 3177 et
1457 3123 1580 3193 pultium
1591 3123 1701 3192 (netto.
1713 3123 1755 3195 ε).

108 3209 287 3281 Evangelium
309 3209 507 3276 discurrebant,
533 3209 625 3264 talium
646 3210 817 3280 negotiorum
841 3225 907 3264 exa·
957 3211 992 3265 Et
1002 3208 1086 3264 alibi:
1102 3209 1311 3276 Quiobstulerit
1331 3212 1391 3276 tuo,
1403 3209 1465 3264 noli
1478 3213 1603 3282 repetere
1613 3211 1693 3280 (luc.
1703 3212 1754 3282 vx).

107 3299 257 3354 minotores
281 3313 342 3354 esse
365 3297 460 3355 voluit.
475 3300 499 3354 A
523 3299 621 3371 quibus
636 3314 687 3353 nos
701 3313 833 3354 excusare
852 3313 907 3353 non
958 3298 1013 3354 Sed
1025 3305 1115 3352 tamen
1126 3298 1178 3352 hoo
1194 3296 1343 3353 secuudum
1360 3296 1466 3352 veniam
1483 3295 1598 3353 infirmis
1608 3297 1756 3369 Apostolus

1 3431 2 3436 ,
108 3403 271 3459 possumus,
301 3385 351 3442 etsi
379 3386 506 3443 velimus.
543 3385 745 3460 [Augustinus]
769 3385 908 3441 Christum
957 3385 1091 3452 concedit,
1103 3401 1166 3442 cum
1176 3384 1240 3440 sinit
1249 3384 1277 3440 in
1287 3383 1409 3440 Ecclesia
1422 3385 1487 3441 talio
1493 3385 1595 3455 judicio
1605 3384 1675 3442 finiri
1685 3385 1757 3442 inter

108 3475 182 3530 enirn
192 3483 288 3530 testem
314 3475 421 3540 invoco,
450 3475 580 3546 quonism
595 3475 707 3530 mallem
721 3491 772 3546 per
786 3473 908 3547 singulos
957 3472 1064 3538 iratres,
1079 3473 1208 3530 iratribus
1225 3458 1418 3543 judicantibus,
1435 3480 1510 3528 extra
1523 3472 1674 3530 Ecclesiam
1689 3491 1756 3532 vero

108 3563 169 3618 dies
184 3563 266 3619 certis
281 3563 355 3618 horis
370 3562 471 3634 aliquid
486 3563 610 3619 manibus
624 3564 743 3634 operari,
755 3571 782 3618 et
795 3570 907 3619 caeteros
956 3563 1016 3617 haec
1030 3560 1089 3618 fieri
1103 3561 1258 3618 terribiliter
1271 3567 1353 3616 vetat.
1369 3561 1405 3617 Ut
1424 3569 1513 3617 eutem
1526 3562 1656 3632 praedicte
1670 3564 1756 3620 verba

108 3652 191 3706 liores
203 3651 304 3706 bebere
318 3650 419 3705 liberas
433 3651 468 3706 ad
483 3651 640 3722 legendum,
656 3652 799 3718 orandum,
815 3650 908 3706 velud
955 3649 1109 3721 Augustini,
1127 3648 1224 3721 quibus
1238 3649 1283 3715 eit,
1298 3655 1440 3720 peccatum
1454 3657 1496 3704 εει
1506 3649 1640 3718 judicium
1654 3649 1756 3706 hebere

1 3785 2 3792 ,
107 3739 245 3811 agendum
269 3738 372 3810 aliquid
392 3739 426 3794 de
449 3739 548 3796 divinis
568 3739 676 3808 litteris,
702 3754 784 3810 quern
805 3738 906 3794 tumul·
957 3746 1051 3794 contra
1074 3737 1196 3802 fratrem,
1229 3751 1297 3792 sone
1322 3736 1518 3809 intelligantur,
1546 3736 1691 3793 dicendum
1714 3747 1756 3794 εει

107 3827 278 3884 tuosissimus
296 3827 489 3898 perplexitates
512 3843 656 3882 censorum
671 3827 728 3898 pati
741 3827 776 3882 de
790 3827 907 3899 negotiis
956 3826 1001 3882 hic
1016 3825 1080 3898 quid
1096 3826 1122 3880 in
1136 3823 1395 3896 hujusmodiliceat,
1411 3824 1456 3881 εει
1470 3824 1616 3882 εοεεεειει
1628 3824 1756 3897 perlectis

109 3915 299 3986 saecularibus,
316 3914 362 3970 vel
372 3913 520 3984 judicando
543 3913 712 3984 dirimendis,
728 3915 772 3970 vel
785 3915 906 3970 interve·
955 3921 982 3970 et
998 3914 1063 3986 quid
1076 3929 1149 3980 non,
1167 3911 1275 3985 etquid
1299 3912 1381 3969 liceat
1402 3911 1516 3968 infirmis
1539 3913 1582 3969 vel
1604 3929 1668 3969 non.
1685 3915 1754 3969 Per-

1 4049 3 4065 ,
108 4002 209 4059 nieudo
224 4003 414 4074 precidendis.
427 4002 495 4058 Dico
509 4003 663 4058 constituite
678 4002 904 4074 contemptibiles.
955 4000 1034 4058 lectis
1048 4001 1131 4074 igitur
1152 4000 1216 4056 licet
1239 4016 1288 4055 sun
1314 4008 1436 4071 repetere
1460 4000 1628 4072 simpliciter,
1651 4001 1755 4058 scilicet

1 4123 2 4154 1
108 4093 169 4148 Hoc
182 4099 270 4146 autem
284 4091 318 4145 ad
342 4089 521 4146 reverentiam
546 4098 667 4146 vestrum
689 4091 761 4158 dico,
784 4098 812 4144 ut
826 4089 905 4146 vide·
955 4081 1014 4146 s'iue
1028 4103 1121 4156 causa,
1146 4089 1204 4144 sine
1227 4087 1283 4155 lite,
1300 4087 1361 4143 siue
1372 4087 1494 4157 judicio;
1509 4089 1558 4144 sed
1580 4105 1635 4145 nou
1649 4105 1753 4147 conve-

1 4241 2 4246 ,
108 4181 173 4236 licet
185 4179 204 4234 ii
225 4187 350 4235 terrenas
373 4195 467 4236 causas
489 4179 652 4248 examinent,
677 4178 723 4250 qui
742 4179 906 4234 exteriorum
954 4177 1046 4234 uiteis
1060 4177 1123 4232 inde
1145 4191 1257 4232 movere
1280 4191 1392 4232 oausam
1415 4176 1753 4247 antejudicem.1nfirmis

1 4303 2 4334 3
106 4285 202 4324 rerum
217 4267 375 4338 sapientiam
399 4275 589 4339 perceperunt.
607 4267 660 4336 Qui
673 4275 763 4322 autem
779 4266 905 4338 spiritua·
953 4281 1018 4323 vero
1032 4265 1094 4321 licet
1107 4272 1233 4336 repetere
1247 4278 1306 4329 sua,
1321 4264 1457 4321 movendo
1471 4279 1582 4321 causam
1604 4273 1665 4321 ante
1676 4266 1753 4335 judi-

1 4395 2 4426 ,
105 4357 180 4412 libus
194 4356 274 4412 donis
294 4355 370 4410 ditati
384 4363 455 4423 suut,
473 4356 589 4412 terrenis
604 4372 660 4411 non
674 4355 773 4411 debent
787 4354 906 4428 negotiis
954 4369 1024 4422 cem,
1040 4361 1067 4410 ει
1077 4352 1210 4430 judicium
1223 4353 1350 4409 habendo
1374 4360 1469 4409 contra
1488 4352 1617 4422 iratrem;
1633 4353 1753 4410 sednon

1 4510 2 4513 Ἴ
108 4444 249 4515 implicari,
276 4451 305 4498 ut
323 4444 387 4498 dum
402 4459 456 4500 non
471 4451 606 4517 coguntur
620 4443 751 4500 interiore
765 4444 838 4499 bono
851 4443 907 4498 dis-
917 4443 944 4503 D
956 4442 1123 4499 contentiose
1138 4441 1183 4497 vel
1197 4439 1393 4507 fraudulenter,
1410 4456 1460 4498 nec
1475 4442 1547 4513 apud
1562 4439 1687 4497 infideles
1702 4441 1750 4512 ju-

1 4585 2 4595 ,
106 4547 222 4604 ponera,
245 4531 353 4588 valeant
375 4532 454 4588 bonis
478 4532 664 4604 superioribus
687 4531 836 4588 deservire.
851 4531 906 4587 Sed
955 4529 1106 4588 dicasset
1119 4546 1175 4587 vos.
1192 4528 1278 4599 Quasi
1288 4529 1362 4606 dicat
1377 4545 1384 4583 ε
1400 4528 1645 4598 Debetisinjuriam
1658 4529 1752 4600 patiet

1 4669 2 4678 ,
107 4620 257 4677 curandum
277 4635 444 4692 magnopere
463 4628 505 4676 est
528 4629 557 4676 ut
576 4619 605 4674 hi
627 4620 673 4692 qui
687 4619 766 4675 donis
780 4619 907 4690 spiritus·
956 4618 1079 4675 fraudem
1093 4617 1166 4690 quod
1180 4632 1235 4673 non
1253 4616 1349 4680 tacitis,
1366 4617 1414 4673 sed
1428 4618 1521 4688 polius
1531 4631 1577 4673 uos
1591 4618 1689 4688 fucitis
1703 4619 1753 4673 in-

1 4782 3 4794 .
108 4707 181 4762 libus
192 4708 308 4764 erocum
321 4723 494 4782 nequaqnam
511 4708 697 4779 proximorum
715 4706 907 4763 infirmantium
956 4708 1073 4774 iurionu
1089 4705 1173 4762 idest
1187 4712 1308 4776 apertam
1321 4703 1485 4774 violentiam,
1497 4704 1560 4760 dum
1574 4704 1752 4772 contenditis;

110 4796 221 4869 negotia
236 4795 356 4851 funditus
371 4797 499 4852 deserant
515 4815 522 4865 ;
538 4797 587 4852 sed
606 4797 664 4853 heac
678 4796 738 4852 aliis
754 4796 852 4868 quibus
866 4795 908 4850 di·
957 4799 986 4852 et
999 4794 1153 4865 fraudatis,
1166 4794 1229 4848 dum
1241 4792 1349 4862 judices
1363 4791 1534 4864 corrumpitis
1547 4791 1643 4859 donis,
1659 4791 1752 4850 ειιιεε

108 4900 195 4956 gnum
209 4891 251 4940 est
266 4884 406 4941 tractanda
428 4884 597 4940 committant
618 4886 663 4941 vel
686 4901 735 4956 per
754 4899 784 4938 se
798 4890 906 4957 gerent.
958 4884 1056 4954 fucitis
1069 4881 1218 4955 frutribus,
1234 4895 1302 4952 quos
1313 4881 1409 4950 juvare
1424 4879 1570 4936 deberetis.
1587 4878 1752 4947 Hoclacitis,

1 5034 2 5044 ,
108 4972 154 5027 Sic
168 4979 288 5028 nonest.
317 4973 396 5028 Redit
418 4973 453 5028 od
476 4972 542 5028 illud
558 4972 631 5044 quod
646 4987 730 5044 supro
756 4971 906 5044 redarguit,
959 4978 986 5026 et
1001 4970 1040 5026 sic
1054 4985 1167 5042 reguum
1190 4967 1312 5038 perditis.
1338 4969 1371 5023 Et
1394 4968 1472 5040 pejus
1486 4975 1528 5023 est
1542 4967 1606 5040 quia
1620 4967 1749 5024 scientes.

109 5059 212 5116 scilicet
228 5059 300 5130 quod
320 5059 355 5114 od
377 5057 502 5116 infideles
522 5060 629 5129 judices
657 5059 740 5115 ibant.
771 5057 856 5127 Quasi
869 5059 910 5115 di·
959 5059 1074 5113 Nomou
1083 5056 1200 5112 nescitis
1210 5057 1276 5126 quio
1286 5055 1498 5128 inicuiquilibet
1506 5071 1564 5112 non
1572 5055 1754 5127 possidebunt

1 5132 2 5227 J
108 5155 152 5203 cat
167 5166 174 5203 ε
189 5147 252 5202 Nou
274 5147 379 5202 debetis
395 5147 510 5215 judicari
535 5147 608 5218 opud
632 5146 766 5202 infideles.
788 5146 855 5216 Quia
870 5147 909 5202 sic
959 5161 1080 5217 regnum
1093 5143 1253 5215 betettrgo
1267 5158 1318 5199 nec
1333 5143 1458 5212 salutem,
1475 5143 1540 5214 quia
1553 5158 1608 5198 uon
1623 5150 1665 5200 est
1679 5143 1754 5198 salus

1 5233 2 5241 ’
108 5252 164 5291 εεε
192 5243 233 5292 εει
259 5236 330 5291 inter
358 5251 407 5291 vos
430 5235 574 5309 quisquam
598 5234 716 5306 sopiens,
743 5243 806 5304 etc.,
822 5250 909 5305 usque
958 5242 1058 5305 praeter
1072 5247 1196 5305 regnum.
1212 5231 1302 5288 Nolite
1317 5229 1755 5302 erroro,quastdemisericordia

111 5324 184 5395 apud
212 5323 346 5380 infideles.
373 5323 458 5392 Quasi
482 5323 553 5380 dicet
570 5341 576 5378 :
592 5322 641 5378 Est
663 5322 755 5396 utique
777 5321 909 5378 intervos
959 5317 1754 5392 confisi,quicunquetornlcoriimeqneidolisservtentesr

147 5501 201 5569 (35)
219 5504 517 5570 summasunmna
528 5504 713 5558 monachornm.
991 5499 1045 5568 (st)
1064 5497 1354 5565 tumulanstnfincb.

221 5700 341 5758 Persou.
362 5699 454 5759 CXGl.
