3946 6070
138 221 191 274 989

566 213 848 272 condendamue
864 209 900 266 IN
915 207 1082 268 Psntttos.
1100 241 1133 252 -—
1147 211 1243 267 Pseu.
1260 210 1351 266 cvttt.

1734 209 1785 260 990

138 339 283 412 quentium
297 345 339 394 εει
357 337 459 408 odium,
485 337 609 408 quamvis
631 337 666 394 sit
685 336 835 408 voluntaria
854 349 935 407 poena
949 333 1042 404 Aque
1055 334 1146 390 debuit
1161 333 1308 405 possideri,
1332 348 1366 388 ue
1379 347 1395 386 a
1408 332 1517 388 diaholo
1537 329 1735 403 possideretur.
1750 329 1785 383 Et

138 425 278 498 patieutis.

177 559 271 634 [Aug]
286 559 337 617 Hic
351 561 499 616 notandum
524 568 565 617 est
580 562 653 634 quod
668 562 694 616 iu
710 559 857 616 reddendis
885 560 937 616 ho-

137 649 183 704 nis
197 649 241 704 vel
249 648 327 704 malis
335 665 384 706 sex
394 647 553 706 differentiae
563 657 634 715 sunt,
647 665 707 721 quae
718 655 938 705 commemoratae

136 737 319 792 animadverti
342 736 421 794 facile
445 745 569 809 possunt,
596 737 699 794 scilieet
723 737 839 793 reddere
867 737 938 792 hona

137 841 191 896 pro
206 825 295 890 malis,
317 825 499 882 uoureddere
523 826 595 881 mala
618 842 668 896 pro
692 825 780 880 malis.
797 827 862 881 Haec
883 825 937 880 duo

138 914 277 970 honorum
291 921 364 981 sunt,
380 921 407 969 et
423 913 614 986 priusquidern
623 913 721 970 melius
735 921 787 971 εει.
799 915 866 969 item
883 929 938 968 uon

139 1002 261 1058 reddere
276 1003 348 1057 hona
362 1017 413 1073 pro
429 1002 518 1069 honis,
534 1010 560 1058 ει
575 1003 826 1074 redderemalnpro
841 1001 936 1067 honis;

138 1099 168 1146 et
195 1091 255 1146 haec
283 1089 339 1145 duo
365 1089 498 1146 malorum
526 1097 596 1157 sunt,
623 1099 649 1146 et
678 1091 814 1162 posterius
829 1089 938 1163 quidem

136 1178 261 1234 deterius
275 1186 326 1232 est.
352 1179 419 1233 Item
435 1179 549 1234 reddere
572 1179 642 1233 bona
656 1179 707 1249 pro
722 1179 810 1248 bonis,
827 1187 854 1234 et
867 1178 939 1233 mala

137 1282 191 1338 pro
205 1265 292 1332 malis,
308 1275 334 1322 et
348 1267 408 1338 haec
422 1266 476 1322 duo
490 1267 641 1322 mediomm
657 1274 729 1333 suut,
746 1265 773 1321 id
788 1275 830 1322 est
843 1283 939 1322 eorum

138 1355 261 1426 quisunt
275 1354 319 1410 vel
333 1354 506 1410 mediocriter
518 1354 592 1422 boui,
609 1355 652 1411 vel
667 1355 840 1411 mediocriter
862 1355 938 1424 mali,

139 1452 169 1498 et
196 1443 274 1515 prius
288 1443 469 1516 pmpiuquum
485 1443 630 1510 asthonis,
645 1444 718 1516 quod
733 1444 856 1499 Christus
884 1459 940 1498 non

138 1531 273 1605 arguitio
288 1532 439 1604 Evangelio
455 1548 462 1587 :
476 1532 526 1587 sed
550 1532 612 1602 plus
627 1540 754 1602 oportere
774 1532 848 1598 dicit,
875 1532 940 1604 quia

137 1628 166 1676 et
182 1619 282 1676 ethnici
297 1620 349 1676 hoe
363 1619 465 1675 iaciunt
481 1619 590 1690 (Mattio.
607 1623 647 1690 v).
658 1621 780 1694 Diligunt
791 1620 863 1676 euim
878 1620 938 1676 dili·

138 1716 238 1780 gentes
253 1723 284 1764 se
300 1724 307 1762 :
325 1708 461 1778 posterius
476 1724 543 1763 vero
571 1708 755 1781 propinquum
783 1717 825 1764 est
846 1709 936 1776 malis,

139 1796 245 1853 scihcet
273 1796 389 1852 reddere
426 1796 529 1851 malum
563 1811 614 1868 pro
648 1796 728 1862 malo,
759 1805 785 1852 et
815 1797 941 1854 convenit

140 1892 235 1940 tamen
262 1892 289 1939 ει
325 1883 415 1939 honis.
444 1885 521 1940 Unde
559 1891 586 1939 et
614 1885 656 1940 lex
684 1885 793 1941 modum
831 1885 940 1941 ultionis

138 1973 243 2042 statuit,
260 1974 375 2030 oculum
386 1986 436 2044 pro
446 1974 537 2040 cento,
545 1973 660 2028 dentem
673 1991 723 2045 pro
740 1974 825 2030 dente
837 1975 938 2044 (aaut.

137 2061 214 2132 xxi),
231 2069 258 2116 et
271 2060 435 2134 hujusmodi
450 2076 456 2116 :
474 2058 541 2129 Quae
561 2061 584 2115 si
599 2061 652 2116 dici
667 2069 756 2132 potest
780 2061 940 2132 injustorum

129 2149 245 2220 ‚justitia
259 2155 310 2215 est,
326 2164 382 2204 non
395 2157 486 2204 tamen
501 2149 563 2204 ideo
582 2156 632 2215 εει,
663 2149 725 2222 quia
740 2149 832 2222 iniqua
846 2151 880 2205 sit
895 2151 939 2205 ul-

138 2239 179 2293 tio
193 2253 275 2309 quarn
290 2237 334 2292 lex
350 2237 442 2292 statuit
458 2255 465 2304 ;
482 2238 530 2292 sed
541 2237 606 2309 quia
619 2237 718 2292 vitiose
739 2246 779 2292 est
802 2238 895 2306 libido,
911 2239 939 2294 id

139 2327 293 2397 expetentis
309 2325 447 2381 desiderio
460 2325 619 2392 ulciscendi,
635 2326 779 2398 magisque
807 2327 842 2382 ad
863 2327 938 2396 judi-

139 2431 202 2472 cem
216 2413 333 2486 pertinet
356 2414 408 2471 hoc
430 2414 502 2469 inter
524 2414 648 2470 homines
671 2412 829 2470 discernere
857 2431 938 2486 quam

138 2505 241 2558 bouum
256 2503 394 2558 homiuem
409 2502 461 2557 sihi
475 2509 607 2573 expetere
622 2501 777 2558 vindictam.
793 2501 843 2558 Hic
865 2503 937 2558 enim

137 2592 236 2646 reddet
258 2589 360 2646 malum
385 2607 435 2662 pro
449 2591 522 2646 maio
533 2589 617 2660 judex
638 2605 704 2646 vero
720 2606 785 2660 nou,
798 2591 847 2647 sed
863 2592 937 2648 dela·

137 2679 382 2749 otntionejustitiae
405 2681 506 2749 justum
533 2678 629 2734 reddet
657 2678 833 2749 proiujusto,
861 2682 937 2752 quod

987 423 1120 494 praedicit,
1136 438 1192 478 uon
1206 428 1291 494 optut.

1025 531 1110 585 Vens.
1124 533 1188 584 6.-
1205 553 1216 578 u
1234 529 1302 584 Cum
1314 527 1460 598 judiaotur,
1472 535 1551 582 exeat
1566 527 1778 590 condemnatus;

989 640 1000 666 u
1018 627 1045 673 ει
1059 619 1146 674 oratio
1160 619 1220 687 ejus
1234 617 1281 673 fiat
1295 633 1346 688 per
1360 623 1512 688 peccatum.
1532 639 1542 664 ι

1024 708 1092 764 Cum
1111 707 1272 780 judicetur,
1288 709 1373 762 exeat
1395 705 1608 770 condemnatas,
1622 702 1650 757 id
1664 711 1706 758 εει
1720 703 1783 774 quia

987 795 1072 852 uoluit
1086 811 1148 850 esse
1163 794 1224 850 talis
1239 795 1281 850 cui
1297 794 1402 849 dicatur
1418 811 1425 848 ε
1441 795 1520 848 irt'tro
1535 793 1567 847 in
1580 791 1714 863 paediam
1728 793 1783 846 Do-

987 883 1118 940 minitat
1132 883 1244 955 (Mattio.
1268 888 1346 952 ιιι),
1364 883 1399 937 sit
1412 881 1446 937 de
1461 897 1516 952 quio
1530 879 1636 935 dieattu
1652 896 1659 932 :
1673 879 1782 950 Projiee

985 988 1051 1028 eum
1066 974 1097 1027 tre
1108 970 1238 1028 teneoras
1246 973 1401 1027 exteriores
1413 971 1522 1038 (Mettis.
1534 966 1610 1038 ιιιι).
1622 967 1655 1021 Et
1665 982 1700 1020 ne
1709 973 1786 1036 puta-

988 1067 1030 1115 tur
1055 1061 1089 1114 ab
1116 1059 1273 1114 imminente
1310 1058 1485 1114 damnatione
1510 1055 1630 1122 liberari,
1659 1053 1784 1109 oratione

988 1165 1069 1221 quam
1092 1148 1162 1204 inter
1189 1147 1326 1219 apostolos
1352 1147 1485 1202 didicerat
1507 1143 1594 1216 inquit
1609 1161 1617 1198 ς
1633 1145 1667 1198 Et
1693 1143 1783 1200 oratio

988 1240 1049 1312 ejus
1062 1238 1114 1306 fiat
1130 1238 1161 1292 in
1171 1241 1328 1309 peccatum,
1341 1235 1436 1307 (hug.)
1448 1233 1511 1305 quia
1524 1239 1630 1288 nonest
1644 1247 1693 1302 per
1703 1223 1784 1285 Chri—

989 1334 1071 1392 stum,
1086 1341 1168 1397 quem
1182 1324 1307 1380 conruit
1327 1323 1414 1394 sequi,
1431 1323 1479 1378 sed
1508 1319 1646 1393 persequi.
1677 1319 1782 1382 Notan-

989 1415 1053 1470 dum
1069 1413 1199 1485 quianon
1214 1421 1255 1468 est
1268 1413 1343 1481 justa
1357 1411 1454 1476 oratio,
1471 1409 1523 1464 nisi
1547 1425 1607 1480 quae
1627 1422 1677 1478 per
1700 1406 1781 1461 Chri-

989 1509 1061 1557 stum
1074 1500 1112 1556 fit.
1130 1502 1165 1556 Et
1190 1517 1245 1557 nou
1269 1499 1356 1556 solum
1384 1515 1438 1555 uon
1453 1499 1526 1553 delet
1554 1504 1705 1567 peccatum,
1736 1494 1785 1549 sed

989 1590 1069 1645 etiam
1083 1590 1143 1661 ipsa
1157 1588 1186 1644 dt
1200 1589 1228 1644 iu
1243 1596 1397 1660 peecatum.
1419 1587 1465 1641 illa
1479 1593 1568 1641 autem
1584 1584 1671 1640 oratio
1686 1598 1741 1638 uon
1756 1581 1785 1636 iit

952 1684 1037 1749 Bper
1051 1678 1197 1744 Christum,
1215 1693 1276 1749 quae
1290 1691 1345 1731 uon
1357 1673 1455 1732 affectu
1469 1675 1541 1730 bono
1557 1671 1595 1738 fit,
1618 1687 1669 1727 nec
1683 1672 1785 1726 honum

982 1766 1069 1838 petit,
1087 1766 1157 1822 sicut
1172 1783 1187 1822 ε
1202 1780 1344 1821 converso.
1361 1764 1410 1818 llla
1434 1763 1463 1816 iit
1476 1778 1526 1834 per
1554 1761 1701 1824 Christum,
1732 1775 1787 1830 qua

992 1855 1090 1926 petitur
1105 1854 1179 1926 qnod
1192 1853 1339 1925 petendum
1366 1860 1417 1920 est,
1434 1859 1461 1906 ει
1484 1867 1517 1906 eo
1544 1849 1626 1906 modo
1654 1863 1707 1920 quo
1734 1863 1786 1918 pe-

992 1944 1103 1998 tendum
1132 1951 1171 1997 εει
1188 1962 1195 2009 3
1212 1941 1358 2013 aliquando
1386 1948 1475 1994 autern
1505 1939 1545 1994 sic
1573 1945 1673 2006 oratur,
1703 1944 1732 1990 ut
1759 1935 1787 1989 in

991 2039 1067 2102 parte
1084 2031 1117 2086 sit
1145 2031 1233 2086 oratio
1252 2046 1302 2099 per
1330 2028 1474 2094 Christum,
1504 2035 1530 2082 et
1557 2027 1584 2080 in
1615 2033 1692 2097 parte
1719 2039 1784 2079 non.

991 2118 1106 2188 Quando
1132 2120 1234 2174 honam
1257 2134 1312 2173 non
1340 2117 1419 2184 bene,
1448 2117 1492 2171 vel
1518 2116 1588 2171 hene
1602 2129 1658 2170 nou
1688 2113 1787 2168 bouum

989 2209 1098 2279 petitur.
1114 2207 1198 2262 Judas
1213 2214 1313 2273 autem,
1329 2221 1381 2262 uec
1400 2205 1501 2260 honum
1529 2220 1579 2260 nec
1592 2203 1672 2274 2heue
1698 2201 1784 2273 petiit.

989 2297 1085 2368 (hug.)
1100 2294 1217 2364 Quando
1231 2302 1321 2349 autem
1344 2294 1430 2348 iudas
1456 2293 1494 2347 ita
1507 2308 1587 2349 orare
1614 2289 1742 2362 potuerit,
1759 2296 1787 2342 ut

989 2383 1074 2440 oratio
1089 2384 1147 2452 ejus
1162 2381 1239 2437 tieret
1254 2382 1281 2436 in
1297 2390 1449 2453 peccatum,
1475 2380 1559 2453 quaeri
1574 2386 1673 2450 potest,
1701 2376 1785 2432 credo

989 2479 1134 2543 antequam
1150 2469 1295 2526 Dominum
1311 2469 1440 2534 traderet,
1471 2478 1575 2524 etcum
1594 2467 1650 2536 iarn
1678 2466 1712 2520 de
1739 2463 1785 2518 ilio

989 2559 1122 2632 cogitaret
1136 2559 1281 2626 tradendo,
1297 2575 1351 2614 uon
1362 2559 1434 2613 enim
1445 2558 1503 2627 jam
1528 2563 1631 2628 poterat
1646 2568 1726 2610 orare
1736 2569 1786 2623 per

988 2648 1135 2703 Christum.

137 2775 181 2824 est
210 2769 323 2824 reddere
338 2769 504 2838 bonumpro
528 2766 611 2834 malo,
626 2767 699 2837 quod
714 2769 795 2823 eriam
805 2769 937 2837 Deusju.
1024 2756 1109 2810 Vnus
1125 2757 1152 2811 t.
1168 2787 1202 2796 -
1218 2779 1229 2807 ι
1247 2755 1322 2811 Fiant
1336 2754 1395 2810 dies
1409 2753 1468 2822 ejus
1483 2749 1581 2822 pauci:
1598 2757 1625 2804 et
1647 2749 1787 2820 episcopa-

137 2857 193 2911 dex
207 2855 281 2912 iacit.
298 2855 445 2929 [Cassiod]
460 2855 558 2910 Tribus
582 2869 648 2925 ergo
661 2856 751 2910 modis
774 2873 855 2912 omne
869 2873 936 2929 pec·
987 2864 999 2893 ι
1017 2850 1072 2898 lum
1088 2844 1147 2913 ejus
1161 2844 1276 2916 Mitti!
1292 2843 1370 2899 ³¹¹2?-
1390 2867 1401 2890 ”

137 2952 230 3002 catum
257 2943 423 3001 contrahitur
437 2945 465 2999 in
479 2942 632 3012 hujusmodi
642 2943 850 3001 redditionibus.
880 2945 937 3000 Pri·
1021 2953 1106 3006 Fiant
1128 2953 1188 3006 dies
1207 2951 1375 3022 apostolatus
1390 2952 1452 3019 ejus
1465 2948 1560 3020 pauet,
1577 2943 1672 3016 [aug]
1689 2945 1733 3007 Ει,
1750 2957 1784 2995 ne

135 3049 200 3088 mus
214 3033 317 3107 gratim
327 3039 368 3088 est
381 3047 436 3087 uon
451 3033 567 3088 reddere
582 3035 653 3091 boue
667 3050 716 3107 pro
731 3032 819 3089 bonis
837 3033 941 3088 Secuu-
954 3032 978 3092 C
991 3046 1113 3093 sacratus
1130 3037 1311 3094 duodenarius
1326 3052 1457 3092 nanterus
1486 3035 1519 3089 sit
1547 3033 1694 3087 diminutus
1723 3029 1784 3100 epi-

138 3121 336 3188 (¹¹¹⁸‚1'0ddef0
360 3120 432 3176 mala
459 3136 510 3193 1)Γο
537 3123 627 3191 malis.
659 3132 797 3180 exiremus
824 3121 940 3177 reddere
989 3126 1433 3198 scopatamejusaecipiatotter.
1449 3123 1521 3178 Loco
1536 3120 1608 3176 enim
1636 3119 1694 3186 ejus
1717 3117 1784 3171 suh-

137 3210 214 3265 mala
240 3225 291 3281 pro
315 3209 404 3266 honis.
442 3209 499 3266 Hoc
527 3211 645 3267 deterius
671 3211 758 3267 Judaei
786 3211 938 3283 elegerunt,

137 3298 243 3354 scilicet
257 3305 285 3353 ut
299 3298 407 3353 Christo
427 3299 611 3368 detraherent,
637 3309 663 3356 et
692 3301 785 3357 odium
816 3315 865 3371 pro
895 3299 939 3354 di-

135 3386 255 3442 lectione
270 3386 425 3442 redderent.
442 3387 541 3442 Contra
555 3389 615 3445 haee
630 3397 693 3444 suut
722 3389 773 3444 alia
790 3388 850 3445 tria.
878 3388 939 3443 Pri-

136 3491 212 3530 mum
228 3484 267 3529 εει
283 3475 348 3530 dare
363 3475 435 3532 bona
449 3492 500 3546 pro
516 3477 605 3532 honis.
622 3478 785 3544 Secundum,
807 3492 862 3533 non
876 3478 940 3532 red·

137 3565 204 3619 dere
219 3562 290 3618 mala
304 3579 354 3634 pro
369 3564 458 3619 malis.
487 3564 649 3634 Perfectum,
665 3567 780 3622 reddere
795 3567 868 3622 hona
890 3583 939 3637 pro

137 3652 228 3720 malis,
246 3651 319 3724 quod
338 3652 462 3706 Christus
478 3668 560 3708 ornus
579 3669 628 3724 pro
642 3655 743 3711 Judaeis
773 3654 837 3710 iecit
852 3655 934 3726 (hue.

140 3741 238 3808 xxur).

176 3913 258 3966 Pnas.
275 3928 304 3968 ιι.
323 3914 407 3969 Vens.
423 3917 452 3968 5.
471 3944 506 3954 -
523 3936 534 3964 tt
552 3915 688 3970 Constitue
704 3931 858 3986 supereum
875 3930 939 3986 pec·

141 4021 153 4050 ι
170 4009 300 4069 εειοιειιι,
318 4010 345 4057 ει
359 4001 485 4058 diabolus
499 4008 552 4058 stet
567 4017 583 4057 a
597 4003 700 4059 dextris
720 4003 787 4072 ejus.
808 4026 819 4052 ι

178 4144 337 4200 Constitue.
347 4143 493 4215 (Cassiod,
511 4145 595 4216 Aug.)
607 4145 733 4200 Secunda
746 4159 821 4219 pars,
838 4143 883 4198 ubi
894 4144 938 4198 iu-

136 4231 203 4302 cipit
216 4233 387 4302 prophetare,
402 4248 465 4304 puae
493 4232 555 4286 mali
570 4246 620 4304 pro
633 4232 772 4302 impietate
796 4231 936 4303 recipiant,

990 3215 1097 3270 stitutus
1112 3222 1153 3270 εει
1167 3214 1300 3280 Matthias,
1325 3221 1354 3268 ut
1375 3211 1474 3285 legitur
1487 3210 1513 3264 in
1541 3208 1653 3263 Actibus
1676 3212 1786 3277 aposto-

989 3303 1078 3358 lorum
1092 3304 1164 3372 (Act.
1177 3305 1208 3370 ι).
1235 3301 1384 3371 (Cassiod.)
1411 3301 1481 3355 Nota
1497 3298 1571 3370 quod
1585 3296 1630 3352 hic
1649 3294 1737 3366 primo
1758 3293 1785 3348 iu

990 3392 1081 3447 Veteri
1094 3393 1266 3448 Testamenta
1280 3407 1380 3446 nomen
1396 3389 1567 3461 episcopatus
1590 3383 1735 3440 invenitur.
1751 3382 1786 3437 Et

1025 3501 1108 3555 Vens.
1122 3503 1147 3554 8.
1161 3529 1195 3539 -
1212 3519 1223 3550 ι
1241 3497 1320 3553 Fiant
1333 3496 1381 3552 filii
1396 3497 1454 3566 ejus
1468 3492 1592 3566 orphani,
1604 3500 1632 3547 ει
1644 3505 1714 3546 uxor
1727 3488 1785 3558 ejus

991 3587 1140 3643 avidae.»
1713 3659 1718 3668 ι

1024 3696 1110 3750 Fiunt
1121 3696 1245 3766 fitiiejus
1260 3694 1390 3766 orphani,
1403 3698 1431 3749 et
1446 3695 1589 3764 aeorejas
1604 3691 1697 3748 vidua.
1707 3689 1787 3762 [Cas-

989 3781 1070 3848 siod,
1085 3782 1168 3855 Αιιρ.)
1182 3783 1254 3838 Νοιε
1281 3783 1378 3838 tudam
1402 3797 1517 3837 uxorem
1544 3779 1681 3844 hahuisse,
1712 3783 1738 3832 et
1755 3775 1786 3830 fi-

988 3869 1049 3936 lios,
1062 3878 1088 3925 et
1104 3870 1141 3924 itu
1156 3871 1255 3926 iactum
1271 3870 1329 3936 suit,
1346 3878 1374 3925 ut
1388 3869 1431 3924 hic
1460 3867 1567 3924 dicitur.
1598 3866 1694 3937 Utique
1717 3879 1788 3920 mor-

989 3968 1034 4013 tuo
1047 3959 1116 4029 ipso,
1134 3967 1161 4014 et
1175 3957 1223 4013 filii
1239 3960 1296 4028 ejus
1311 3958 1437 4029 orphani,
1468 3965 1494 4012 et
1522 3971 1589 4011 uxor
1617 3955 1675 4024 ejus
1702 3954 1786 4011 vidua

988 4045 1045 4102 suit.
1063 4047 1116 4103 Sed
1131 4046 1204 4102 dicet
1218 4046 1317 4118 aliquis
1328 4063 1361 4100 au
1370 4047 1420 4101 hoc
1434 4047 1469 4100 ad
1482 4060 1590 4117 poenam
1618 4042 1695 4098 Judae
1722 4058 1785 4114 per-

988 4135 1075 4191 tinere
1089 4135 1255 4191 credendum
1270 4135 1314 4200 sit,
1332 4135 1405 4207 quod
1420 4134 1462 4188 sui
1477 4132 1552 4204 passi
1563 4139 1636 4199 sunt,
1653 4147 1688 4187 au
1702 4132 1784 4187 etiam

987 4223 1058 4278 ullus
1073 4224 1150 4279 dolor
1172 4231 1268 4296 tangat
1283 4231 1415 4288 mertuos,
1431 4223 1465 4278 de
1482 4221 1598 4293 hisquae
1613 4221 1641 4276 in
1652 4221 1708 4275 suis
1722 4227 1787 4291 post

137 4327 166 4374 et
180 4315 285 4392 tegitur*
295 4321 347 4375 noe
361 4320 437 4391 prius
452 4320 655 4392 spectaturos
670 4321 749 4376 tuda.
767 4321 854 4392 Supra
870 4337 937 4392 ergo
987 4319 1100 4366 mortem
1116 4312 1286 4382 contingunt,
1304 4311 1347 4368 vu
1361 4311 1499 4382 quomodo
1511 4327 1543 4366 ea
1558 4326 1619 4382 quae
1646 4309 1720 4365 circa
1734 4325 1785 4364 nos

136 4407 173 4462 de
190 4407 315 4478 pluribus
329 4409 498 4480 loquebatur.
515 4409 614 4464 cocart
629 4410 936 4465 ruutetctrcumdeue-
950 4385 976 4446 Ῑ)
988 4407 1114 4472 aguntur,
1127 4401 1254 4456 noverint
1270 4400 1379 4472 spiritus
1407 4415 1503 4455 eorum
1530 4406 1706 4454 mortuorum·
1736 4397 1784 4452 out

136 4499 218 4559 amnt,
231 4503 283 4550 etc.
299 4497 378 4551 Nunc
398 4511 464 4551 rero
480 4513 533 4568 quo
548 4496 623 4568 digni
653 4505 714 4551 suut
741 4497 935 4568 praenuntians,
987 4489 1177 4559 respondendo
1192 4504 1320 4560 magnam
1335 4489 1444 4560 quidem
1458 4504 1519 4544 esse
1535 4485 1721 4558 quaestionem,
1734 4499 1786 4540 nec

135 4585 238 4639 deuno
263 4585 339 4650 dicit,
356 4585 466 4640 intende
494 4585 523 4639 in
536 4601 607 4650 eum,
624 4585 651 4640 id
671 4593 712 4640 est
726 4584 754 4640 in
767 4586 874 4652 sudam,
892 4585 938 4658 qui
987 4576 1013 4630 in
1028 4577 1157 4646 presenti
1171 4593 1232 4632 esse
1248 4577 1450 4633 disserendam.
1481 4577 1677 4631 Verumtamen
1689 4572 1783 4628 breri-

136 4689 179 4738 se,
195 4672 224 4726 id
239 4680 281 4727 est
296 4673 431 4728 Christum
445 4672 545 4728 talibus
560 4673 680 4728 tradidit.
698 4672 800 4742 Quales
815 4683 893 4729 erant
903 4675 937 4729 de
987 4673 1028 4720 ier
1041 4673 1129 4735 potest
1140 4665 1204 4731 dici,
1220 4667 1292 4737 quod
1308 4674 1349 4722 est
1364 4681 1429 4722 cura
1442 4664 1557 4719 mortuis
1573 4663 1607 4718 de
1622 4662 1678 4716 suis
1693 4659 1784 4718 thetis

135 4761 238 4832 quibus
252 4769 315 4816 ante
329 4761 504 4832 loquebatur.
535 4760 619 4831 Quasi
635 4762 709 4817 dicar
727 4778 733 4818 ;
750 4761 820 4831 Quia
836 4778 937 4834 pecca.
987 4761 1015 4807 ut
1030 4752 1065 4809 de
1080 4753 1163 4810 divite
1178 4755 1278 4826 legitur
1293 4771 1300 4808 ε
1317 4753 1442 4824 Quidum
1453 4761 1588 4808 tormenta
1601 4752 1671 4822 apud
1682 4749 1785 4805 interos

137 4859 182 4905 tor
196 4857 222 4904 ει
243 4849 355 4905 dolosus
384 4849 490 4920 aperuit
518 4865 601 4921 super
629 4867 673 4906 me
700 4866 732 4906 os
758 4867 847 4918 suum,
876 4851 938 4907 ideo
988 4849 1132 4914 pateretur,
1149 4842 1355 4899 levavitoculos
1369 4843 1403 4897 ad
1419 4842 1566 4909 Abraham,
1592 4848 1618 4896 ει
1632 4841 1702 4895 inter
1730 4837 1785 4893 alia

135 4941 282 4995 constitue
297 4942 484 5009 peccatorem,
495 4937 525 4994 id
537 4946 579 4994 est
601 4939 749 5006 diabolum,
761 4956 847 5012 super
862 4955 937 5008 eum,
987 4930 1054 4986 dixit
1064 4947 1071 4985 :
1081 4932 1169 4986 Habeo
1180 4932 1511 5004 eoimquinquesrutrcs,
1532 4933 1566 4986 ut
1577 4933 1697 4984 testetur·
1712 4927 1782 4991 tttts,

134 5027 183 5099 qui
207 5027 316 5082 Christo
329 5027 413 5083 notuit
429 5043 490 5082 esse
505 5026 640 5082 subditus.
656 5029 690 5082 Et
701 5027 780 5100 quasi
789 5027 849 5100 quis
864 5045 938 5100 quae-
988 5043 1024 5084 ne
1035 5031 1064 5084 et
1077 5029 1133 5099 ipsi
1143 5029 1260 5084 veniunt
1269 5029 1400 5084 inlocum
1409 5029 1484 5084 tarrac
1495 5024 1783 5096 torureutorumtcoc.

136 5123 221 5182 reret,
239 5131 321 5187 quem
337 5117 534 5186 peecatorem?
549 5115 656 5183 Subdit,
670 5120 699 5172 et
712 5115 938 5173 diodotusstetu
988 5117 1059 5188 ιιι).
1079 5115 1185 5172 Habent
1198 5117 1271 5172 enirn
1300 5116 1397 5171 mortui
1426 5131 1519 5172 curam
1548 5116 1582 5170 de
1610 5113 1689 5182 viris,
1718 5127 1786 5184 quos

137 5204 334 5276 dextrirejua.
351 5205 549 5260 Hocdextrum
578 5204 678 5276 cuique
707 5213 748 5260 est
776 5206 850 5277 quod
878 5205 939 5260 aliis
989 5205 1205 5272 sciuntvirere3
1224 5206 1353 5277 quianee
1381 5205 1408 5260 in
1430 5205 1498 5260 loeis
1524 5219 1668 5274 poenarum
1692 5202 1787 5257 vident

133 5293 281 5363 praeponit.
297 5293 330 5347 Et
345 5293 399 5360 hic,
416 5291 444 5347 id
459 5299 499 5348 est
510 5293 595 5348 ludas
610 5308 694 5364 opera
708 5293 810 5349 diaboli
827 5311 939 5366 praepo·
989 5310 1046 5363 eos,
1062 5293 1109 5348 ubi
1124 5295 1201 5352 dives
1228 5295 1286 5349 siue
1314 5294 1441 5348 iratribus
1470 5302 1537 5362 erat,
1566 5308 1616 5348 neo
1642 5291 1670 5346 in
1694 5291 1785 5363 requie

134 5381 191 5436 suit
205 5381 333 5452 operibus
348 5381 408 5450 Dei,
425 5381 564 5437 avaritiam
580 5397 636 5437 sura
645 5380 736 5437 saluti.
764 5383 843 5438 Stetit
871 5399 939 5456 ergo
989 5383 1140 5450 beatorum,
1158 5383 1206 5438 uhi
1219 5383 1355 5438 Abraham
1371 5392 1396 5438 ει
1410 5383 1543 5438 Lazarum
1566 5381 1689 5453 quamvis
1704 5379 1785 5451 longe

135 5469 418 5536 diaholusadextris,
433 5470 542 5542 quando
556 5470 705 5542 praeposuit
733 5471 876 5527 avaritiam
892 5487 938 5526 sa-
989 5472 1182 5545 agnoscebat:
1199 5488 1254 5528 non
1282 5480 1371 5526 ιειιιειι
1394 5471 1456 5527 ideo
1472 5485 1643 5542 consequeus
1667 5477 1710 5525 εει
1737 5483 1786 5524 εοε

135 5555 257 5627 pientiae,
274 5563 300 5613 ει
314 5557 457 5628 pecuniam
471 5575 527 5613 ειιε
555 5557 644 5626 saluti,
661 5565 689 5614 ut
704 5575 766 5614 eum
789 5560 940 5615 tradereta
989 5561 1147 5632 scireque
1175 5561 1249 5616 circa
1273 5563 1369 5617 charos
1393 5559 1501 5616 illorum
1530 5568 1647 5631 aguntur
1674 5559 1726 5619 hir,
1745 5556 1787 5611 rel
