3896 6062
138 228 190 284 ns
605 289 607 294 ,
823 217 927 275 rnrnr
941 215 1120 276 nominor
1738 213 1789 267 ιιι

135 351 237 427 litem,
254 349 373 423 dicuin]
387 349 416 404 id
425 355 531 405 esttoto
541 347 609 405 orbe
619 353 701 404 notus
714 344 832 412 efficere,
845 357 938 400 resur·
952 341 1076 415 A(Pscl.
1091 342 1142 413 vr),
1158 342 1187 397 in
1201 356 1254 414 qua
1271 346 1354 396 vocat
1362 343 1523 411 peccatores
1534 337 1570 392 ad
1585 336 1788 409 poenitentiam,

136 441 238 516 gendo.
254 440 288 495 Et
302 439 364 504 hoc,
379 436 407 492 in
421 444 559 508 praecepto
574 434 723 506 implendo,
736 433 810 505 quod
824 429 936 487 manda·
984 430 1143 502 nullumque
1157 429 1282 486 meritum
1303 443 1381 482 suum
1399 433 1607 483 commemorat.
1630 426 1709 482 Nunc
1723 442 1790 482 vero

136 528 181 596 sti,
197 527 224 582 id
239 535 281 583 εει
294 532 324 582 ιιι
337 532 503 597 praeceptum
524 521 775 594 humilitatis,quod
789 519 933 586 mandasti,
981 519 1037 589 jam
1061 526 1182 585 vocatus,
1218 517 1282 590 quia
1304 523 1456 588 praecepta'
1475 513 1603 582 serravit,
1638 515 1790 570 secundum

137 613 222 671 sacius
236 613 362 670 homines
381 611 542 684 adimplere.
566 611 601 666 Et
624 610 676 666 lroc
697 609 780 665 modo
802 607 933 679 sequitur,
982 605 1111 677 iustitiam
1126 604 1330 678 petitjudicari,
1347 619 1432 676 super
1446 619 1503 671 me,
1519 601 1597 675 quasi
1611 601 1694 670 dicat,
1707 602 1788 671 justi-

138 703 202 776 quia
216 703 365 776 synagoga
379 700 550 773 populorum,
571 698 600 755 id
623 705 665 754 est
687 697 721 752 de
744 695 861 752 diversis
883 710 935 767 po·
986 695 1048 750 dam
1062 709 1152 750 meam
1167 701 1194 749 et
1207 691 1389 749 innocentiam
1403 704 1505 760 meam,
1525 706 1587 763 quae
1601 697 1693 746 tamen
1704 689 1787 761 iusti-

136 790 277 863 palisiol
305 788 462 863 specialiter
492 789 527 843 de
551 786 663 842 iudeis.
680 782 865 841 circumdabit
896 791 934 848 te,
986 782 1023 839 tia
1037 790 1065 838 et
1077 781 1232 840 innocentia
1247 789 1310 836 sunt
1333 794 1416 849 super
1442 793 1497 845 me,
1524 777 1587 851 quia
1610 779 1699 836 aDeo
1714 786 1787 846 sunt,

135 877 251 934 amando
265 877 310 934 vel
324 875 525 949 persequendo,
542 875 611 933 sicut
631 881 693 929 ante
717 873 886 929 dictumest.
902 871 937 926 lit
986 886 1041 928 non
1055 885 1072 927 a
1089 886 1143 926 me.
1576 907 1580 915 .

137 973 250 1039 propter
263 967 343 1031 hanc,
360 964 463 1020 scilicet
477 970 591 1035 propter
608 969 743 1016 amantem
761 961 935 1030 synagogam
1021 959 1106 1014 Vnss.
1122 961 1166 1014 to.
1177 979 1235 1006 -ι
1253 957 1436 1012 consumetur
1454 953 1575 1027 nequitia
1598 961 1787 1027 peccatorum,

43 1047 47 1056 ’
138 1053 287 1128 regredere
302 1052 328 1109 in
344 1051 437 1120 altum,
449 1050 477 1106 id
493 1059 535 1107 est
551 1049 594 1107 iac
608 1065 656 1105 eos
666 1049 712 1122 qui
722 1057 749 1104 ιε
760 1055 852 1104 amant
866 1047 936 1103 scire
988 1070 999 1096 ι
1022 1053 1048 1103 ει
1062 1046 1166 1118 diriges
1179 1047 1292 1116 justum,
1303 1052 1427 1100 scmtans
1440 1043 1523 1100 corda
1536 1048 1562 1098 et
1576 1058 1656 1098 renes
1671 1043 1745 1098 Deus
1760 1065 1787 1097 ,ιι

137 1149 213 1198 ιιιειε
227 1140 458 1213 omnipotentiam,
475 1139 521 1213 qui
532 1138 695 1195 descendisti
711 1144 740 1193 ut
753 1144 780 1192 te
801 1136 934 1192 viderent.
1024 1137 1211 1192 Conscmetur
1221 1133 1360 1207 nequitia,
1372 1129 1465 1204 [nug]
1475 1129 1553 1203 quasi
1563 1129 1790 1187 dicat:Dominus

137 1229 187 1285 Vel
202 1237 313 1301 propter
326 1230 406 1294 hanc,
423 1227 452 1282 id
475 1235 516 1284 εει
538 1233 649 1298 propter
674 1231 895 1297 persequentem,
909 1221 937 1276 in
984 1222 1126 1294 judicabit,
1142 1229 1169 1278 et
1186 1221 1296 1278 interim
1310 1219 1439 1292 nequitia
1448 1223 1630 1292 peccatorum
1643 1234 1789 1276 consume·

137 1317 297 1391 qualorum
311 1331 366 1372 non
384 1315 501 1386 invenis,
521 1314 671 1388 regredere
693 1313 721 1368 in
744 1311 839 1379 altum,
854 1310 937 1366 idest
988 1315 1045 1378 tar,
1065 1310 1093 1366 id
1107 1318 1147 1367 est
1161 1309 1326 1382 perficiatur,
1340 1312 1369 1364 ut
1391 1306 1486 1380 quiin
1510 1307 1638 1364 sordibus
1659 1313 1702 1364 est
1726 1322 1791 1362 sor-

136 1404 268 1460 subtrahe
278 1411 306 1460 ιε
315 1404 367 1469 bis,
384 1403 431 1475 qui
439 1410 465 1458 te
478 1407 689 1474 persequuntur.
700 1402 733 1456 Et
742 1399 869 1456 convenit
878 1397 937 1454 haec
986 1399 1080 1456 desoat
1094 1399 1184 1456 adhuc
1197 1398 1292 1472 (Apcc.
1316 1403 1401 1474 xxrr),
1427 1407 1457 1456 ut
1479 1399 1535 1468 ism
1558 1394 1671 1451 tandem
1693 1394 1785 1452 veniat

138 1492 272 1549 sententia
285 1492 313 1546 in
329 1499 407 1564 parte
431 1506 495 1548 cum
516 1488 690 1561 praecedenti.
717 1488 767 1545 Vel
788 1487 825 1543 ita
841 1486 937 1542 abillo
984 1487 1086 1556 justum
1106 1487 1237 1555 judicium
1250 1495 1278 1545 et
1291 1489 1423 1561 praedicit,
1443 1503 1499 1543 non
1520 1491 1604 1559 optat.
1630 1482 1730 1557 [ilem]
1755 1482 1791 1538 Et

137 1580 219 1638 loco:
234 1581 370 1654 Exsurge,
385 1596 404 1635 o
419 1578 585 1645 Domina,in
598 1577 639 1633 ira
652 1583 708 1644 tua,
730 1576 759 1631 id
783 1584 825 1631 εει
839 1590 938 1632 exerce
987 1576 1052 1647 quia
1074 1583 1215 1632 crescente
1240 1575 1344 1634 invidia
1366 1577 1510 1643 malorum,
1539 1579 1665 1630 crescunt
1694 1571 1791 1627 merita

137 1675 208 1731 iram
222 1677 297 1724 tuam
311 1675 405 1724 contra
428 1666 552 1722 inimicos
577 1680 665 1733 meos,
689 1663 793 1722 scilicet
816 1663 935 1729 iudaeos,
958 1663 1135 1752 Bjustorum,
1151 1663 1294 1720 subditur:
1310 1667 1347 1723 ot
1359 1667 1472 1738 diriges,
1490 1662 1566 1736 qussi
1579 1661 1661 1726 dicat,
1686 1673 1790 1716 consu·

139 1756 204 1814 dicit
217 1755 351 1813 Ecclesia.
368 1754 463 1828 [bug]
477 1754 583 1810 Deinde
597 1753 676 1827 quasi
690 1752 850 1825 exponendo
872 1752 939 1806 sub·
993 1760 1049 1808 met
1067 1751 1187 1824 nequitia
1200 1751 1341 1809 melonum.
1357 1754 1392 1812 Et
1404 1769 1437 1810 ex
1453 1767 1496 1819 eo,
1508 1751 1611 1823 diriges
1621 1751 1743 1822 justum,
1761 1754 1791 1802 ut

138 1845 195 1902 dit:
212 1845 247 1900 Et
260 1850 372 1916 propter
385 1845 439 1900 hoo
452 1842 574 1898 exaltare
596 1841 624 1899 in
646 1839 746 1897 linibus
768 1840 940 1896 inimicomm
987 1840 1077 1909 justus
1096 1839 1257 1909 justificetur
1280 1842 1386 1899 adhuc.
1413 1839 1523 1913 thuis
1544 1845 1658 1912 propter
1680 1835 1791 1892 simula-

139 1946 273 2000 meorum,
290 1948 307 1988 o
323 1930 448 1999 Christe,
465 1930 493 1986 id
517 1937 560 1986 est
582 1928 653 1985 altus
675 1927 793 1996 efficere,
806 1935 846 1984 -et
865 1928 940 1984 inco·
990 1929 1091 1984 tionem
1119 1944 1174 1984 non
1197 1930 1372 2001 cognoscitur
1394 1929 1429 1984 ab
1452 1927 1561 1985 bomine
1585 1925 1632 1982 ubi
1655 1925 1690 1980 sit
1724 1939 1790 1981 vera

140 2019 233 2096 gnitus
247 2018 365 2076 inimicia
379 2018 458 2088 meis,
474 2017 521 2090 qui
535 2025 598 2073 sunt
612 2015 648 2072 tui
670 2013 782 2085 inimici,
800 2023 829 2070 ut
843 2021 870 2071 te
885 2030 941 2071 non
988 2015 1101 2086 justitia,
1131 2015 1241 2084 subdit,
1267 2018 1342 2090 quod
1363 2018 1423 2075 Deo
1444 2023 1547 2073 tentum
1575 2012 1711 2072 convenit.
1737 2012 1788 2080 Tu,

140 2107 308 2181 intelligant;
324 2105 399 2178 quod
413 2113 455 2163 εει
464 2105 613 2173 silentium,
622 2103 694 2160 unde
708 2103 856 2159 intitulatur
870 2102 941 2175 psal·
991 2104 1063 2172 dico,
1079 2121 1096 2161 o
1111 2107 1184 2162 Dece
1198 2109 1333 2163 seratam
1346 2106 1431 2164 cordo
1445 2109 1474 2163 ει
1483 2119 1575 2170 renes,
1590 2102 1619 2158 id
1633 2109 1674 2158 est
1685 2100 1792 2175 cogita·

140 2211 212 2266 raus,
227 2204 257 2252 ut
272 2195 312 2252 sic
325 2202 352 2252 te
367 2193 537 2266 crucifigant.
552 2194 587 2249 Et
596 2208 723 2266 exsurge,
737 2191 852 2248 Domine
866 2193 941 2248 Deus
991 2192 1079 2248 tiones
1093 2201 1120 2250 et
1142 2192 1338 2251 delectationes
1361 2210 1428 2268 quas
1451 2193 1479 2249 in
1502 2191 1609 2250 occulto
1633 2197 1789 2258 scrutatur,

142 2299 231 2353 meus,
237 2284 266 2340 in
275 2289 414 2356 precepto
422 2281 496 2355 quod
505 2281 651 2350 mandasti,
662 2280 691 2336 id
700 2288 742 2336 est
751 2295 812 2336 cum
822 2294 941 2351 appares
991 2281 1038 2337 ubi
1052 2280 1142 2336 nullus
1160 2281 1235 2338 ridet
1249 2281 1302 2338 nisi
1324 2282 1384 2354 ipse
1398 2282 1445 2358 qui
1457 2279 1591 2355 prospicit
1600 2279 1693 2347 corda,
1708 2278 1791 2335 idest

140 2371 259 2442 humilis,
276 2371 322 2445 qui
335 2371 515 2428 humilitatem
538 2369 676 2442 precipis,
700 2369 772 2424 altus
792 2376 865 2425 esto.
879 2369 941 2440 lpse
992 2369 1075 2425 Deus.
1092 2370 1154 2441 lpse
1167 2369 1239 2425 enim
1254 2370 1328 2427 solus
1348 2377 1482 2430 scrutatur
1496 2368 1591 2436 corda,
1608 2368 1692 2424 idest
1716 2367 1791 2439 quod

141 2460 214 2518 enim
228 2459 379 2516 bumilitate
394 2459 524 2536 exaltatus
540 2466 591 2526 est,
608 2456 636 2513 id
651 2464 762 2514 estnon
776 2455 939 2514 intellectus.
992 2457 1109 2530 quisque
1122 2458 1243 2532 cogitet3
1264 2466 1291 2515 et
1314 2475 1405 2526 renes,
1430 2457 1534 2516 scilicet
1559 2457 1624 2530 quid
1653 2471 1790 2529 quemque

141 2549 178 2608 Et
191 2563 242 2621 per
255 2548 309 2605 boc
323 2546 398 2620 quod
411 2561 467 2604 non
480 2545 636 2619 intelligunt
649 2552 676 2602 te
686 2544 783 2612 Judaei,
799 2544 942 2618 quicrnci-
991 2546 1117 2615 delectet,
1134 2546 1197 2619 quia
1220 2545 1282 2602 linis
1297 2561 1370 2604 curae
1385 2555 1412 2605 et
1426 2545 1602 2620 cogitationis
1616 2553 1658 2602 est
1671 2543 1791 2601 delecta·

144 2633 241 2709 figunt,
258 2636 371 2693 credent
385 2635 414 2690 in
428 2642 453 2690 te
472 2641 579 2708 gentes.
594 2635 629 2690 Et
641 2633 679 2691 ita
691 2633 837 2706 Synngoga
855 2649 943 2706 popu·
991 2634 1038 2704 tio,
1064 2634 1100 2690 ad
1128 2650 1209 2707 quam
1232 2651 1297 2692 cura
1312 2643 1339 2693 et
1363 2635 1525 2715 cogitatione
1549 2633 1643 2690 nititur
1675 2632 1792 2706 quisque

142 2723 242 2790 lorum,
266 2722 294 2778 id
317 2730 359 2780 est
380 2721 520 2796 plenitudo
543 2721 674 2796 gentium,
698 2720 877 2779 circumdabit
904 2728 940 2791 te,
991 2722 1144 2794 pervenire.
1161 2721 1228 2792 Quae
1247 2722 1392 2781 delectatio
1410 2740 1461 2796 par
1474 2739 1555 2780 rencs
1568 2721 1710 2793 accipitur,
1727 2721 1791 2794 quia

142 2811 292 2870 credendo.
305 2812 340 2867 Et
354 2819 467 2884 propter
480 2812 562 2878 banc,
577 2810 605 2866 id
619 2818 661 2866 est
679 2810 856 2884 synagogam
870 2824 942 2884 gen·
991 2811 1019 2866 in
1042 2811 1152 2868 renibus
1176 2819 1217 2868 cst
1244 2812 1394 2884 generandi
1415 2811 1550 2883 voluptas,
1583 2824 1741 2883 perquam
1763 2809 1792 2865 in

144 2899 221 2967 tium,
236 2899 387 2973 regredere
400 2899 429 2955 in
442 2898 535 2968 altum,
551 2898 579 2955 id
593 2905 635 2954 est
649 2914 746 2955 rursus
759 2897 854 2954 desine
867 2897 943 2955 intel·
991 2915 1183 2967 oerumnosam,
1208 2906 1236 2957 ει
1256 2899 1362 2957 fallacis
1386 2899 1484 2976 laetitiae
1506 2899 1608 2966 vitam,
1632 2914 1683 2970 per
1704 2896 1792 2970 prolis

142 2985 203 3061 ligi,
219 2987 284 3062 quia
296 2995 324 3044 et
337 2986 390 3043 ista
404 2993 430 3043 ιε
444 2985 584 3044 offensura
596 2994 646 3054 est,
671 2986 699 3042 in
719 2985 783 3056 stne,
810 2993 865 3042 eta
888 2984 942 3042 lide
994 2987 1198 3045 successionem
1211 2994 1307 3044 natura
1321 2990 1443 3044 humana
1469 2986 1674 3044 transfunditur.
1701 2985 1793 3058 Opera

144 3089 298 3134 recessura.
308 3074 387 3133 Unde
397 3076 436 3132 ait
449 3074 477 3132 in
491 3074 642 3149 Evangelio
654 3078 843 3142 :Patriacum
851 3041 978 3132 FiliasC
994 3083 1083 3132 autem
1098 3084 1194 3133 nostra
1207 3092 1268 3148 qnae
1291 3084 1353 3132 sunt
1376 3076 1405 3133 in
1427 3076 1506 3133 dictis
1529 3082 1557 3132 et
1578 3074 1656 3132 lactis
1676 3082 1793 3148 possunt

148 3164 740 3234 bominisuenerit,invonictfidcmictcrrc
750 3163 943 3238 dicerunt.)
993 3164 1087 3222 videre
1101 3165 1245 3233 homines3
1261 3165 1310 3221 sed
1325 3179 1379 3238 quo
1393 3163 1484 3221 animo
1497 3163 1571 3230 fiant,
1588 3171 1614 3220 et
1628 3177 1683 3236 quo
1697 3163 1793 3220 venire

144 3246 314 3322 Refrigescet
325 3248 398 3304 enirn
407 3247 525 3304 charitas
537 3246 613 3304 15
625 3247 812 3315 multorum,ct
821 3247 943 3304 abunda·
993 3253 1111 3325 cupiant,
1127 3253 1202 3310 solus
1217 3252 1291 3310 uidet
1305 3254 1390 3321 Deus,
1410 3253 1457 3326 qni
1470 3268 1533 3310 cum
1546 3252 1620 3309 videt
1630 3266 1678 3308 cor
1687 3266 1750 3308 esse
1763 3251 1793 3307 in

144 3335 184 3392 bit
192 3333 750 3408 iniquitasfflnttbmxrv).EtDominusin
759 3335 944 3409 altumregra·
993 3341 1064 3399 coelo
1087 3349 1114 3398 et
1137 3341 1344 3398 condelectari
1367 3341 1395 3397 in
1418 3356 1512 3412 corne,
1537 3341 1587 3398 sed
1610 3340 1639 3398 in
1662 3339 1790 3406 Domino,

145 3423 245 3491 dictur,
259 3430 289 3479 ut
300 3421 621 3496 apaucissinceraiides,
637 3425 704 3481 etab
713 3423 834 3482 omnium
843 3439 943 3496 prara-
994 3429 1088 3503 [Aug]
1102 3429 1129 3486 id
1144 3437 1187 3486 est
1200 3446 1262 3488 cum
1276 3429 1356 3488 bone
1371 3437 1433 3486 sunt
1446 3425 1625 3502 cogitationes
1649 3435 1676 3486 ει
1697 3443 1793 3486 aarum

145 3528 207 3570 rum
221 3511 381 3584 opinionum
393 3512 455 3568 labe
469 3520 585 3585 purgata
599 3519 732 3570 teneatur.
748 3513 783 3568 Ει
797 3513 945 3586 quomodo·
993 3516 1073 3586 lines,
1085 3517 1178 3592 dirigit
1189 3518 1301 3589 justum,
1315 3526 1342 3575 at
1357 3533 1412 3575 non
1426 3517 1515 3575 solum
1525 3517 1627 3592 dirigit,
1644 3517 1792 3574 sedetiam

146 3600 213 3658 libet
227 3599 271 3658 hio
284 3599 363 3658 locus
376 3607 539 3672 exponatur,
554 3601 748 3659 convenienter
764 3602 906 3674 sequitur:
992 3605 1121 3675 adiuvat:
1137 3606 1210 3663 unde
1228 3607 1328 3662 subdit.

179 3691 316 3748 Domimta
326 3689 440 3762 judicat
451 3689 578 3763 populos.
594 3688 741 3764 [Cassiod]
764 3690 852 3746 Tertia
865 3705 941 3762 pars,
1030 3695 1117 3752 Vnus.
1131 3697 1174 3751 ll.
1185 3718 1244 3740 -‹
1260 3697 1368 3752 lustum
1391 3694 1554 3765 adiutorium
1582 3711 1672 3751 meum
1693 3709 1709 3750 a
1732 3694 1793 3752 Do·

145 3775 192 3834 ubi
207 3777 299 3850 agitur
313 3777 459 3848 dejudicio
472 3778 604 3851 regressi,
622 3778 650 3834 id
671 3785 713 3836 est
736 3777 845 3844 Christi,
868 3778 944 3848 cujus
996 3782 1106 3850 «mino,
1123 3783 1168 3856 qni
1183 3783 1274 3840 salvos
1288 3783 1353 3841 lacit
1364 3791 1453 3840 rectos
1476 3775 1594 3840 cordes„

144 3866 283 3940 regressio
292 3866 474 3939 multipliciter
484 3882 568 3939 supra
575 3867 699 3939 exposita
716 3873 767 3924 εει.
776 3866 870 3939 [Aug]
882 3869 945 3923 Post
1029 3873 1143 3930 luctam
1157 3880 1198 3928 est
1216 3865 1391 3945 adjutor-iuba
1409 3889 1537 3929 mama
1554 3873 1681 3930 Domino.
1697 3872 1793 3946 [Aug]

144 3970 226 4027 quom
240 3956 274 4011 de
286 3955 388 4025 judicio
403 3970 526 4029 congrue
540 3956 640 4012 subdit.
666 3957 732 4013 Post
753 3955 944 4013 ascensionem
994 3960 1059 4017 ldeo
1070 3960 1182 4030 iustum,
1203 3960 1267 4034 quia
1278 3961 1335 4031 iam
1345 3961 1420 4031 justo
1433 3960 1569 4017 tribuitur.
1595 3961 1630 4016 Et
1648 3968 1690 4018 est
1712 3962 1794 4035 quasi

145 4057 262 4116 namque
276 4042 303 4098 in
318 4043 427 4112 coelum,
444 4059 505 4117 quae
528 4043 668 4115 regressio
692 4044 834 4118 accipitur,
848 4053 943 4117 aperte
994 4049 1139 4117 medicina,
1153 4065 1213 4122 quac
1229 4057 1316 4106 servat
1330 4050 1467 4107 salutern:
1483 4049 1571 4106 altera
1594 4057 1645 4120 est,
1662 4065 1724 4123 quae
1746 4049 1793 4105 la·

145 4128 237 4186 subdit
251 4130 286 4186 de
297 4130 409 4199 judicio,
435 4131 500 4203 quia
522 4130 586 4187 inde
604 4139 735 4188 venturus
759 4140 801 4189 est
820 4132 943 4203 iudicare
994 4137 1040 4195 cit.
1054 4137 1114 4194 Duo
1130 4137 1202 4194 enim
1217 4144 1280 4194 sunt
1303 4137 1388 4195 officie
1410 4138 1562 4205 medicine,
1587 4137 1692 4196 scilicet
1713 4153 1792 4196 mor-

145 4217 223 4274 viros
237 4224 418 4288 etmortuos3
442 4219 486 4276 vel
508 4234 570 4276 cunr
599 4227 745 4291 peccantes
776 4220 943 4276 christianos
994 4226 1059 4282 burn
1083 4241 1192 4294 sonare,
1227 4232 1253 4283 et
1289 4225 1434 4284 sanitatem
1467 4225 1615 4294 custodire,
1640 4227 1794 4284 secundum

144 4305 253 4362 deseret
282 4306 461 4379 intelligentia
484 4307 615 4376 veritatis,
636 4323 696 4380 quae
718 4307 782 4364 item
806 4309 944 4382 regressio
994 4314 1113 4387 primunr
1141 4313 1258 4371 officium
1286 4314 1352 4370 dixit
1374 4315 1403 4371 in
1427 4314 1481 4371 alin
1507 4313 1633 4387 psalmo:
1656 4316 1793 4386 lnfimus

144 4392 253 4464 dicitur,
280 4394 430 4451 secundum
451 4394 532 4452 oliam
552 4395 734 4467 sententiam,
759 4395 850 4453 reniet
869 4396 942 4466 judi·
956 4391 1067 4470 Deum,
1083 4418 1164 4469 racc,
1181 4409 1236 4460 etc.
1258 4403 1345 4473 (Paci.
1363 4403 1423 4475 v1);
1436 4403 1513 4474 juxta
1526 4402 1642 4460 alterurn
1666 4402 1731 4460 dicit
1746 4403 1794 4460 bic

143 4497 215 4552 care,
236 4481 315 4554 quasi
337 4483 420 4551 dicat,
445 4483 499 4540 dixi
525 4484 682 4556 regredere,
705 4491 733 4541 et
753 4492 816 4556 post
835 4500 944 4557 regres-
994 4489 1140 4563 perlectns,
1153 4491 1462 4564 lcatcmodjatoricm
1483 4483 1587 4548 stelit
1608 4490 1654 4547 illa
1677 4491 1794 4548 enimet

145 4569 251 4626 sionem
264 4565 412 4628 .Dominus
430 4571 553 4641 judicat,
576 4572 620 4630 val
636 4571 768 4642 judicabit
804 4572 941 4646 populos:
994 4579 1047 4634 ista
1060 4577 1195 4635 medicina
1211 4578 1302 4636 salvos
1313 4579 1394 4648 lacit;
1411 4580 1460 4638 sed
1474 4579 1519 4637 illa
1533 4596 1568 4637 ex
1582 4579 1742 4653 egritudine
1755 4579 1793 4636 ad

146 4657 220 4733 <1¹¹⁰d
231 4658 363 4728 iudicium
377 4675 432 4716 110ss
447 4659 701 4734 iimesssperfesslusr
714 4661 796 4718 audet
810 4676 902 4718 orere.
995 4668 1111 4724 salutem
1132 4665 1268 4734 transient,
1304 4668 1362 4726 baso
1384 4668 1412 4724 in
1434 4667 1495 4741 ipsa
1517 4668 1602 4724 salute
1626 4675 1791 4734 conseruat3

181 4745 264 4803 Vens.
282 4752 308 4802 s.
328 4769 383 4799 -ι
398 4748 496 4806 Judioa
511 4765 565 4816 me,
582 4749 711 4817 Domine,
734 4751 883 4806 secundum
895 4751 943 4820 ju·
994 4755 1049 4826 illa,
1066 4755 1100 4810 ad
1116 4755 1242 4810 morbum
1256 4756 1427 4814 evadendum
1451 4757 1615 4827 remedium,
1626 4757 1686 4814 haec
1702 4763 1793 4812 sutem

143 4835 275 4891 ustitiam
289 4851 388 4905 meam,
411 4844 439 4892 ει
470 4837 620 4894 secundum
652 4837 836 4894 innocentium
854 4855 943 4895 meam
993 4859 1028 4899 ne
1040 4843 1068 4898 in
1080 4843 1206 4899 morbum
1221 4844 1324 4912 redeat,
1339 4845 1383 4902 vel
1402 4845 1516 4912 recidat,
1540 4845 1700 4912 remedium,
1716 4860 1793 4917 prra-

148 4940 248 4996 lsuper
269 4941 321 4982 me.
345 4949 356 4974 l
994 4940 1065 5000 stnt;
1080 4932 1126 4988 illa
1140 4948 1269 4988 sanamur
1280 4931 1391 5001 infirmi,
1405 4934 1458 4991 bac
1481 4933 1649 4992 custodimur
1672 4933 1742 4989 sani.
1756 4933 1793 4989 Ει

181 5022 280 5079 ludica
296 5040 356 5091 naa,
372 5023 497 5093 Domine,
514 5025 669 5082 secandum
682 5025 827 5096 justitiam
850 5041 943 5082 mecm
993 5029 1056 5078 nota
1071 5019 1144 5094 quod
1157 5020 1203 5085 eit,
1217 5025 1308 5078 rectos
1324 5023 1414 5091 corde,
1430 5038 1483 5080 nec
1497 5023 1618 5095 adjunxit
1629 5029 1656 5078 et
1668 5020 1790 5090 renibus,

143 5109 254 5182 [Rem.]‚
271 5127 333 5182 quae
347 5119 388 5176 est
411 5113 536 5169 inbonis
560 5112 701 5170 faciendis.
726 5115 762 5170 Et
785 5115 942 5171 secundum,
994 5110 1056 5181 quia
1075 5109 1122 5165 ubi
1151 5117 1193 5166 esi
1221 5125 1278 5178 εει,
1306 5109 1344 5166 ibi
1370 5109 1452 5168 etiam
1474 5117 1517 5167 esi
1539 5110 1700 5179 delectatio,
1728 5125 1793 5165 oum

145 5199 342 5254 innocentiam
377 5217 480 5272 mecm,
513 5201 575 5274 quia
598 5201 658 5258 sine
681 5201 760 5257 malis
783 5219 853 5271 sum,
880 5203 943 5276 quia
994 5205 1095 5254 aeterna
1110 5199 1272 5271 cogitantur,
1287 5199 1389 5271 etquis
1409 5199 1554 5256 delectatio
1583 5197 1647 5255 boni
1675 5213 1730 5254 non
1754 5199 1790 5253 ad

143 5300 199 5341 non
230 5283 337 5341 reddidi
371 5289 578 5346 retribuentibus
595 5289 661 5345 mibi
674 5287 757 5346 mala.
785 5290 878 5365 [nug]
909 5291 944 5346 lit
993 5301 1081 5353 renes,
1099 5287 1196 5344 sedad
1211 5303 1259 5344 cor
1277 5287 1403 5359 pertinet.

145 5381 209 5429 nom
233 5373 296 5446 quia
321 5374 456 5446 poenitens
479 5393 561 5450 supra
579 5378 607 5432 in
633 5379 812 5450 poenitentiali
835 5380 942 5452 psalmo
1030 5375 1102 5431 Pers
1114 5389 1153 5433 tv.
1166 5377 1252 5434 Vasa.
1268 5380 1370 5434 ιι-ι
1386 5377 1460 5434 Deus
1476 5377 1558 5447 juder
1578 5376 1678 5446 iustus,
1699 5374 1789 5442 sortis,

138 5461 252 5522 aiebat:
268 5463 382 5522 Salvum
392 5451 491 5536 mefac
506 5469 853 5542 proptermirerc'cordicm
864 5473 943 5526 taam
995 5485 1006 5512 ι
1023 5470 1050 5520 ει
1062 5463 1167 5536 patiens
1179 5465 1302 5539 nunquid
1325 5465 1451 5525 irascitur
1463 5482 1515 5540 per
1533 5465 1657 5542 singulos
1681 5464 1790 5522 diest»
