3906 6056
151 101 224 174 nsi
815 109 918 166 raam
945 106 1135 166 somnam.
1169 67 1182 149 ἶ
1734 115 1808 170 uss

151 241 225 296 ditur
235 237 340 309 justitia
354 236 427 294 circa
441 249 489 293 eos
504 235 549 310 qui
563 233 665 292 habent
678 242 786 307 tempus
804 233 947 306 operandi.
959 223 986 298 ¹A
999 239 1061 292 stro
1073 236 1181 309 scripto
1194 239 1263 292 rent
1276 237 1308 292 tn
1323 237 1391 293 corto
1406 235 1484 309 (loc.
1500 239 1542 308 x),
1556 244 1583 293 et
1603 243 1666 309 post
1680 235 1812 294 abierunt

157 331 189 386 lit
204 326 375 384 ostenderet.
387 325 472 395 Quasi
481 325 553 382 dicat
564 342 571 381 :
582 325 624 380 nd
634 324 686 381 hoc
698 324 799 397 patitur
809 325 883 379 Deus
893 338 951 378 ma·
1003 331 1087 380 retro.
1104 324 1158 380 Sed
1168 325 1263 381 bocde
1272 323 1452 380 eisDominus
1463 325 1539 394 dixit,
1552 325 1810 397 propterjustitiam

152 415 204 482 los,
230 422 256 470 ει
278 414 456 486 preostendit
479 414 519 470 eis
542 414 622 479 iram,
638 422 664 469 et
678 412 713 468 ad
727 411 850 468 notitiam
875 427 953 466 suam
1003 411 1047 468 cui
1060 412 1258 480 deserviebant,
1281 413 1345 486 quia
1361 415 1412 469 boc
1427 422 1468 469 εει
1487 414 1590 482 justum
1605 421 1633 468 ut
1655 414 1807 486 unicuique

76 525 85 540 =
151 503 274 571 attrabit,
293 510 322 558 ut
336 503 376 560 sic
400 501 602 558 ostenderetis
617 518 682 558 vora
697 501 908 566 misericordie,
924 499 952 554 id
1003 501 1166 572 respondeat
1188 517 1237 573 pro
1259 501 1367 558 merito.
1388 503 1429 558 Ac
1444 501 1466 556 si
1489 501 1613 558 diceret:
1630 501 1712 576 Digni
1737 502 1808 557 estis

150 597 192 647 est
204 590 299 648 electis
308 607 359 662 per
367 590 592 654 misericordiam,
603 590 717 647 divitias
730 590 827 662 glorie
841 605 909 656 sae,
925 587 953 642 id
1002 605 1074 645 nunc
1089 589 1144 646 vita
1160 591 1346 663 aeterneque
1361 597 1440 646 erant
1456 589 1530 646 boni.
1547 590 1714 662 Frequenter
1728 590 1806 645 enim

151 686 193 735 est
208 694 291 751 quam
306 679 383 735 dives
398 686 520 750 atquem
542 694 641 752 magna
656 679 690 733 sit
703 677 823 751 gloriosa
844 675 952 730 miseri·
1002 685 1063 733 ante
1079 685 1141 732 sunt
1154 677 1230 744 mali,
1252 679 1299 750 qui
1323 677 1406 734 laturi
1429 685 1492 734 sunt
1515 677 1579 734 boni
1591 697 1599 745 ;
1613 686 1641 733 et
1654 677 1807 750 aliquoties

155 767 249 824 cordia
263 783 322 823 sua.
339 767 381 824 Ob
396 768 448 823 boc
462 767 536 822 enim
551 766 598 822 dat
610 774 647 821 tot
660 766 732 821 bona
747 764 835 832 malis,
851 771 878 820 et
894 771 952 818 tan·
1001 765 1078 836 prius
1108 773 1168 821 sunt
1197 765 1271 833 boni,
1301 766 1347 839 qui
1376 765 1457 822 futuri
1488 773 1551 821 sunt
1578 773 1604 821 ει
1631 765 1807 837 permansuri

154 855 201 911 diu
216 871 265 911 eos
285 854 393 922 tolerat,
409 863 437 910 ut
451 855 594 911 convincat
617 870 664 911 eos
675 855 748 924 juste
769 852 910 918 damnari;
926 858 952 907 ει
1002 853 1079 909 mali.
1098 853 1179 909 Tales
1193 861 1269 909 erant
1290 853 1339 921 illi,
1355 862 1383 910 et
1396 854 1459 910 ideo
1480 853 1592 910 nomina
1615 859 1806 909 commorant

153 952 181 1000 ut
196 943 291 1000 fideles
307 944 395 1017 magis
410 960 472 999 eum
487 943 608 1015 diligam,
625 943 723 1014 quibus
743 942 859 1016 gratiam
874 939 953 996 malis
1002 941 1102 1013 scripta
1118 942 1145 996 in
1161 941 1230 998 coelo
1243 949 1356 1015 propter
1375 943 1516 1012 J'ustitiam,
1533 941 1576 998 cui
1591 938 1783 998 deserviebant
1796 961 1804 1008 ;

156 1049 211 1088 non
228 1048 401 1089 communem
412 1033 470 1103 ipse
480 1031 665 1089 conservavit.
684 1029 731 1086 Vel
738 1030 894 1086 ostenderet
908 1029 952 1086 bic
1002 1031 1150 1088 secuudum
1164 1047 1231 1087 vero
1254 1031 1461 1104 prescientiam,
1478 1031 1506 1086 in
1520 1046 1634 1087 numero
1648 1038 1727 1086 erant
1740 1047 1806 1084 me-

153 1137 220 1177 vasa
229 1121 433 1189 misericordie,
441 1120 515 1176 idest
523 1121 551 1174 in
559 1120 660 1186 electis,
668 1119 775 1174 divitias
782 1118 949 1192 gloriesue,
1001 1118 1103 1173 lorum.
1122 1120 1162 1175 De
1173 1119 1278 1189 justitia
1304 1119 1377 1176 enim
1388 1119 1494 1189 judicat
1508 1120 1591 1186 Deus,
1606 1133 1661 1175 non
1676 1117 1710 1175 de
1726 1135 1804 1190 prae-

153 1210 181 1264 id
197 1216 237 1265 est
256 1209 395 1280 copiosam
413 1217 439 1264 et
453 1209 601 1281 gloriosam
625 1206 839 1264 misericordiam
863 1222 948 1272 suem,
1001 1206 1132 1274 scientia,
1158 1207 1220 1279 quia
1244 1207 1346 1277 justitia
1373 1223 1429 1262 non
1450 1207 1500 1262 Dei
1523 1205 1694 1279 prescientia
1717 1221 1805 1262 εεεεε

152 1297 347 1368 parlornacem
354 1297 634 1369 tribulationis,quem
642 1296 782 1352 tolerante
792 1294 880 1361 malis,
888 1294 951 1366 quia
1001 1303 1043 1350 est
1058 1311 1141 1367 qnare
1166 1296 1238 1367 apud
1260 1296 1348 1351 Deum
1362 1295 1462 1368 aliquis
1477 1295 1577 1368 dignus
1592 1296 1626 1351 sit
1640 1295 1705 1350 vita.
1722 1295 1804 1352 Unde

152 1385 357 1458 quantomagis
380 1385 597 1441 tribulationibus
619 1393 789 1451 exercentur,
815 1391 888 1438 ιεειο
902 1399 951 1454 pu·
1001 1391 1027 1440 ct
1035 1384 1103 1439 licei
1113 1383 1178 1440 dicit
1190 1385 1236 1440 :Si
1245 1386 1307 1458 puis
1315 1386 1474 1458 peccauerit
1482 1387 1551 1440 ante
1560 1401 1613 1449 me,
1630 1384 1724 1441 delebo
1735 1399 1804 1440 eam

153 1474 242 1530 riores
257 1481 283 1530 ct
303 1474 432 1530 meliores
455 1475 543 1546 gratia
565 1474 617 1530 Dei
638 1481 766 1544 operante
788 1472 949 1527 redduntur.
1000 1473 1034 1528 de
1050 1472 1118 1528 libro
1133 1473 1198 1528 vite
1212 1473 1312 1542 (licead.
1329 1475 1423 1542 xxxn)
1437 1491 1445 1539 ς
1460 1479 1489 1527 ει
1504 1472 1653 1528 secundum
1669 1471 1804 1541 justinam

152 1562 202 1619 Vel
216 1563 251 1619 de
266 1562 355 1619 futuro
378 1570 467 1634 potest
480 1563 535 1636 legi
549 1562 588 1617 sic
607 1563 680 1634 quod
695 1561 719 1616 si
733 1559 838 1617 volens.
864 1559 986 1651 QuasiB
999 1560 1098 1631 judicis
1112 1560 1239 1617 videatur
1257 1561 1343 1618 deleri
1358 1576 1419 1618 cum
1433 1568 1537 1633 peccat,
1560 1561 1637 1630 juxta
1650 1561 1800 1632 prescien-

152 1650 225 1707 dicat
238 1667 243 1705 :
257 1653 319 1707 Non
334 1660 407 1707 esset
421 1651 530 1723 iniquus
545 1652 628 1720 Deus,
639 1651 721 1706 etiam
737 1649 759 1704 si
770 1649 808 1704 nil
820 1648 885 1703 boni
898 1648 948 1704 da·
1000 1650 1064 1704 tiam
1086 1657 1178 1706 tamen
1198 1649 1226 1705 in
1250 1650 1319 1706 libro
1346 1649 1409 1706 vite
1433 1665 1571 1722 nunquam
1599 1647 1697 1705 luerat.
1721 1649 1804 1706 Unde

152 1748 206 1795 ret.
227 1740 282 1795 Sed
297 1740 361 1812 quid
384 1739 469 1806 dices,
487 1739 509 1794 si
532 1740 613 1795 etiam
628 1739 700 1794 bona
724 1738 808 1805 dedit,
826 1745 853 1793 ει
875 1737 950 1792 dedit
972 1755 978 1764 ·
998 1738 1117 1794 Joannes
1132 1738 1170 1795 ait
1185 1755 1192 1794 τ
1208 1740 1252 1795 Ee
1266 1739 1345 1794 nobis
1365 1740 1510 1808 exierant,
1527 1738 1577 1794 aed
1595 1753 1633 1793 oe
1647 1739 1726 1794 nobis
1741 1755 1802 1794 reon

152 1827 246 1900 utique
260 1829 323 1900 quia
337 1830 436 1885 beust
450 1828 580 1884 Sustinuit
595 1828 621 1882 in
643 1827 726 1882 multa
740 1826 870 1897 patientia
884 1840 950 1881 vase
999 1829 1083 1882 erant
1095 1828 1185 1898 (toea.
1203 1828 1244 1898 u).
1260 1827 1421 1904 Econtrario
1434 1841 1500 1882 vero
1511 1833 1574 1882 tunc
1584 1825 1682 1898 aliquis
1692 1825 1804 1882 videbar

151 1915 199 1971 ire
210 1917 309 1986 eptein
328 1917 477 1982 interitum,
489 1916 516 1971 id
531 1924 572 1971 est
588 1915 674 1970 melos
692 1930 760 1986 quos
780 1930 840 1970 curn
856 1921 949 1985 posset
999 1915 1109 1981 ascribi,
1130 1930 1191 1971 cum
1206 1914 1295 1970 malua
1317 1931 1380 1971 esse
1394 1914 1503 1980 desinit,
1521 1915 1566 1986 qui
1582 1921 1674 1969 tamen
1698 1929 1803 1969 secun-

148 2002 274 2072 judicare
299 2003 399 2070 statim,
415 2004 460 2058 diu
485 2003 610 2059 sustinuit
624 2010 652 2059 ut
667 2002 797 2074 conqueri
816 2017 871 2057 non
885 2017 948 2072 pos·
999 2004 1064 2058 dum
1083 2004 1281 2074 prescientiam
1305 2019 1442 2075 nunquam
1465 2001 1560 2058 deluit.
1576 2003 1644 2058 Cum
1667 2001 1803 2076 igiturex

151 2091 205 2146 sint
220 2091 349 2147 damnati.
367 2091 549 2166 [Ambrosius]
564 2092 629 2147 ldeo
644 2107 710 2163 ergo
725 2091 873 2162 exspectati
887 2097 949 2145 sunt
998 2091 1117 2164 gratuita
1131 2091 1317 2148 misericordia
1339 2097 1458 2163 apponet
1480 2090 1594 2164 gretiam
1615 2090 1714 2162 quibus
1728 2089 1800 2158 vult,

151 2187 181 2236 ut
196 2179 395 2236 inexcusabiles
410 2181 577 2252 deperirent,
590 2196 660 2252 quos
674 2179 809 2252 prescivit
823 2194 878 2234 non
892 2186 950 2234 cre·
999 2189 1026 2236 et
1041 2180 1138 2236 liberet
1161 2195 1230 2252 quos
1252 2180 1319 2246 vult,
1338 2179 1482 2235 manifeste
1505 2179 1659 2235 ostenditur
1680 2178 1759 2234 dives
1773 2185 1804 2234 ει

150 2269 265 2325 diturus.
284 2269 357 2325 Deus
373 2269 434 2326 dico
448 2269 709 2335 volensostendere,
725 2269 753 2323 in
768 2266 864 2333 loturo,
881 2267 949 2322 iram
999 2269 1119 2343 gloriose
1147 2268 1254 2324 bonitas
1282 2268 1339 2339 ejus
1367 2268 1396 2323 in
1421 2283 1487 2325 vasa
1510 2268 1713 2333 misericordie,
1737 2285 1801 2340 puoe

151 2373 238 2424 snam,
254 2358 283 2412 id
298 2367 339 2413 est
352 2373 461 2430 penam
470 2366 608 2424 eternam,
625 2358 653 2412 iu
667 2357 779 2428 perditis
794 2371 864 2428 quos
879 2356 949 2412 male
996 2359 1177 2431 preparabit,
1204 2356 1327 2413 similiter
1349 2356 1543 2428 exspectando,
1564 2356 1633 2413 sicut
1657 2363 1801 2427 exspectet

150 2461 216 2502 usos
237 2446 366 2518 patientia
390 2463 437 2502 sue
455 2447 619 2503 eternaliter
641 2445 796 2512 damnabit;
812 2453 837 2501 et
854 2445 950 2502 volens
999 2461 1066 2501 vasa
1080 2447 1137 2501 ire.
1152 2443 1342 2518 [Augustinus]
1356 2444 1519 2516 preparavit
1543 2444 1615 2514 dico,
1631 2445 1799 2516 ingloriam

60 2580 61 2584 ,
152 2533 241 2591 lacere
265 2543 357 2591 notam
380 2537 527 2606 potentiam
560 2551 635 2590 suam
658 2535 685 2590 in
710 2534 854 2600 salvandis,
880 2549 950 2604 quos
999 2538 1139 2607 feturam.
1158 2533 1260 2590 Omnes
1283 2533 1354 2590 enirn
1378 2533 1494 2589 sustinet
1516 2534 1600 2599 Deus,
1626 2535 1716 2589 scieas
1738 2533 1799 2588 exi·

150 2630 215 2679 tunc
243 2623 424 2694 glorificabit,
454 2640 515 2681 curn
545 2624 690 2680 vindictam
724 2621 864 2696 sanguinis
899 2637 949 2678 eo·
999 2631 1043 2678 tus
1057 2623 1239 2696 singulorum,
1255 2630 1282 2678 et
1297 2621 1481 2694 utiquebonis
1495 2621 1608 2692 prodest
1623 2621 1696 2693 quod
1710 2621 1800 2677 muca

150 2727 212 2766 rum
226 2727 309 2782 super
322 2712 408 2767 malos
423 2711 567 2779 exercebit,
585 2711 707 2783 quicum
723 2719 785 2766 ante
801 2717 948 2782 putaretur,
1000 2719 1147 2783 exspectat.

148 2814 204 2855 non
222 2800 392 2869 judicaturus
424 2799 488 2872 quia
509 2799 556 2854 diu
583 2798 781 2865 dissimulavit,
801 2797 949 2868 judicando
1035 2801 1120 2857 Vena.
1144 2801 1239 2858 il-ld.
1255 2819 1317 2847 -v
1338 2797 1414 2869 Quos
1436 2805 1463 2854 et
1484 2797 1602 2864 vocavit,
1632 2813 1688 2854 non
1710 2797 1798 2853 solnm

148 2894 245 2960 potens
259 2887 402 2944 videbitur.
417 2889 453 2945 Ut
467 2886 633 2954 ostenderet,
646 2887 724 2958 quasi
739 2886 810 2942 dicat
822 2901 829 2940 t
840 2886 877 2941 ita
891 2901 950 2941 mo·
1001 2913 1013 2938 a
1031 2905 1064 2945 ex
1086 2888 1197 2955 iudeis,
1214 2887 1264 2944 sed
1285 2887 1366 2944 etiam
1390 2903 1423 2942 ex
1439 2887 1575 2959 gentibus,
1591 2885 1660 2943 sicul
1682 2886 1710 2942 in
1724 2885 1799 2943 Οεεε

147 2978 184 3032 do
199 2975 325 3032 sustinuit
348 2991 413 3032 vasa
427 2976 486 3043 ire,
501 2982 531 3030 ει
544 2975 573 3030 in
587 2974 676 3031 futuro
692 2975 793 3032 seculo
816 2948 983 3031 ostende·O
1000 2999 1011 3029 r
1029 2977 1094 3034 dicit
1110 2993 1117 3032 ι
1133 2976 1243 3034 vocabo
1257 2992 1312 3032 non
1328 2975 1436 3048 plebem
1447 2991 1547 3046 meam,
1564 2975 1673 3047 plebem
1687 2991 1798 3043 meam;

149 3073 200 3137 ret,
216 3082 266 3137 per
291 3065 524 3136 comparationem
545 3064 736 3135 reproborum,
763 3064 871 3120 invasa
894 3064 947 3119 mi·
999 3087 1012 3118 ι
1029 3075 1055 3122 ει
1070 3081 1124 3122 non
1139 3065 1274 3131 dilectam,
1301 3064 1445 3131 dilectam;
1461 3071 1488 3120 et
1507 3079 1562 3120 non
1581 3063 1799 3120 misericordiam

147 3154 313 3220 sericordie‚
331 3153 358 3209 id
373 3161 414 3210 εει
430 3153 523 3210 electis
538 3169 588 3224 per
602 3152 947 3220 misericordiam,divitias
999 3177 1010 3204 a
1028 3161 1211 3222 consecutam,
1236 3152 1455 3210 misericordiam
1479 3160 1662 3209 consecutam.
1687 3153 1721 3208 Et
1746 3152 1800 3208 erit

148 3259 223 3313 suas,
239 3241 324 3298 idest
347 3242 487 3313 copiosam
508 3249 535 3296 ει
558 3240 705 3313 gloriosam
731 3240 947 3296 misericordiam
999 3242 1055 3297 «in
1068 3242 1129 3300 loco
1152 3242 1198 3297 ubi
1214 3241 1316 3298 dictum
1339 3249 1380 3297 est
1394 3241 1434 3298 cis
1451 3241 1533 3298 :Non
1556 3241 1634 3312 plebs
1654 3256 1715 3296 mea
1736 3255 1797 3310 voe,

148 3346 238 3386 suam.
259 3329 386 3386 Ostendit
400 3330 472 3397 enim
487 3337 618 3401 quantum
633 3329 696 3385 lecit
705 3329 746 3384 eis
761 3345 831 3400 quos
845 3328 947 3384 libera·
1000 3352 1011 3382 r
1026 3331 1064 3386 ibi
1078 3331 1247 3387 vocabuntur
1261 3329 1309 3386 lilii
1323 3330 1373 3387 Dei
1388 3329 1453 3386 vivi.
1473 3353 1484 3378 a
1512 3357 1520 3367 ·

146 3418 185 3474 vit
200 3427 226 3474 et
239 3417 411 3490 glorificavit,
428 3433 489 3474 cum
503 3417 542 3472 illi
556 3432 625 3488 quos
640 3417 762 3472 deseruit
776 3433 883 3487 penam
899 3417 948 3472 ha·
1034 3419 1105 3487 Quos
1129 3423 1158 3475 et
1181 3421 1300 3475 oocanr't.
1317 3419 1383 3474 Cum
1399 3425 1539 3472 ostensum
1554 3415 1589 3471 sit
1604 3415 1677 3489 quod
1690 3431 1723 3473 ea
1739 3415 1798 3471 sola

146 3507 222 3575 beat,
239 3523 300 3578 que
314 3506 414 3577 pariter
430 3505 556 3561 omnibus
574 3505 736 3572 debebatur,
752 3505 823 3560 Nota
838 3504 900 3576 quia
914 3520 948 3560 ex
997 3508 1082 3582 gretia
1097 3506 1150 3562 sint
1165 3505 1221 3573 lilii,
1237 3506 1331 3578 incipit
1345 3506 1462 3578 probare
1476 3521 1526 3577 per
1545 3505 1719 3561 auctoritates
1733 3518 1798 3576 pro·

146 3594 240 3652 verbis
254 3594 379 3666 Apostoli
394 3593 493 3665 quibus
507 3609 572 3648 usus
585 3601 626 3648 est
641 3593 669 3648 in
686 3595 738 3650 boc
752 3608 887 3660 sermone,
903 3592 947 3647 di·
996 3598 1137 3669 phetarum
1158 3595 1229 3667 quod
1243 3594 1272 3649 hi
1296 3601 1358 3649 sunt
1383 3611 1416 3650 ex
1438 3601 1552 3666 utroque
1575 3594 1687 3665 populo.
1711 3591 1799 3662 Quasi

148 3699 214 3740 cena
232 3699 238 3738 :
253 3682 339 3739 Jacob
349 3681 433 3755 gratis
443 3680 571 3738 dilectum
584 3689 611 3737 ει
620 3682 737 3738 ειεειειε
752 3698 767 3737 a
781 3682 839 3737 1)εο
852 3699 859 3748 ;
876 3682 947 3736 Esau
997 3683 1068 3739 dicet
1084 3699 1090 3738 :
1107 3683 1171 3739 lllos
1197 3683 1243 3754 qui
1257 3689 1320 3737 sunt
1334 3697 1400 3738 vasa
1420 3681 1616 3739 misericordie
1638 3681 1799 3752 preparavit

148 3779 235 3829 autern
263 3770 366 3840 judicio
395 3769 571 3841 reprobatum
611 3769 679 3825 sicut
716 3770 898 3836 Pharaonem,
920 3778 949 3825 ει
996 3772 1025 3827 in
1039 3771 1165 3845 gloriam.
1181 3771 1257 3842 (tot)
1273 3768 1348 3839 Quos
1362 3776 1389 3826 ει
1402 3769 1520 3836 vocavit,
1536 3785 1586 3841 per
1599 3769 1798 3840 predicatores

149 3859 219 3917 alios
240 3874 308 3931 quos
331 3857 467 3914 voluntate
481 3874 531 3914 sua
550 3859 625 3914 Deus
648 3858 772 3925 obdumt,
797 3857 949 3914 ostenditur
997 3869 1024 3917 ει
1036 3860 1161 3926 interius,
1178 3875 1240 3916 cum
1255 3859 1309 3914 sint
1324 3875 1357 3915 ex
1372 3873 1427 3915 una
1445 3873 1537 3914 massa
1560 3857 1636 3924 nde,
1653 3857 1687 3914 de
1701 3872 1755 3929 qua
1769 3865 1798 3913 et

148 3947 356 4020 quodquidam
386 3953 461 4014 aunt,
492 3947 591 4019 quibus
617 3963 669 4003 nec
696 3947 813 4020 gratiam
838 3945 948 4018 apponit
996 3948 1059 4004 meli
1073 3947 1119 4020 qui
1143 3955 1205 4003 sunt
1219 3963 1286 4003 vasa
1311 3947 1358 4002 irae
1378 3947 1421 4004 cui
1444 3945 1538 4002 debita
1560 3952 1620 4002 erat
1639 3945 1793 4002 damnatio.

147 4038 231 4103 Deus,
253 4043 283 4091 ut
305 4037 380 4091 Esau
394 4041 421 4090 ει
443 4035 588 4098 Pharaoni,
615 4051 676 4091 cum
701 4034 761 4090 aliis
783 4034 863 4091 inlert
886 4050 948 4090 eam
995 4039 1064 4093 Tota
1078 4036 1179 4108 quippe
1194 4035 1245 4090 ista
1263 4034 1439 4103 maasajuste
1455 4033 1637 4090 damnationis
1660 4032 1797 4104 reciperet

147 4123 224 4196 quasi
248 4123 350 4180 coactis
365 4130 394 4176 ut
408 4122 532 4193 apostolo
555 4123 647 4178 Paulo.
664 4122 846 4196 [Ambrosius]
862 4125 891 4178 lu
905 4123 948 4178 bis
996 4124 1128 4190 debitum,
1144 4123 1198 4179 nisi
1221 4139 1255 4179 ex
1270 4139 1301 4178 ee
1314 4123 1416 4179 laceret
1437 4137 1492 4178 non
1514 4121 1602 4178 solum
1623 4121 1720 4190 justus,
1746 4121 1798 4176 scd

146 4220 237 4267 autern
251 4209 342 4267 causis
352 4209 523 4281 prescientia
538 4209 587 4266 Dei
597 4210 747 4282 llagitanda
759 4217 800 4266 est
814 4211 879 4284 quia
892 4225 947 4266 non
996 4213 1077 4269 etiam
1091 4211 1247 4268 misericors
1275 4210 1373 4283 figulus
1386 4210 1438 4267 alia
1461 4225 1527 4266 vase
1541 4211 1570 4265 in
1592 4211 1723 4265 bonorem
1749 4223 1798 4264 se·

39 4325 44 4334 ,
148 4299 224 4354 aliter
237 4299 328 4354 evenit
343 4313 423 4369 quam
437 4296 556 4352 loturum
579 4299 662 4354 novit.
679 4299 852 4357 Praescientia
875 4299 947 4354 enim
961 4300 1115 4362 Dcundum
1136 4299 1263 4374 gratiam,
1289 4315 1343 4354 non
1367 4298 1517 4354 secundum
1540 4297 1673 4364 debitum,
1688 4297 1754 4352 dum
1770 4304 1798 4352 et

147 4388 198 4443 Dei
213 4395 254 4443 εει
274 4403 329 4460 qua
349 4385 492 4442 diffinitum
513 4386 604 4454 habet,
627 4387 713 4458 qualis
737 4388 947 4460 uniuscuiusque
997 4389 1117 4461 parvulis
1126 4388 1251 4445 subvenit
1266 4403 1380 4459 quorum
1395 4385 1469 4442 nulla
1482 4387 1579 4442 merita
1592 4385 1648 4442 dici
1661 4393 1796 4456 possunt;

149 4476 242 4532 lutura
266 4477 319 4532 erit
341 4475 478 4543 voluntas,
502 4491 552 4547 per
574 4491 654 4548 quam
669 4483 714 4532 eut
738 4476 879 4532 damnetur
901 4483 947 4532 aut
998 4485 1023 4534 et
1037 4479 1155 4548 majores
1176 4475 1316 4549 prevenit,
1334 4483 1362 4531 ut
1377 4475 1479 4531 habere
1502 4475 1591 4547 aliqua
1605 4474 1675 4529 bona
1698 4473 1799 4528 merita

149 4572 305 4621 coronetur.
322 4565 472 4620 Praesciens
487 4563 579 4637 itaque
593 4565 668 4620 Deus
687 4565 793 4637 aliquos
807 4565 885 4621 male
899 4579 947 4622 vo·
996 4566 1111 4639 possint,
1127 4567 1202 4637 (θοι)
1219 4565 1283 4636 quia
1300 4563 1382 4634 stirpe
1407 4561 1597 4619 inobedientias
1610 4561 1718 4619 ducitur
1730 4575 1797 4632 pro-

147 4652 258 4709 luntatis
281 4652 396 4720 futuros,
423 4668 479 4708 non
502 4653 598 4709 habuit
621 4668 669 4708 eos
684 4652 712 4707 in
725 4668 838 4709 numero
862 4654 947 4709 bono·
996 4671 1068 4728 pego
1094 4654 1197 4726 peccati
1225 4661 1306 4726 atque
1335 4651 1470 4724 supplicii,
1495 4665 1550 4706 non
1579 4650 1734 4707 conditione
1756 4649 1798 4704 di·

149 4757 217 4811 mm,
231 4742 300 4798 sicut
315 4749 341 4796 et
350 4741 385 4796 de
394 4741 569 4812 prescientia
578 4741 748 4797 Pharaonem
763 4741 947 4798 damnandum
997 4744 1070 4810 vina,
1087 4744 1135 4800 sed
1155 4742 1300 4799 voluntatis
1324 4741 1465 4818 iniquitate
1478 4739 1573 4796 vitiata
1595 4747 1693 4794 natura
1705 4751 1798 4810 quea

146 4845 209 4886 esse
224 4829 338 4896 censuit,
355 4829 446 4885 sciens
460 4845 523 4885 eum
538 4845 593 4885 non
608 4845 638 4885 ee
653 4838 847 4902 correcturum,
870 4833 947 4902 Apo-
997 4833 1056 4888 Deo
1070 4839 1112 4888 est
1126 4831 1234 4888 condita
1248 4831 1333 4887 bone.
1353 4829 1382 4886 Si
1397 4843 1465 4902 ergo
1479 4827 1552 4884 male
1563 4827 1657 4884 vivunt
1670 4825 1797 4882 homines

147 4919 245 4975 stolam
259 4934 327 4975 vero
351 4919 462 4974 Paulum
486 4918 569 4990 elegit
591 4918 722 4989 prescius
746 4920 820 4991 quod
843 4919 947 4976 laturus
997 4921 1032 4976 de
1046 4935 1095 4975 auo
1110 4927 1161 4986 est,
1177 4919 1220 4975 vel
1234 4919 1305 4992 quod
1320 4916 1490 4992 originaliter
1498 4923 1648 4982 traxerunt,
1664 4915 1707 4970 vel
1721 4913 1796 4986 qnod

146 5015 220 5064 esset
234 5005 332 5063 fidelis.
349 5007 418 5063 Sunt
432 5013 523 5061 autem
537 5015 564 5062 et
578 5006 623 5061 elii
636 5006 755 5078 quidam,
772 5007 870 5079 quibus
884 5025 948 5082 gre-
996 5008 1109 5079 insuper
1122 5007 1301 5073 addiderunt;
1318 5006 1379 5061 ideo
1398 5020 1454 5061 non
1470 5020 1500 5060 se
1515 5010 1644 5060 excusent
1659 5001 1793 5068 homines,

145 5095 183 5152 tia
197 5096 258 5151 date
271 5102 312 5151 est
326 5095 452 5161 lausum,
467 5101 496 5148 ut
511 5094 594 5163 Sauli,
604 5094 691 5165 lude,
701 5101 727 5151 et
737 5095 791 5150 illia
806 5096 948 5168 discipulis
997 5097 1043 5170 qui
1057 5097 1151 5152 nolunt
1164 5103 1239 5152 recte
1253 5095 1345 5152 vivere
1367 5094 1490 5150 dicantes
1508 5108 1514 5147 :
1531 5091 1602 5163 Quid
1616 5105 1667 5148 nos
1682 5089 1797 5146 lecimus

146 5183 282 5257 quibusin
292 5182 445 5255 Evangelio
455 5182 679 5239 Dominusdixit:
693 5187 762 5242 licre
772 5186 890 5244 nomino
906 5203 947 5243 vc·
997 5185 1070 5258 quod
1083 5183 1219 5246 nosmale
1233 5183 1359 5250 vivimus,
1375 5197 1437 5241 cum
1453 5181 1571 5258 gratiam
1585 5180 1658 5238 unde
1673 5179 1744 5236 benc
1757 5178 1798 5234 vi·

180 5354 249 5427 (sol)
267 5361 414 5427 Αεςεειιεεε
427 5361 457 5416 ad
469 5363 553 5432 Optat.
1031 5355 1101 5428 (³⁰2)
1120 5359 1169 5425 ld,
1182 5357 1214 5410 ed
1226 5357 1332 5410 statuar.
