3906 6056
23 165 24 168 ¹
103 143 170 199 llil
435 142 688 202 coruscarunt
706 145 745 202 IN
758 143 868 202 artat.
893 145 930 202 D.
953 147 1066 205 raott.
1080 179 1115 193 -
1129 150 1167 207 IN
1185 151 1239 208 ΕΡ.
1259 152 1307 208 AD
1326 151 1416 210 hott.
1683 157 1752 214 ttou

21 269 24 304 ³
108 267 256 334 diceretur,
271 283 327 324 non
342 267 440 325 sufficit
452 269 513 325 sola
525 269 649 326 voluntas
663 268 789 338 hominis,
806 269 830 326 si
849 285 904 327 noa
917 271 1043 339 Asnam,
1058 271 1086 328 id
1101 280 1142 330 εει
1156 281 1185 329 ιιι
1203 275 1288 332 multa
1310 278 1389 351 signa
1412 285 1438 334 et
1460 277 1551 353 plagae
1574 277 1752 336 ostenderen-

105 357 142 412 sit
158 365 185 412 ει
199 357 385 414 misericordia
401 356 461 414 Dei.
478 357 527 413 Cui
542 358 639 414 dicitur
661 357 826 429 econtrario,
848 375 902 415 nou
954 361 1038 418 turin
1053 377 1124 417 eum.
1141 362 1191 418 Vel
1206 365 1335 422 suscitavi
1359 373 1394 436 te,
1421 368 1566 424 suscitatus
1591 367 1678 424 dictus
1699 375 1751 434 est,

106 445 207 502 sufficit
221 445 303 502 etiam
317 446 506 502 misericordia
520 447 581 514 Dei,
597 447 620 502 si
643 463 697 502 non
724 447 757 501 εἰι
777 447 903 502 voluntas
954 448 1019 521 quia
1033 465 1095 505 eum
1110 451 1182 522 apud
1196 453 1283 508 Deum
1293 462 1415 509 mortuus
1437 464 1518 524 esset,
1542 455 1681 514 modicum
1709 463 1752 510 ta-

20 541 22 570 ῑ
105 533 244 602 hominis;
260 549 291 590 ac
305 551 356 605 per
369 535 420 590 hoc
435 535 459 590 si
475 543 549 591 recte
562 535 663 592 dictum
678 542 719 590 est
739 533 815 604 illud,
841 535 904 608 quia
954 553 1017 592 men
1040 546 1145 610 tempus
1167 540 1270 612 accepit
1294 541 1364 611 vitre,
1388 551 1415 598 ιιι
1439 543 1467 598 in
1491 559 1524 599 eo
1548 543 1598 600 Dei
1625 544 1752 600 virtutem

104 621 134 676 id
148 621 275 678 voluntas
291 622 408 678 bominis
423 622 480 678 sola
493 638 549 678 non
565 622 670 694 implet,
687 638 737 679 cur
751 639 806 678 non
821 623 903 678 etiarn
953 641 1050 681 omnes
1065 635 1161 699 gentes
1176 628 1358 698 addiscerent,
1376 638 1403 686 et
1418 646 1473 686 non
1487 647 1548 687 esse
1562 631 1645 688 alium
1665 633 1754 690 Deum

20 717 21 748 ἓ
104 725 123 764 ε
137 711 273 767 contrario
288 718 362 768 recte
375 711 474 768 dicitur
489 725 544 766 non
558 711 714 767 miserentis
726 719 768 767 est
784 711 841 777 Dei,
854 711 904 767 sed
953 720 1054 785 praeter
1068 713 1143 769 illum
1158 715 1204 788 qui
1219 717 1372 773 ludaeorum
1387 726 1454 774 erat.

19 805 20 808 ’
102 798 221 854 volentis
235 799 363 865 hominis,
380 798 446 871 quia
459 798 488 854 id
512 798 698 856 misericordia
712 799 762 855 Dei
781 799 904 855 solanon
990 801 1075 857 Vens.
1094 806 1136 858 ιι.
1162 825 1225 856 -ι
1257 805 1332 879 Ergo
1360 805 1437 877 cujus
1465 806 1520 862 vult
1544 805 1698 877 miseretur,
1728 816 1756 864 ει

103 886 209 958 implet.
226 886 364 960 [August]
380 888 474 943 Restat
484 901 551 960 ergo
565 897 593 943 ut
611 887 674 944 ideo
701 895 776 946 recte
804 887 903 944 dictum
958 911 969 939 ι
987 905 1068 962 quem
1082 890 1140 946 vult
1153 891 1273 949 indurat.
1292 913 1304 944 ι

104 974 282 1047 intelligatur,
298 983 327 1030 ut
337 983 423 1032 totum
437 977 496 1032 Deo
509 976 589 1032 detur
604 976 650 1048 qui
666 975 782 1032 hominis
806 975 905 1032 volua-
991 979 1061 1050 lirpo
1085 981 1167 1052 cujus
1198 982 1269 1036 vult.
1288 980 1471 1056 [Ambrosius]
1487 983 1538 1039 llic
1556 981 1694 1040 concludit
1721 983 1756 1039 de

18 1075 19 1086 ¹
103 1071 186 1120 tatem
203 1064 311 1132 bonam,
327 1073 355 1120 et
369 1072 504 1136 praeparat
533 1064 724 1133 adjuvandam,
740 1071 768 1120 et
797 1065 905 1135 adjuvat
955 1072 1081 1138 utroque,
1099 1067 1204 1124 scilicet
1223 1068 1257 1124 de
1277 1069 1466 1126 misericordia
1488 1080 1515 1126 ει
1533 1071 1646 1140 judicio,
1672 1079 1699 1128 at
1722 1067 1777 1127 ιιι·

18 1163 19 1182 ³
105 1161 310 1224 ριιερειειιιιιις
338 1153 476 1208 volentem
489 1153 622 1224 praevenit
635 1161 665 1208 ut
677 1153 751 1220 velit,
768 1153 905 1209 volentem
955 1153 1102 1225 praemissis
1117 1157 1258 1227 exemplis,
1275 1157 1321 1211 ubi
1336 1166 1447 1229 apparet
1462 1159 1579 1230 gratuita¹
1602 1158 1759 1216 misericor-

18 1253 19 1256 ’
107 1241 283 1312 subsequitur
297 1257 332 1297 ne
346 1240 445 1297 trustra
460 1241 535 1297 velit.
551 1241 725 1297 Cumautem
747 1241 797 1297 Dei
820 1241 905 1297 mise·
955 1242 1009 1308 dia,
1026 1251 1052 1298 et
1063 1244 1167 1314 justum
1192 1245 1323 1315 judicium
1351 1245 1442 1301 insert.
1472 1244 1556 1316 Quasi
1585 1245 1757 1315 dicat:Quia

106 1329 253 1385 ricordiam
269 1329 489 1385 commendasset
503 1330 595 1385 verbis
609 1329 756 1400 praedictis,
772 1337 801 1384 ut
824 1331 905 1385 etiam
955 1330 1100 1386 miseretur
1115 1333 1189 1388 Deus
1203 1333 1286 1390 Jacob
1302 1334 1398 1408 gratis,
1414 1350 1483 1406 ergo
1496 1341 1570 1404 patet
1581 1335 1655 1406 quod
1677 1333 1755 1404 cujus

99 1417 235 1488 judicium
249 1417 299 1473 Dei
313 1419 525 1488 commendaret,
541 1424 568 1474 ει
590 1418 661 1489 apud
690 1434 751 1473 eum
775 1417 903 1490 iniquita·
955 1419 1013 1474 vult
1027 1418 1173 1476 miseretur
1186 1421 1304 1494 gratuito
1321 1439 1328 1488 ;
1345 1430 1371 1478 et
1386 1422 1535 1494 quia-Esau
1544 1429 1570 1479 et
1586 1423 1755 1478 Pharaonem

104 1516 159 1564 tem
184 1523 238 1563 non
275 1523 336 1564 esse
360 1509 528 1574 ostenderet,
545 1507 683 1577 subjunxit
703 1507 801 1563 :Dicit
828 1509 905 1563 emim
955 1507 1121 1577 reprobavit,
1138 1524 1206 1580 ergo
1220 1517 1293 1580 patet
1307 1510 1370 1582 quia
1384 1526 1465 1582 quem
1480 1510 1537 1565 vult
1559 1510 1665 1565 indurat
1683 1510 1756 1580 justo

104 1598 253 1670 Scriptura
269 1595 422 1652 Pharaoni.
449 1595 532 1667 Quasi
550 1595 622 1652 dicat
634 1611 640 1650 τ
652 1595 727 1651 Sicut
749 1595 833 1651 Jacob
855 1611 906 1667 ρει
920 1594 1056 1685 Bjudicio
1071 1595 1155 1667 (ιιι).
1173 1597 1201 1652 Si
1215 1605 1305 1653 autem
1321 1599 1466 1670 quaerimus
1481 1599 1609 1654 meritum
1635 1599 1755 1654 obdura-

108 1684 327 1741 misericordiam
342 1683 434 1757 elegit,
451 1684 486 1738 ita
501 1700 551 1755 ρει
561 1683 692 1752 justitiam
717 1684 789 1739 Esau
812 1699 906 1755 repro·
956 1683 1037 1737 tionis
1052 1691 1079 1738 et
1092 1684 1296 1752 misericordiae,
1312 1686 1500 1742 obdurationis
1526 1686 1652 1742 meritum
1676 1687 1756 1744 inve-

109 1773 195 1830 bavit.
212 1773 282 1829 Vere
297 1770 373 1828 illum
387 1789 436 1844 per
447 1773 579 1843 justitiam
593 1772 760 1844 reprobavit,
777 1772 839 1846 quia
854 1773 907 1830 hoc
954 1771 1061 1838 nimus;
1087 1771 1280 1829 misericordiae
1294 1790 1359 1829 vero
1372 1775 1497 1840 meritum
1511 1792 1567 1832 non
1589 1775 1754 1844 invenimus,

103 1863 170 1918 dicit
184 1861 334 1933 Scriptura,
351 1861 483 1917 inducens
496 1862 583 1917 Deum
605 1861 760 1933 loquentem
784 1861 905 1917 Pharao·
956 1859 1143 1932 quianullum
1166 1869 1207 1916 est
1231 1862 1428 1919 misericordia
1449 1864 1586 1932 meritum,
1612 1881 1647 1921 ne
1667 1864 1756 1937 gratia
1786 1893 1788 1898 ·

15 1963 16 1968 ’
105 1951 143 2018 ni,
161 1967 242 2022 quem
256 1949 442 2022 perjudicium
459 1949 528 2005 sicut
541 1951 615 2004 Esau
629 1949 792 2020 repmbavit.
808 1949 858 2006 Vel
868 1950 906 2005 ita
955 1956 1110 2017 evacuetur,
1128 1949 1150 2003 si
1165 1965 1218 2005 non
1233 1949 1318 2022 gratis
1332 1950 1458 2020 donatur,
1476 1952 1526 2008 sed
1545 1953 1648 2009 meritis
1664 1951 1755 2008 reddi·

108 2039 246 2095 continua.
263 2039 350 2108 Quasi
374 2029 463 2094 dicat:
488 2038 680 2094 Misericordia
702 2045 743 2093 est
766 2037 837 2094 velle
860 2038 905 2092 vel
954 2043 1008 2091 tur.
1026 2036 1149 2091 lleritum
1165 2045 1257 2092 autem
1272 2038 1459 2095 obdurationis
1483 2048 1525 2096 εει
1543 2049 1684 2112 peccatum
1710 2049 1753 2097 to·

107 2143 229 2193 currere,
246 2143 279 2184 ex
290 2126 393 2196 judicio
407 2134 497 2182 autem
512 2142 566 2183 nou
581 2143 614 2182 ex
629 2125 788 2198 iniquitate;
813 2133 905 2182 contra
955 2123 1007 2179 tius
1022 2139 1118 2180 massae
1133 2125 1276 2192 damnatae,
1292 2141 1343 2182 nec
1359 2127 1474 2184 obdurat
1487 2129 1562 2184 Deus
1572 2129 1754 2201 impartiendo

104 2217 175 2272 sicut
200 2223 314 2288 apparet
338 2215 367 2270 in
388 2216 546 2282 Pharaone;
560 2213 625 2270 dicit
658 2214 731 2270 enim
754 2214 902 2286 Scriptura,
954 2211 1093 2280 malitiam,
1111 2213 1230 2270 sednon
1254 2213 1435 2285 impartiendo
1458 2217 1584 2286 gratiam,
1611 2219 1681 2274 sicut
1702 2233 1753 2274 nec

103 2313 169 2375 etc,
186 2320 218 2361 ac
233 2305 256 2359 si
270 2305 392 2360 diceret:
417 2306 458 2360 Ex
477 2303 601 2376 apposita
624 2303 721 2376 gratia,
747 2304 819 2374 quod
841 2303 904 2375 qui·
954 2299 1031 2371 digni
1047 2308 1109 2355 suut
1124 2319 1131 2356 :
1149 2301 1248 2373 quibus
1264 2302 1335 2357 enim
1350 2319 1404 2358 non
1418 2304 1581 2375 impartitur,
1598 2321 1650 2361 nec
1677 2305 1754 2378 digni

105 2395 169 2449 dem
184 2400 225 2448 εει
239 2408 288 2464 ρει
301 2391 528 2458 misericordiam,
546 2397 608 2446 sunt
632 2391 714 2458 bona,
737 2391 802 2462 quia
823 2398 850 2446 et
871 2407 904 2447 ea
954 2395 1026 2456 sunt,
1043 2405 1094 2444 nec
1107 2397 1259 2457 merentur,
1274 2390 1364 2461 potius
1378 2399 1406 2446 ut
1428 2407 1482 2447 non
1507 2392 1682 2464 impartiatur,
1699 2393 1753 2451 hoc

105 2482 244 2538 subtracta
259 2481 332 2553 quod
347 2480 456 2553 quidem
470 2487 511 2536 εει
526 2495 576 2551 per
583 2479 723 2549 justitiam,
739 2476 806 2534 ilnnt
820 2478 902 2546 mala,
953 2475 1029 2548 digni
1053 2485 1124 2544 sunt,
1154 2476 1206 2533 hoc
1233 2486 1378 2534 merentur.
1409 2477 1597 2554 [Augustinus]
1623 2479 1753 2554 Quisquis

105 2571 176 2627 sicut
190 2577 303 2641 apparet
318 2569 346 2624 in
361 2569 513 2624 Pharaone.
530 2567 600 2624 Dicit
615 2567 697 2633 enim,
720 2574 771 2623 etc.
795 2566 845 2623 Vel
868 2567 903 2622 ita
952 2564 1036 2636 igitur
1049 2563 1195 2620 obduratus
1210 2573 1261 2634 est,
1278 2582 1308 2622 se
1322 2566 1483 2622 obduratum
1509 2568 1599 2625 debite
1624 2577 1651 2625 et
1672 2569 1750 2642 quis·

105 2657 232 2715 contiuua
258 2674 264 2714 :
287 2659 327 2713 Ειι
350 2655 538 2713 misericordia
561 2663 603 2711 est
624 2655 694 2712 uelle
715 2655 758 2712 vel
781 2671 900 2725 currere,
953 2651 1015 2723 quis
1030 2652 1147 2722 adjutus,
1163 2669 1193 2708 se
1208 2654 1328 2724 adjutum
1345 2655 1431 2726 gratis
1446 2664 1577 2729 agnoscat
1592 2657 1680 2729 (aar).
1698 2657 1752 2712 lli-

104 2747 177 2820 quod
192 2754 304 2819 apparet
318 2746 345 2801 in
360 2745 420 2801 aliis
435 2745 482 2817 qui
496 2752 598 2800 suntex
614 2745 709 2800 eadem
732 2759 834 2812 massa,
859 2745 902 2801 cui
952 2747 1054 2796 seretur
1070 2757 1136 2814 argo
1152 2757 1251 2814 magna
1266 2742 1384 2798 bonitate
1399 2750 1426 2798 et
1452 2744 1567 2800 obdurat
1595 2744 1670 2801 nulla
1695 2745 1751 2802 iui-

103 2831 194 2887 debita
209 2839 250 2887 est
272 2829 396 2902 perditio,
421 2837 451 2884 ut
471 2829 498 2884 in
522 2829 663 2885 Pharaone
688 2837 809 2900 apparet.
831 2827 902 2884 Dicit
952 2827 1063 2899 quitata,
1080 2836 1109 2883 ut
1124 2845 1174 2885 nec
1190 2829 1320 2885 liberatus
1343 2831 1378 2886 de
1400 2831 1456 2888 suis
1479 2831 1583 2888 meritis
1606 2833 1750 2907 glorietur,

103 2920 176 2976 enim
187 2919 337 2991 Scriptura,
362 2918 390 2974 id
414 2924 456 2974 est
479 2917 611 2974 Dominus
636 2918 663 2972 in
686 2931 719 2973 ea
744 2916 899 2972 Pharaoni:
951 2932 1002 2971 nec
1016 2915 1159 2972 damnatus
1174 2917 1226 2972 nisi
1245 2917 1280 2974 de
1295 2917 1352 2974 suis
1367 2919 1472 2975 meritis
1486 2929 1673 2993 conqueratur.
1686 2921 1750 2977 Sola

107 3010 217 3079 Quiris
232 3009 282 3065 hoc
292 3010 396 3081 iprum,
413 3006 485 3080 quod
499 3021 554 3062 non
577 3006 747 3062 continuatur
771 3005 824 3072 hic,
850 3004 898 3059 sed
914 2981 1022 3058 0enim
1036 3003 1123 3076 gratia
1133 3004 1300 3076 Redemptor
1315 3005 1443 3062 discernit
1458 3023 1474 3062 a
1488 3008 1611 3079 perditis,
1638 3009 1749 3080 quasin

102 3097 204 3170 legitur
216 3112 249 3154 ac
264 3095 287 3151 si
301 3111 356 3153 non
371 3103 453 3164 esset,
470 3094 549 3167 quasi
561 3095 686 3151 excitaui
702 3098 766 3161 tc,o
782 3093 897 3161 Pharao,
951 3107 1003 3146 una
1032 3091 1191 3162 perditionis
1233 3104 1425 3150 concreaverat
1454 3111 1545 3150 massa
1574 3095 1610 3151 ab
1642 3095 1748 3168 origine

11 3217 12 3220 =
102 3185 315 3257 malusquidem
329 3201 398 3252 eras,
416 3184 465 3240 sed
484 3183 561 3255 quasi
589 3182 704 3254 sopitus.
730 3183 789 3254 Ego
810 3189 898 3236 autem
950 3179 1029 3234 ducta
1068 3180 1228 3251 perditionis
1266 3197 1348 3237 causa
1389 3183 1554 3238 communis.
1585 3183 1748 3240 Universum

102 3274 251 3331 osteudens
263 3273 313 3328 tibi
327 3273 406 3345 signa
420 3289 480 3346 quae
496 3271 548 3328 ieci
560 3287 612 3343 ρει
626 3273 729 3340 llosen,
745 3269 859 3326 excitavi
874 3278 899 3326 te
949 3267 1050 3340 quippe
1069 3285 1157 3341 genus
1181 3269 1329 3326 humanum
1353 3277 1407 3325 tam
1427 3272 1502 3340 justo
1522 3259 1625 3341 ju'rdicio
1647 3272 1698 3329 Dei
1718 3273 1746 3328 in

101 3363 129 3419 in
145 3364 197 3418 hoc
211 3363 309 3435 ipsum,
327 3361 355 3418 id
370 3361 452 3418 estin
473 3361 543 3417 hanc
561 3362 683 3416 eamdem
706 3360 845 3429 malitiam,
871 3368 900 3415 ut
949 3357 1098 3428 apostatica
1123 3358 1216 3413 radice
1230 3359 1389 3414 damnatum
1405 3367 1455 3426 εει,
1472 3367 1501 3414 ιιι
1514 3361 1606 3430 etiam,
1623 3361 1747 3418 sinullus

104 3451 226 3507 deterior
241 3449 310 3517 iras;
328 3459 355 3506 et
369 3451 421 3506 hoc
432 3451 536 3519 iustum
551 3457 601 3517 est,
618 3457 647 3504 ιιι
665 3449 753 3521 quiin
772 3448 899 3504 sordibus
949 3443 1195 3518 indeliberaretur,
1212 3463 1292 3502 nemo
1306 3456 1379 3504 recte
1402 3457 1495 3520 posset
1517 3449 1669 3521 vituperare
1697 3451 1748 3508 Dei

103 3537 897 3610 estnecrasipiscerevult,sordescatadhuc(ripcc.xxu),
946 3533 1086 3602 justitiam.
1110 3536 1140 3590 ln
1164 3535 1217 3589 illis
1247 3551 1311 3592 vero
1334 3536 1380 3609 qui
1407 3537 1555 3593 liberantur
1582 3538 1744 3607 ostenditur,

103 3627 131 3684 id
147 3635 189 3685 εει
202 3628 329 3684 meritum
344 3625 462 3683 hominis
484 3626 512 3682 id
535 3625 618 3697 exigit
641 3634 670 3680 ut
691 3625 751 3696 ipse
773 3624 819 3696 qui
844 3639 900 3680 uon
947 3621 1072 3692 pluribus
1085 3639 1141 3678 non
1154 3623 1286 3689 liberatis,
1303 3631 1330 3679 et
1344 3623 1370 3678 in
1385 3625 1558 3681 damnatione
1570 3625 1643 3695 justa
1662 3627 1744 3682 dere·

103 3717 161 3772 vult
183 3724 324 3788 peccatum
348 3716 476 3772 deserere
499 3721 613 3786 peccatu
636 3713 745 3785 implius
769 3712 900 3769 contami·
949 3708 1019 3764 lictis
1044 3710 1109 3782 quid
1138 3711 1344 3767 commemisset
1367 3711 1493 3769 universa
1520 3714 1690 3785 conspersio,
1719 3723 1746 3770 et

103 3811 192 3872 netur,
209 3805 278 3862 sicut
292 3805 397 3860 Pharao
413 3804 460 3876 qui
473 3803 539 3860 visis
561 3803 647 3876 signis
670 3801 810 3858 debuisset
836 3817 898 3857 cor·
950 3812 1004 3868 quo
1019 3797 1096 3853 suam
1111 3798 1178 3854 istos
1195 3799 1314 3854 debitum
1325 3799 1454 3870 judicium
1470 3801 1519 3856 Dei
1542 3801 1661 3869 duceret,
1691 3801 1744 3857 nisi

103 3893 165 3964 rigi,
183 3893 232 3949 sed
246 3893 365 3949 deterior
379 3891 466 3949 iactus
481 3898 522 3949 est
536 3891 602 3949 vitio
615 3905 676 3946 suo.
701 3891 759 3947 Nec
780 3891 832 3946 hoc
853 3891 898 3945 in·
950 3885 1007 3955 ejus
1021 3885 1140 3942 indebita
1162 3887 1349 3943 misericordia
1375 3887 1546 3944 subvenisset
1568 3890 1653 3962 (ιιι).
1682 3891 1743 3946 Non

103 3982 170 4038 utile
184 3980 242 4049 luit,
259 3982 360 4051 redut,
376 3982 454 4048 inte,
472 3980 606 4046 indurato,
631 3979 658 4034 id
681 3987 723 4034 est
746 3994 794 4050 ρει
810 3986 836 4034 ιε
855 3978 899 4034 in-
949 3989 1017 4046 ergo
1027 3973 1232 4048 intelligendum
1249 3983 1290 4030 est
1304 3975 1376 4047 quod
1390 3976 1463 4031 Deus
1477 3976 1514 4031 ita
1527 3976 1642 4046 induret,
1667 3978 1746 4050 quasi

102 4071 260 4140 durantum,
274 4069 318 4125 vel
332 4070 360 4124 in
374 4076 409 4138 te,
425 4069 453 4124 id
468 4077 509 4125 εει
522 4075 617 4125 contra
631 4073 666 4133 te,
679 4067 836 4134 cateridem,
851 4067 900 4122 bo·
950 4077 1112 4134 quemquam
1124 4079 1238 4134 peccare
1252 4071 1343 4136 cogat,
1372 4065 1421 4120 sed
1451 4072 1554 4120 tuntum
1583 4065 1745 4137 quibusdam

102 4159 156 4226 nis,
192 4160 327 4215 virtutem
350 4173 452 4227 mecm,
476 4163 505 4212 ιιι
525 4156 552 4212 in
574 4155 660 4230 signis
682 4156 815 4229 AEgyptiis
836 4155 897 4214 ieci.
949 4152 1139 4222 peccatoribus
1155 4151 1372 4208 misericordiam
1391 4151 1589 4222 justificationis
1610 4171 1667 4210 suae
1689 4171 1744 4212 non

103 4249 176 4304 Ecce
190 4247 235 4304 hic
248 4254 321 4318 patet
335 4245 407 4318 quod
421 4245 503 4301 etiam
518 4245 596 4299 malis
612 4245 681 4300 bene
703 4245 786 4300 utitur
816 4245 898 4300 Deus.
949 4239 1075 4312 largitur,
1091 4247 1117 4294 ει
1132 4239 1167 4296 ob
1182 4240 1234 4296 hoc
1249 4256 1297 4296 εοε
1316 4241 1450 4298 obdurare
1471 4241 1577 4312 dicitur,
1601 4243 1665 4315 quia
1689 4259 1745 4300 non

103 4335 253 4392 Ostendam
268 4334 339 4402 dico,
353 4341 379 4390 et
392 4350 443 4406 per
457 4341 597 4390 ostensam
611 4332 736 4389 virtutem
747 4331 935 4391 annuntie-D
950 4343 1044 4382 eorum
1076 4327 1232 4395 miseretur,
1265 4344 1320 4382 non
1344 4329 1409 4401 quia
1432 4329 1546 4401 impellit
1568 4337 1596 4384 ut
1619 4339 1742 4401 peccent,

103 4429 261 4480 turucmcu
270 4439 365 4480 mcum
376 4425 408 4479 tn
418 4423 552 4479 uniuerso
562 4425 648 4478 terro.
656 4422 727 4477 Nota
737 4422 800 4494 quia
810 4437 900 4477 exem·
950 4431 1042 4471 eorum
1057 4424 1146 4471 autem
1167 4432 1222 4472 non
1244 4416 1387 4472 miseretur
1410 4418 1510 4489 quibus
1542 4417 1657 4488 gratiam
1689 4433 1745 4473 non

101 4513 177 4584 plum
192 4511 227 4568 de
241 4512 380 4567 Pharaone
395 4511 441 4583 qui
452 4512 525 4581 justo
549 4510 652 4580 judicio
666 4511 718 4566 Dei
738 4511 900 4581 reprobatus
950 4519 1011 4558 esse
1027 4505 1198 4574 praebendam
1213 4504 1338 4577 aequitate
1352 4504 1535 4561 occultissima
1550 4512 1577 4559 ει
1592 4505 1625 4559 ab
1650 4506 1747 4560 huma·

102 4609 154 4670 est,
170 4599 287 4672 pertinet
299 4600 334 4656 ad
343 4599 417 4655 Esau
432 4599 478 4672 qui
493 4599 590 4656 eodem
601 4599 705 4668 judicio
733 4598 898 4670 aequissimo,
950 4592 992 4646 uis
1007 4593 1133 4647 sensibus
1148 4594 1328 4648 remotissima
1340 4593 1454 4663 judicat,
1480 4609 1560 4665 quam
1583 4609 1639 4649 non
1661 4594 1747 4664 aperit

102 4689 166 4745 licet
181 4688 298 4760 occulto,
313 4689 475 4760 reprobatus
490 4695 541 4755 est,
564 4688 633 4744 sicut
654 4686 739 4744 Jacob
753 4701 802 4757 per
814 4687 900 4742 mise·
951 4681 1106 4751 Apostolus,
1121 4681 1170 4737 sed
1184 4681 1307 4750 miratur,
1322 4681 1368 4736 ubi
1383 4681 1420 4735 ait
1437 4698 1443 4735 :
1461 4681 1482 4737 0
1500 4681 1623 4738 altitudo
1633 4681 1746 4738 diuitia-

103 4777 251 4833 ricordiam
266 4776 378 4834 alectus.
391 4777 447 4833 Vec
461 4776 499 4832 ita
514 4777 603 4844 :Quia
617 4777 649 4832 in
660 4777 710 4832 hoc
720 4776 814 4848 ipsum
823 4776 901 4831 ecci·
949 4785 1015 4825 rom
1025 4771 1152 4826 scicntia
1163 4774 1190 4826 ct
1201 4770 1350 4842 captantia
1359 4769 1427 4825 Dei!
1441 4769 1530 4838 (Rom.
1546 4769 1599 4842 rt.)
1614 4769 1746 4827 Universa

105 4867 173 4932 tect,
184 4865 520 4932 aliicodicessichabent,
532 4866 564 4921 in
582 4865 632 4922 lucc
656 4868 716 4938 ipsc
735 4865 901 4920 resuscitari
949 4873 1068 4929 namque
1082 4873 1173 4914 massa
1187 4857 1285 4912 marito
1298 4858 1435 4926 damnata,
1452 4857 1643 4914 contumeliam
1667 4857 1747 4914 debi-

103 4953 147 5010 vel
157 4955 267 5011 servavt
281 4958 318 5020 tc,
335 4961 363 5010 et
376 4961 417 5010 est
429 4953 534 5010 servavi
548 4962 585 5021 te,
601 4971 619 5010 o
632 4954 748 5009 Pharao.
765 4953 822 5008 lloc
836 4951 902 5009 dicit
950 4953 1016 5012 itm,
1033 4946 1075 5002 ⁰¹¹5
1091 4946 1146 5002 vul!
1160 4945 1249 5002 rtddil
1264 4945 1312 5002 Dei
1324 4945 1427 5016 iustitia
1443 4964 1451 5013 3
1475 4947 1608 5002 h⁰¹¹0t0m
1639 4945 1747 5002 indebi-

104 5041 130 5098 ei
144 5043 297 5111 Deus,cum
306 5042 387 5097 tantis
396 5043 475 5098 malis
485 5050 556 5099 esset
567 5059 640 5109 reus,
651 5052 679 5098 ut
690 5040 818 5115 indignus
829 5049 902 5098 esset
951 5040 1006 5088 tum
1020 5033 1102 5089 donat
1115 5034 1159 5090 otti
1174 5033 1230 5090 vult
1243 5034 1293 5089 Del
1308 5033 1412 5107 gratia,
1428 5048 1483 5089 non
1498 5034 1657 5090 meritorum
1677 5051 1748 5106 prae·

104 5129 207 5197 vivere,
230 5147 311 5203 quem
333 5139 423 5187 tamen
437 5133 510 5188 Deus
538 5131 686 5188 reservavit
710 5130 737 5184 in
754 5131 807 5186 hoc
830 5129 900 5200 ipso,
952 5121 1086 5195 rogativa,
1102 5137 1157 5178 non
1172 5121 1243 5176 tatoli
1258 5122 1429 5188 necessitate,
1443 5137 1497 5177 nou
1520 5123 1674 5178 temeritate
1694 5123 1748 5178 lor·

104 5217 132 5272 id
159 5225 202 5274 eal
228 5217 310 5276 46
338 5221 374 5276 ad
385 5221 438 5276 hoo
452 5227 482 5275 ut
497 5220 524 5276 in
537 5236 570 5277 ρο
593 5219 751 5277 ostenderet
779 5219 902 5275 virtutem
952 5217 1033 5276 iullae,
1049 5210 1098 5265 sed
1121 5209 1213 5265 clausa
1241 5210 1381 5266 altitudine
1407 5210 1548 5283 Sapientia)
1574 5217 1600 5266 ei
1628 5211 1749 5268 scienti&

150 5389 211 5528 ιιι)
230 5393 546 5458 Λεριειιιιιιι,ειιιίιιιιιιι.
986 5385 1055 5452 (ιιι)
1073 5386 1286 5452 ιιι.,ιιιιιιιιριίε.

151 5461 197 5513 aar
230 5461 408 5527 rumaren.

546 5599 555 5608 ι
