3906 6056
4 201 6 240 ¹
113 235 184 290 racc
452 232 710 293 concreatum
728 235 767 292 nr
784 231 893 292 arur.
913 234 947 292 o.
969 234 1081 294 rauci.
1095 267 1130 278 -
1145 237 1182 294 ru
1200 239 1257 296 nr.
1281 239 1329 296 sn
1349 240 1435 299 aon.
1700 249 1770 304 raes

112 375 163 416 suu
177 359 237 416 sine
255 359 318 416 ullis
332 358 439 416 meritis
453 361 553 417 nostris
576 361 698 418 indebita
710 360 834 434 largitate
851 376 920 417 con·
933 361 1067 430 Abomc,
1095 360 1231 433 diabolus,
1256 362 1382 422 diabolus
1402 373 1430 423 et
1451 366 1534 423 bomo
1557 367 1623 440 quid
1637 368 1771 426 aduersus

4 443 6 460 ‘
112 449 218 506 ferret?
232 447 302 519 Quia
321 457 347 507 et
362 465 394 506 ea
409 467 470 523 quea
483 449 611 508 dicuntur
623 450 719 507 merita
730 458 821 506 nostra
835 450 917 518 bona,
970 450 1056 506 Deum
1072 449 1192 507 dicerent
1209 451 1345 510 tomnino
1360 470 1416 510 non
1430 455 1572 524 baberent,
1590 464 1672 530 atque
1685 457 1713 512 in
1727 473 1774 532 ao-

111 539 184 594 dona
199 545 261 594 sunt
276 539 344 608 eius.
370 539 449 595 Dona
473 554 591 612 namque
615 539 666 596 Dei
681 547 742 595 sunt
755 538 853 596 meritc
868 554 918 595 no·
968 538 1041 595 tione
1055 555 1145 597 causa
1158 540 1266 613 penitus
1282 541 1440 600 delicerent.
1465 545 1597 602 Diabolus
1612 547 1683 602 enim
1697 546 1771 618 inju-

111 634 176 693 stra,
193 627 293 699 quibus
307 627 341 682 ad
362 643 498 683 summum
524 628 627 684 bonum
641 627 827 700 pervenimus.
844 627 918 700 (ddi)
968 627 1037 684 riam
1051 627 1150 686 iecisse
1168 630 1227 686 lleo
1247 630 1466 702 convinceretur,
1489 635 1553 706 quia
1577 651 1687 692 serrum
1701 635 1770 705 ejus,

4 697 5 730 ³
112 717 161 771 Est
175 723 311 787 praeterea
324 715 379 772 alia
394 715 461 772 ratio
476 733 558 789 quare
567 716 657 789 potius
672 716 821 773 istomodo
836 731 919 789 quarn
968 717 996 772 id
1011 724 1053 772 est
1069 716 1217 786 hominem,
1243 726 1271 774 et
1286 718 1471 778 fraudulenter
1484 722 1606 786 abduxit,
1623 731 1649 780 et
1663 723 1771 781 violeu-

111 803 167 861 alio
182 803 302 862 liberare
325 804 420 874 voluit,
445 805 509 877 quia
529 805 580 876 sic,
605 805 708 863 scilicet
730 821 781 878 per
802 812 918 862 mortem
970 812 1011 861 ter
1024 806 1120 862 tenuit.
1138 807 1226 864 Homo
1240 807 1323 866 etiam
1338 808 1464 879 injuriam
1479 809 1645 868 lecisselleo
1660 813 1772 870 convin-

110 892 222 963 Christi,
246 893 352 963 justitia
373 901 519 965 superetur
541 893 678 962 diabolus,
704 908 760 950 non
785 893 916 966 potentia.
967 902 1088 966 ceretur,
1103 895 1166 968 quia
1180 904 1316 969 precepta
1331 897 1390 968 ejus
1409 899 1580 971 contempsit,
1598 907 1625 955 et
1639 917 1669 956 se
1683 898 1772 958 alieno

111 981 192 1052 Quod
207 981 344 1054 quomodo
360 981 462 1040 tactum
473 983 517 1050 sit,
528 990 557 1038 ut
568 990 661 1054 pateat
672 982 827 1054 explicabo,
838 988 918 1054 prout
968 983 1080 1040 domino
1095 984 1270 1056 mancipans,
1287 1002 1345 1042 suae
1368 987 1506 1044 servitutis
1529 988 1658 1044 damnum
1672 989 1770 1045 intulit.

112 1077 220 1142 potero.
246 1067 368 1138 Quadam
389 1069 495 1140 justitia
515 1070 565 1126 Dei
591 1071 621 1126 in
639 1078 802 1143 potestatem
817 1069 919 1126 diaboli
967 1072 1077 1128 Homini
1091 1089 1199 1146 quoque
1214 1073 1341 1144 injuriam
1363 1074 1461 1132 iecisse
1484 1077 1694 1152 convinceretur
1708 1078 1770 1136 dia-

113 1157 243 1213 traditum
266 1165 309 1214 est
329 1173 419 1232 qeuus
437 1159 595 1225 humanum,
623 1166 737 1230 peccato
762 1157 846 1232 primi
868 1159 917 1215 bo·
967 1160 1056 1228 bolus,
1073 1161 1136 1233 quia
1150 1161 1226 1240 illurn
1250 1170 1276 1218 et
1299 1162 1378 1234 prius
1399 1164 1582 1236 promittendo
1605 1166 1676 1222 bona
1691 1167 1772 1224 dece-

112 1246 194 1301 minis
208 1245 236 1301 in
260 1260 357 1302 omues
381 1246 523 1320 utriusque
552 1263 634 1304 sexus
657 1247 846 1304 commistione
866 1263 917 1303 na·
967 1248 1015 1320 pit,
1032 1256 1063 1306 et
1084 1258 1147 1321 post
1165 1251 1238 1307 mala
1262 1250 1415 1318 inferendo,
1437 1251 1538 1310 nocuit.
1562 1254 1663 1323 lnjuste
1686 1254 1771 1328 igitur

114 1342 224 1392 scentes
239 1333 409 1408 originaliter
421 1342 590 1403 transeunte,
611 1343 638 1392 et
653 1335 743 1392 debito
765 1335 915 1408 primorum
960 1335 1092 1396 diabolus
1107 1347 1237 1411 quantum
1261 1340 1295 1394 ad
1309 1356 1340 1396 se
1358 1341 1467 1396 tenebat
1489 1341 1636 1412 bominem,
1653 1343 1703 1398 sed
1717 1344 1770 1399 ho-

113 1432 259 1495 parentum
271 1423 422 1499 obligante,
455 1425 583 1497 quocirca
609 1439 705 1482 ornnes
735 1425 860 1482 homiues
882 1425 916 1479 ab
966 1426 1095 1494 mojuste
1121 1428 1274 1496 tenebatur,
1288 1428 1353 1502 quia
1367 1429 1493 1486 diabolus
1516 1446 1656 1502 nunquam
1669 1431 1770 1488 meruit

113 1511 222 1586 oripn'ne
234 1519 297 1569 aunt
312 1512 364 1569 sub
378 1512 502 1585 principe
518 1513 636 1570 diabolo.
652 1514 730 1571 Unde
744 1513 891 1585 Apostolus
908 1531 915 1569 :
966 1523 1129 1586 potestatem
1145 1516 1246 1573 babere
1261 1533 1345 1589 super
1364 1518 1512 1586 hominem,
1539 1519 1588 1576 sed
1606 1519 1688 1576 homo
1706 1536 1768 1576 me-

119 1605 240 1659 Eromrtr
259 1605 368 1658 notura
389 1602 445 1672 fite·
460 1603 511 1659 irae
528 1603 639 1677 (Epiros.
656 1602 698 1675 u),
715 1601 916 1676 [Augustinus]
967 1603 1019 1658 ruit
1035 1619 1085 1676 per
1107 1604 1216 1677 culpam
1239 1605 1294 1678 pati
1318 1605 1421 1662 diaboli
1442 1606 1622 1678 tyrannidem.
1640 1608 1669 1664 Si
1683 1607 1768 1680 igitur

113 1699 212 1746 natura
226 1690 339 1758 scilicet,
355 1698 385 1746 ut
401 1698 442 1746 est
457 1689 607 1762 depravata
620 1699 743 1763 peccato,
761 1705 815 1748 non
830 1698 860 1746 ut
875 1699 916 1748 est
930 1691 1050 1785 Blleus,
1067 1692 1113 1766 qni
1128 1693 1221 1767 utique
1236 1701 1361 1766 praeerat,
1371 1695 1491 1767 potentia
1500 1695 1639 1752 bominem
1652 1695 1768 1754 liberare

114 1786 210 1838 creata
228 1779 263 1835 ab
278 1779 365 1834 initio.
388 1778 484 1835 llodus
509 1786 601 1835 autem
615 1779 661 1836 illc
676 1795 730 1852 quo
744 1779 858 1836 traditus
874 1788 916 1836 est
967 1780 1059 1848 veliet,
1075 1781 1136 1839 sola
1155 1799 1212 1840 suae
1223 1783 1355 1852 jussionis
1377 1783 1477 1840 uirtute
1498 1785 1636 1841 hominem
1659 1792 1768 1858 poterat

114 1869 199 1924 bomo
213 1867 241 1924 in
263 1875 425 1941 potestatem
450 1866 560 1936 diaboli,
575 1883 630 1924 non
644 1868 682 1924 ita
696 1867 777 1925 debet
790 1867 916 1943 intelligi,
965 1869 1118 1939 justissime
1132 1870 1260 1943 liberare,
1283 1871 1333 1928 sed
1346 1880 1458 1944 propter
1476 1887 1586 1930 causam
1606 1875 1766 1946 praedictam

112 1964 243 2029 tanquam
266 1957 342 2012 lleus
367 1955 420 2014 hoo
442 1955 546 2024 iecerit,
569 1964 615 2012 eut
638 1954 697 2012 lieri
720 1957 842 2027 jusserit,
868 1955 918 2012 sed
964 1958 1069 2028 justitia
1087 1959 1245 2016 humilitatis
1273 1960 1311 2016 uti
1332 1960 1435 2028 meluit,
1460 1961 1532 2018 unde
1556 1969 1582 2018 et
1607 1963 1703 2019 Filium
1717 1979 1769 2036 pro

114 2045 188 2119 quod
209 2052 313 2100 tantum
335 2043 470 2116 permisit,
491 2044 564 2115 juste
585 2053 676 2101 tamen
699 2045 746 2100 illo
761 2045 916 2113 deserente,
967 2046 1047 2102 nobis
1069 2047 1096 2103 in
1119 2056 1234 2105 mortem
1256 2048 1373 2120 tradidit,
1397 2065 1447 2122 per
1470 2066 1553 2123 quarn
1563 2049 1704 2121 justificati
1719 2069 1768 2109 su-

112 2141 273 2207 peccantem
295 2133 400 2206 peccati
420 2141 514 2190 auctor
535 2133 608 2190 illico
623 2133 720 2191 inuasit
736 2152 743 2190 :
759 2150 815 2190 non
827 2141 918 2190 tamen
967 2151 1028 2191 rnus
1043 2143 1069 2192 et
1084 2137 1251 2194 reconciliati
1264 2138 1332 2194 Deo.
1349 2137 1487 2212 [August]
1503 2139 1562 2196 Hoc
1586 2147 1628 2196 est
1650 2141 1769 2212 pretium

113 2223 188 2279 Deus
203 2220 334 2278 continuit
356 2221 385 2276 in
408 2221 451 2278 ira
473 2221 660 2278 miserationes
674 2238 747 2289 suas,
762 2237 813 2278 nec
826 2220 918 2278 bomi-
968 2224 1198 2282 reconciliationis
1221 2233 1331 2296 nostrce,
1356 2225 1428 2299 quod
1451 2226 1575 2282 Christus
1598 2228 1695 2285 obtulit
1708 2230 1767 2286 Deo
1834 2259 1839 2266 ·

112 2327 177 2368 nem
193 2326 210 2367 a
228 2309 291 2385 lege
314 2327 371 2367 auae
394 2309 535 2382 potestatis
553 2309 652 2376 maisit,
673 2310 781 2384 quando
795 2309 824 2366 in
837 2317 917 2382 pote·
968 2312 1051 2380 Patri,
1067 2321 1096 2368 ut
1109 2313 1272 2386 placaretur,
1288 2329 1343 2370 non
1358 2314 1431 2386 quod
1445 2322 1507 2372 aute
1521 2331 1576 2372 non
1590 2316 1685 2373 dilexit
1703 2333 1764 2386 nos,

112 2407 184 2457 state
201 2398 305 2456 diaboli
320 2414 382 2456 esse
398 2399 530 2470 permisit,
556 2399 605 2456 sed
619 2399 690 2456 inter
704 2399 776 2456 mala
789 2398 916 2472 poenalia,
969 2417 1003 2458 ex
1017 2417 1069 2475 qua
1084 2402 1229 2461 dilectione
1242 2401 1338 2458 Filium
1357 2417 1406 2474 pro
1423 2403 1503 2460 nobis
1522 2405 1641 2474 tradidit,
1658 2423 1708 2464 nec
1723 2406 1769 2464 Fi·

110 2489 195 2545 etiam
208 2487 287 2543 malis
301 2487 386 2542 rnnlta
414 2488 539 2559 praestitit
565 2488 648 2559 bona,
665 2495 691 2544 et
705 2487 816 2544 tandem
830 2487 919 2543 bomi-
968 2489 1021 2546 lius
1034 2491 1113 2564 quasi
1138 2507 1194 2548 uon
1209 2499 1339 2563 parcente
1362 2491 1441 2548 Patre
1459 2491 1521 2562 sibi,
1537 2493 1617 2549 nobis
1630 2493 1704 2551 reiut
1721 2495 1767 2558 in-

113 2593 177 2634 nem
193 2591 275 2649 quem
292 2576 445 2634 commistio
459 2585 634 2648 peccatorum
653 2577 764 2634 diabolo
787 2575 916 2644 subdidit,
968 2578 1039 2635 vitus
1053 2587 1096 2636 est
1110 2579 1235 2650 traditus,
1246 2588 1270 2636 et
1286 2595 1347 2638 cum
1362 2579 1397 2636 de
1411 2579 1471 2652 ipso
1484 2579 1587 2638 dietum
1603 2581 1646 2650 sit,
1658 2583 1768 2640 tradidit

112 2665 275 2722 remissione
290 2673 386 2737 peccat
397 2681 478 2723 orum
489 2666 598 2734 donate,
608 2681 657 2738 per
672 2666 835 2739 sanguinem
844 2665 920 2722 Chri·
968 2668 1154 2742 semetipsum.
1171 2669 1229 2726 Hoc
1243 2685 1310 2742 ergo
1325 2669 1395 2726 sicut
1402 2678 1429 2726 et
1439 2669 1530 2725 omnia
1537 2670 1589 2726 clia
1597 2672 1677 2728 Pater
1691 2679 1718 2729 et
1727 2673 1768 2728 Fi-

116 2752 427 2825 atieruitadiabolo,ut
442 2753 846 2825 sicjustitiavinoeretur24
860 2753 918 2810 dia·
968 2756 1030 2825 lius,
1064 2765 1091 2814 et
1109 2758 1252 2815 anaborum
1281 2757 1397 2830 Spiritus
1428 2756 1507 2814 simul
1538 2766 1565 2815 et
1597 2761 1769 2818 concorditer

115 2843 204 2909 bolus,
217 2857 272 2898 non
287 2842 417 2914 potentia.
430 2842 483 2899 Sed
496 2858 549 2916 qua
556 2842 755 2913 justitiailesu
764 2842 874 2901 Christi.
883 2843 919 2898 Et
969 2855 1127 2918 operantur.
1143 2847 1197 2904 Sed
1212 2847 1235 2902 si
1247 2855 1370 2904 anteros
1383 2845 1516 2921 diligebat
1530 2848 1614 2918 Deua,
1630 2851 1767 2923 quomodo

116 2931 254 3005 quomodo
269 2931 358 2988 rictus
371 2939 412 2987 est
426 2931 485 2988 eal
499 2932 564 3004 quia
578 2947 641 2988 cum
655 2931 684 2986 in
698 2946 731 2988 eo
750 2932 817 2986 nihil
831 2939 919 2988 morte
968 2951 1018 3006 per
1032 2942 1147 2992 mortem
1161 2935 1259 2990 Christi
1281 2935 1307 2992 ei
1321 2952 1415 2992 sumus
1429 2936 1609 3002 reconciliati,
1634 2946 1661 2994 et
1679 2939 1713 2994 ab
1727 2939 1768 2996 ira

114 3019 230 3094 dignum
253 3019 398 3087 inveniret,
421 3019 521 3076 occidit
540 3036 603 3076 eum
628 3027 733 3076 tamen.
760 3020 795 3076 Et
822 3020 917 3091 utique
968 3021 1101 3079 liberati?
1115 3024 1156 3079 Ad
1171 3023 1244 3096 quod
1269 3023 1393 3091 dicimus,
1419 3025 1492 3096 quod
1514 3025 1554 3081 ira
1568 3026 1628 3095 Dei,
1645 3027 1768 3099 quicum

110 3109 218 3180 justum
231 3116 288 3176 est,
303 3116 334 3163 ut
354 3107 492 3164 debitores
505 3124 574 3181 quos
597 3110 707 3165 tenebat
729 3107 809 3165 liberi
823 3108 917 3164 dimit-
930 3084 954 3146 ⁰
967 3110 1161 3183 tranquillitate
1172 3111 1284 3181 judicat,
1299 3111 1366 3167 nihil
1380 3121 1423 3168 est
1436 3113 1509 3169 aliud
1524 3129 1606 3186 quam
1617 3115 1691 3184 justa
1706 3115 1770 3172 vin·

115 3205 206 3254 tantur
221 3197 250 3252 in
273 3211 336 3253 eum
358 3197 512 3266 credentes,
527 3213 609 3270 quem
623 3197 682 3254 sine
694 3197 751 3254 ullo
765 3196 857 3253 debito
871 3212 916 3255 oo·
967 3199 1049 3256 dicta.
1065 3198 1141 3271 (125)
1156 3199 1184 3254 Si
1198 3215 1265 3272 crgo
1277 3199 1349 3269 juste
1363 3199 1454 3256 diuina
1467 3200 1587 3258 vindicte
1599 3202 1652 3258 tale
1667 3218 1768 3260 nomen

114 3286 192 3344 cidit.
207 3285 272 3342 ldeo
292 3293 382 3342 autem
408 3286 528 3358 potentia
551 3287 661 3344 vincere
674 3285 844 3359 uoluit,quia
859 3286 918 3342 dia·
967 3287 1113 3358 acceperit,
1135 3287 1318 3344 reconciliatio
1346 3288 1396 3345 Dei
1410 3297 1485 3346 recte
1507 3290 1676 3366 intelligitur,
1705 3307 1769 3349 eum

116 3375 197 3432 bolus
222 3374 287 3430 vitio
311 3375 497 3446 perversitatis
514 3391 571 3431 suae
594 3383 701 3432 amator
720 3383 763 3431 est
779 3373 916 3447 potentia,
967 3375 1029 3432 talis
1043 3375 1085 3431 ira
1100 3374 1199 3445 linitur,
1224 3376 1328 3433 scilicet
1351 3392 1413 3434 curn
1426 3395 1443 3433 a
1456 3386 1531 3436 reatu
1544 3395 1633 3451 poenae
1648 3380 1772 3438 absolvi·

116 3471 144 3519 et
159 3463 284 3519 desertor
301 3471 528 3536 oppugnatorque
546 3462 665 3534 justitiae,
681 3463 709 3518 in
725 3479 779 3536 quo
794 3463 918 3519 homines
968 3480 1039 3520 mur.
1055 3464 1118 3520 Non
1132 3465 1206 3521 enim
1229 3465 1333 3523 inimici
1356 3482 1463 3522 eramus
1488 3469 1556 3537 Deo,
1572 3468 1624 3524 nisi
1639 3470 1769 3543 quemad·

114 3551 204 3625 magis
219 3566 282 3607 eum
299 3550 448 3620 imitantur,
472 3551 528 3624 qui,
553 3552 681 3625 neglecta
700 3552 744 3611 vel
763 3553 845 3608 etiam
866 3567 918 3623 pe·
968 3552 1080 3610 modum
1092 3555 1203 3626 justitiae
1222 3563 1284 3612 sunt
1311 3555 1421 3613 inimica
1447 3565 1568 3628 peccata,
1599 3565 1626 3614 et
1648 3558 1711 3616 ideo
1725 3576 1771 3616 re·
1796 3543 1801 3552 ⁵

113 3655 179 3696 rosa
198 3639 313 3709 justitia,
337 3641 466 3712 potentiae
491 3641 579 3714 magis
605 3641 722 3709 student,
748 3641 861 3714 ejusque
875 3640 918 3697 vel
968 3641 1061 3698 missis
1076 3644 1195 3716 peccatis
1218 3644 1286 3700 tales
1299 3643 1447 3702 inimicitiae
1470 3642 1608 3712 liniuntur,
1633 3653 1660 3702 et
1674 3663 1772 3704 recon-

114 3727 260 3800 adeptione
271 3729 404 3799 laetantur,
413 3729 456 3786 uel
467 3729 614 3800 eupiditate
623 3729 830 3786 inflammantur.
843 3728 919 3784 Ideo
968 3730 1096 3788 cillantur
1120 3733 1205 3803 justo,
1232 3747 1302 3805 quos
1325 3732 1384 3804 ipse
1400 3730 1539 3802 iustificat.
1564 3733 1676 3790 Peccata
1698 3734 1772 3792 enim

116 3833 171 3890 que
198 3817 300 3890 placuit
332 3818 400 3886 Deo,
434 3825 463 3873 ut
490 3833 545 3874 non
581 3817 702 3890 potentia
738 3817 788 3874 sed
816 3817 919 3888 justitia
968 3826 1064 3876 nostra
1077 3819 1204 3877 diabolus
1218 3820 1334 3888 tenebat,
1352 3829 1379 3876 ει
1396 3836 1446 3891 per
1466 3820 1513 3876 illa
1528 3837 1579 3876 nos
1593 3821 1691 3878 merito
1705 3839 1771 3896 age-

116 3906 242 3978 vincens,
280 3906 420 3963 bominem
454 3914 571 3973 erueret,
607 3906 636 3962 in
667 3921 721 3979 quo
746 3907 828 3962 homo
856 3922 919 3962 euru
968 3908 1016 3963 bat
1028 3907 1057 3962 in
1071 3915 1203 3975 mortem;
1220 3908 1269 3964 sed
1284 3915 1388 3964 tentum
1402 3907 1484 3964 valuit
1495 3908 1541 3964 ille
1555 3909 1669 3983 sanguis
1681 3918 1711 3968 ut
1724 3911 1772 3968 ho-

115 3995 215 4051 bnitari
238 3995 366 4052 disceret.
392 3997 489 4051 Postea
511 4011 577 4052 vero
599 3994 628 4050 in
651 3995 849 4053 resurrectione
871 4011 918 4050 se·
968 3995 1308 4053 minesabaeternamorte
1322 3995 1574 4054 debitaliberaverit
1587 3998 1771 4056 morstristi

114 4090 180 4142 outa
203 4091 245 4141 est
273 4083 403 4156 potentia.
429 4083 534 4139 lustitia
555 4099 623 4156 ergo
646 4083 731 4156 prius,
747 4089 775 4139 et
797 4082 916 4155 potentie
969 4084 1099 4152 indebita,
1116 4099 1185 4158 quos
1200 4093 1290 4142 tamen
1315 4085 1398 4142 etiem
1412 4084 1537 4142 inimicos
1551 4085 1644 4160 utique
1658 4087 1765 4147 dilexit.

113 4181 220 4245 postea.
236 4171 383 4228 Diabolum
404 4171 470 4228 uicit
480 4171 593 4242 justitia,
619 4171 802 4244 quianullum
816 4187 918 4244 pecea-
968 4173 1129 4231 Undereete
1141 4174 1770 4250 sequitur:SiceimpermortemFilii,quasi

112 4269 172 4317 tum
186 4260 290 4332 babuit,
306 4269 333 4316 et
348 4260 383 4316 ab
407 4259 454 4316 illo
468 4259 646 4330 injustissimo
668 4260 777 4317 occisus
791 4268 849 4328 est3
864 4275 918 4333 po-
968 4261 1041 4318 dicat
1058 4280 1065 4318 :
1084 4259 1153 4318 Vere
1164 4263 1221 4332 jam
1244 4262 1340 4320 vivens
1363 4263 1463 4334 poterit
1480 4264 1585 4322 amicos
1607 4264 1695 4324 laotos
1714 4265 1770 4324 sal-

113 4349 209 4418 tentia,
226 4348 290 4422 quia
312 4347 412 4405 revixit
432 4356 557 4406 mortuus
569 4365 707 4422 nunquam
721 4355 818 4422 postea
832 4348 918 4406 mori·
968 4366 1044 4408 rare.
1059 4351 1151 4419 Enim,
1166 4351 1194 4408 id
1210 4359 1251 4408 est
1265 4351 1326 4425 quia
1339 4367 1391 4408 nos
1400 4355 1580 4412 reconciliati
1589 4371 1686 4412 eumue
1699 4355 1768 4425 Deo,

114 4451 201 4495 turus.
929 4436 1156 4512 1)[dugustinus]
1180 4439 1227 4512 qui
1248 4439 1325 4512 prius
1343 4441 1416 4511 juste
1437 4457 1546 4498 eramus
1570 4442 1621 4498 sub
1634 4450 1770 4514 potestate

151 4527 205 4584 Sed
218 4542 310 4584 nonne
326 4526 389 4597 jure
410 4525 566 4598 equissimo
589 4525 729 4582 diabolum
747 4525 868 4584 vinceret
890 4526 914 4582 ai
969 4527 1078 4599 diaboli,
1094 4535 1191 4585 natura
1205 4529 1356 4601 depmvate
1369 4537 1492 4602 peccato.
1517 4530 1695 4588 Reconciliuti
1708 4531 1770 4590 dico

113 4615 234 4688 potentia
248 4623 353 4672 tantum
377 4613 502 4671 Christus
516 4631 577 4672 cunr
596 4614 643 4671 illo
657 4630 742 4688 agere
761 4614 914 4671 uoluisset?
966 4632 1019 4690 per
1036 4621 1156 4673 mortem
1174 4618 1230 4688 filii
1244 4621 1315 4692 ejus,
1339 4635 1402 4676 cum
1416 4619 1503 4675 adbuc
1518 4634 1639 4676 essemus
1653 4619 1765 4688 inimici,

113 4705 223 4777 Utique.
257 4703 312 4760 Sed
338 4703 491 4776 postposuit
515 4703 639 4760 Christus
662 4703 736 4776 quod
760 4703 857 4775 potuit,
884 4709 914 4758 ut
968 4718 1023 4761 non
1037 4720 1198 4779 quocunque
1212 4705 1295 4763 modo
1306 4715 1475 4779 peccatores.
1491 4707 1526 4763 Et
1539 4707 1562 4763 si
1577 4709 1680 4766 hoeest
1695 4708 1770 4782 quod

113 4793 191 4867 prius
204 4800 298 4866 ageret
312 4793 384 4867 quod
398 4793 527 4866 oportuit.
543 4792 585 4849 Ad
599 4793 652 4850 boc
666 4799 757 4848 autem
772 4798 833 4848 erat
845 4807 914 4864 opus
968 4793 1062 4865 utique
1076 4802 1127 4861 est,
1145 4810 1214 4868 ergo
1227 4796 1320 4853 multo
1329 4797 1430 4868 meeis,
1448 4813 1500 4854 eoa
1519 4797 1697 4854 reconciliati
1716 4798 1771 4854 eri·

113 4883 191 4939 illum
205 4897 267 4939 esse
281 4888 307 4938 et
329 4881 481 4953 hominem,
503 4889 530 4938 ει
549 4883 646 4938 Deum.
671 4881 731 4938 Nisi
746 4881 819 4938 enirn
832 4881 914 4937 bomo
969 4899 1044 4950 mur,
1060 4881 1242 4958 [Ambrosius]
1253 4899 1309 4940 non
1316 4884 1399 4941 modo
1406 4884 1441 4940 ab
1451 4883 1492 4941 ira
1500 4885 1617 4952 liberati,
1627 4886 1677 4955 ¹sed
1686 4886 1770 4944 etiem

114 4979 197 5038 esset,
212 4985 268 5027 non
281 4979 375 5042 posset
394 4970 499 5038 occidi,
516 4969 568 5026 nisi
584 4971 658 5028 Deus
672 4977 755 5038 esset,
781 4985 836 5026 non
855 4985 914 5026 cre·
969 4972 1051 5040 solui,
1068 4979 1094 5026 et
1106 4972 1158 5028 boc
1172 4973 1203 5028 io
1218 4973 1277 5028 vite
1294 4974 1393 5045 ipsius,
1409 4973 1437 5029 id
1452 4980 1494 5029 est
1508 4989 1559 5046 per
1573 4973 1656 5031 vitem
1670 4974 1766 5047 ipsius,

114 5061 227 5116 deretur
241 5059 360 5116 voluisse
375 5060 449 5133 quod
462 5060 558 5132 potuit,
574 5060 624 5116 sed
639 5075 693 5116 non
707 5059 829 5133 potuisse
842 5057 915 5131 quod
970 5058 1075 5116 scilicet
1103 5059 1166 5132 quia
1188 5062 1335 5117 resurrexit
1348 5077 1363 5116 a
1377 5062 1502 5119 mortuis.
1525 5063 1560 5118 Et
1581 5072 1623 5120 est
1645 5079 1742 5120 sensus
1759 5080 1768 5120 z

114 5147 209 5208 voluit.
235 5148 341 5204 lustitia
365 5163 433 5222 ergo
455 5147 613 5204 humilitatis
627 5147 765 5205 hominem
778 5146 913 5214 liberavit,
970 5147 1037 5204 lude
1052 5155 1158 5204 certum
1172 5150 1300 5222 estquod
1314 5149 1410 5207 vivens
1425 5150 1632 5223 poteritamicos
1647 5151 1767 5223 salvere,

115 5253 178 5311 quae
199 5237 258 5294 sola
279 5237 404 5310 potentia
431 5237 587 5310 aequissime
618 5235 734 5294 iibemre
765 5236 861 5308 potuit.
887 5235 917 5294 si
971 5235 1033 5310 quia
1051 5243 1176 5292 mortuus
1194 5237 1281 5309 potuit
1300 5236 1449 5307 iustificare
1470 5253 1547 5311 :quc
1566 5239 1638 5297 lacto
1666 5239 1769 5298 inimici

113 5326 187 5384 enim
209 5334 267 5383 tres
298 5327 338 5384 illi
361 5327 390 5382 in
412 5342 522 5384 causam
550 5325 684 5393 venirent,
701 5325 806 5384 scilicet
829 5327 914 5397 Deus,
971 5341 1005 5380 ex
1018 5331 1133 5397 peccato
1155 5333 1217 5381 sunt
1241 5325 1416 5384 reconciliati.
1430 5328 1502 5384 Nam
1524 5327 1604 5386 amici
1618 5328 1679 5386 Dei.
1704 5329 1770 5404 [du-

146 5501 218 5571 (tat)
232 5501 544 5569 tuqmdnuctneoden.
1005 5502 1073 5569 etta)
1092 5506 1206 5569 turma,
1225 5505 1399 5559 belrinitutc.

188 5702 309 5760 Peraea.
329 5699 423 5759 cxct.
