3882 6064
75 185 119 238 iti
440 177 724 238 conuuonnntuu
738 177 1006 238 mesaneos·
1020 179 1115 238 estu.
1131 183 1198 242 LIV.

1668 191 1721 246 oto

72 304 167 375 solvar,
180 313 207 361 et
221 304 262 362 sic
275 304 383 362 avolem
398 304 432 362 ab
456 305 507 372 eis,
536 312 562 362 ει
586 321 647 362 curn
676 304 783 362 Christo
808 303 871 380 qui-
885 303 1002 366 Atettu·
1035 303 1188 377 desertum,
1201 313 1231 366 et
1254 312 1355 382 iterent
1379 317 1515 388 tanquam
1535 313 1629 370 titium
1648 313 1716 384 (lta.

75 395 186 450 eseam?

100 536 186 590 isus
199 535 226 590 i.
242 563 278 576 -
295 555 306 585 ι
323 533 395 590 Εεεε
420 533 547 608 elongavi
578 533 702 606 logicum
733 541 759 590 et
783 549 872 590 mansa

75 649 82 670 r
102 623 129 678 in
143 621 306 679 solitudine.
327 645 338 672 ι

103 749 172 803 Ecce
188 747 319 817 ebnpcct
338 747 460 818 tuphae
476 745 553 818 petiit
567 745 618 802 iste
631 760 748 818 pennas,
765 752 790 801 et
819 747 871 802 ba-

69 836 132 899 buit,
152 834 276 888 sednon
295 848 330 889 eo
348 832 431 889 modo
446 848 500 904 quo
516 831 604 904 petiit,
620 833 724 890 scilicet
746 840 776 890 ut
802 849 871 890 avo·

69 922 132 976 laret
157 922 191 975 eb
215 920 256 976 eis
284 936 409 992 corpore,
439 920 488 976 sed
511 935 618 976 morum
641 920 869 990 dissimilitudine,

70 1009 166 1065 nehus
182 1008 247 1064 lecit
271 1008 296 1062 ei
323 1009 398 1064 Deus
415 1023 497 1080 quam
517 1007 643 1079 petierat,
668 1007 762 1083 [hup]
790 1025 872 1081 quem

70 1098 107 1152 sic
125 1095 218 1170 gratia
233 1095 413 1162 confirmavit,
437 1103 466 1152 ut
479 1094 551 1151 inter
564 1096 652 1152 malos
680 1111 798 1168 corpore
813 1113 871 1152 ext·

71 1193 153 1253 stans,
182 1185 244 1256 ipse
267 1184 400 1256 proficiat,
427 1191 454 1240 et
476 1183 499 1238 si
515 1199 570 1240 non
586 1184 634 1251 illi,
651 1192 678 1240 ει
692 1185 808 1242 charitas
819 1186 871 1241 bo-

72 1289 164 1329 norum
179 1288 236 1329 non
250 1279 399 1343 rumpatur.
416 1272 453 1327 Et
467 1272 519 1328 hoc
538 1279 590 1341 εει,
605 1272 666 1328 Dixi
684 1291 691 1327 :
707 1271 773 1342 Quis
797 1272 871 1328 dabit

71 1362 134 1415 mihi
150 1366 299 1432 pennas‚et
312 1359 470 1432 habui,quia
485 1376 548 1416 ecce
562 1361 676 1432 sapiens
689 1362 818 1432 elonqaci
826 1378 871 1419 mc

70 1449 189 1518 amalis,
203 1463 260 1504 non
274 1446 344 1515 loco,
360 1464 395 1503 ne
412 1455 554 1518 rumpatur
581 1448 697 1504 charitas
726 1449 868 1518 bonorum,

69 1547 93 1592 et
115 1553 150 1593 ne
172 1536 304 1607 perdatur
335 1535 493 1592 exercitium
521 1535 666 1603 malorum,
698 1552 768 1609 quos
796 1537 871 1593 Deus

68 1624 207 1687 admiscet,
226 1624 295 1680 sicut
308 1631 335 1679 ει
349 1624 446 1679 ludam
470 1624 601 1696 apostolis
620 1624 687 1696 (et).
705 1625 824 1698 Fugiens
839 1642 906 1718 seB

66 1714 184 1784 elongat,
210 1711 258 1784 qui
280 1726 297 1767 a
319 1711 399 1766 turba
422 1710 622 1769 desideriorum
645 1719 816 1768 terrenorum
841 1730 869 1768 tn

65 1801 146 1856 altem
160 1799 212 1856 bei
231 1799 487 1872 contemplationem
514 1817 544 1856 se
573 1801 710 1857 sublevat.
730 1802 867 1874 Sequitur,

68 1891 97 1942 et
111 1885 205 1941 mansi
219 1886 252 1940 in
262 1884 426 1950 solitudine,
437 1883 647 1958 [augimentis
665 1885 713 1940 ubi
728 1884 819 1941 nullus
829 1893 870 1942 est

68 1991 128 2030 eum
142 1989 177 2028 eo
191 1971 246 2028 nisi
268 1972 353 2040 Deus,
379 1971 426 2028 ubi
446 1972 524 2044 quies
539 1974 606 2045 (tt).
629 1975 719 2030 htauet
746 1974 818 2030 enim
842 1973 871 2029 in

69 2062 224 2125 sohtndine
242 2061 289 2133 qui
311 2067 472 2133 perseverat
487 2061 515 2116 iu
530 2069 636 2118 remota
663 2062 761 2118 mentis
782 2063 870 2118 inten-

68 2161 149 2206 tione.

99 2296 186 2352 Aliter
202 2303 289 2352 toturn
303 2310 321 2352 a
334 2295 468 2366 principio
477 2296 586 2368 psalmi,
605 2305 632 2352 et
645 2297 746 2369 legitur
759 2298 788 2352 in
803 2314 870 2369 per-

66 2401 132 2440 sona
148 2383 261 2450 Christi,
276 2383 304 2438 in
319 2398 375 2455 quo
389 2383 553 2440 describitur
567 2384 675 2442 servilis
704 2383 802 2453 forma,
834 2386 872 2443 ait

923 400 1026 472 xxxv).
1042 396 1151 455 Etalibi
1168 415 1174 453 :
1191 399 1310 467 laetare,
1327 401 1434 458 sterilis
1457 419 1518 476 quae
1545 418 1603 458 non
1629 404 1719 475 ports,

864 533 870 547 .
922 495 975 544 etc.
992 490 1057 560 (lsc.
1075 491 1141 557 niv).
1162 485 1231 542 illud
1246 487 1327 544 etiarn
1342 489 1377 544 ad
1391 489 1509 546 litteram
1534 491 1619 564 tangit
1647 490 1721 563 quod

922 575 1021 632 vitabat
1047 582 1254 648 persequentes,
1277 584 1307 631 ut
1328 577 1501 634 occasionem
1516 577 1565 634 irae
1580 579 1701 635 demeret
1713 597 1733 645 ;.

922 670 949 719 et
960 665 1089 721 mouebat
1104 663 1132 718 in
1146 662 1263 720 desertis
1277 679 1371 734 orans,
1384 665 1412 721 in
1432 681 1486 738 quo
1499 665 1615 722 docebat
1629 681 1679 722 nos
1692 667 1721 722 in

922 761 1029 810 secreto
1044 750 1218 810 conscientiae
1242 752 1393 824 quiescere,
1415 769 1478 812 cum
1492 769 1509 809 a
1523 753 1601 810 malis
1616 753 1720 825 premi·
1756 777 1762 788 ·

921 856 993 896 ιιιιιι.

957 954 1031 1009 ans
1045 968 1074 1009 ιι.
1090 951 1244 1036 Διάψαλμε.
1259 954 1344 1010 Vnus.
1372 959 1397 1010 8.
1422 985 1456 996 -
1486 977 1496 1006 ι
1522 955 1723 1028 Exspectabam

850 1096 855 1108 .
924 1071 935 1100 ι
953 1066 1016 1107 eum
1031 1051 1078 1123 qui
1091 1050 1196 1108 salvum
1217 1066 1262 1108 me
1276 1049 1359 1118 lecit;
1383 1051 1635 1123 epusillanimitata
1663 1055 1722 1126 spi·

923 1158 936 1191 e
958 1138 1026 1194 ritus
1040 1147 1066 1194 et
1077 1147 1248 1211 tempestate.
1262 1160 1274 1190 ι

955 1246 1159 1307 Exspectabam
1174 1245 1262 1318 euml
1276 1244 1409 1312 Cassiod„
1426 1243 1545 1312 Alcuin,
1557 1248 1639 1318 hug.;
1657 1247 1722 1303 Cas·

922 1334 1003 1400 siud,
1021 1333 1065 1389 Gl.
1081 1332 1141 1406 int].
1164 1333 1290 1390 Secunda
1312 1349 1388 1404 pars,
1404 1334 1451 1389 obi
1463 1334 1518 1404 jam
1532 1333 1561 1388 in
1576 1333 1720 1390 solitudine

921 1422 1024 1490 salvus,
1041 1429 1131 1494 sperat
1155 1422 1285 1478 auxilium
1305 1421 1365 1488 Dei,
1382 1429 1409 1477 et
1422 1422 1589 1492 imprecatur
1603 1421 1719 1489 civibus,

922 1514 949 1562 ει
961 1506 1120 1578 proceditur
1140 1505 1216 1578 prius
1230 1507 1265 1561 de
1279 1506 1367 1577 prime
1390 1505 1516 1574 lectione,
1546 1521 1607 1579 quo
1628 1514 1670 1562 est
1694 1507 1722 1562 in

921 1610 1041 1666 persona
1054 1594 1187 1651 Ecclesiae
1201 1595 1254 1652 hoc
1273 1595 1355 1650 modo
1368 1613 1375 1662 ;
1392 1594 1471 1667 quasi
1484 1595 1555 1651 dicat
1572 1613 1579 1649 ι
1596 1594 1682 1651 Mansi
1695 1595 1723 1650 in

922 1681 1067 1738 solitudine
1080 1682 1188 1749 mentis,
1204 1681 1251 1737 obi
1266 1682 1343 1754 quies
1358 1690 1407 1738 est.
1426 1682 1481 1739 Sed
1495 1682 1558 1754 quia
1577 1691 1655 1740 extra
1670 1683 1721 1738 tri-

919 1769 1021 1826 bulatio
1032 1778 1082 1835 εει,
1102 1772 1301 1842 exspectabam
1317 1787 1381 1826 euna
1395 1771 1444 1842 qui
1456 1771 1566 1827 salvum
1582 1787 1625 1827 me
1640 1773 1720 1842 fecit.

920 1858 1013 1914 Solvet
1036 1873 1088 1914 nos
1112 1858 1246 1925 Christus,
1281 1858 1346 1914 dum
1376 1857 1507 1914 excitatur
1529 1857 1557 1914 in
1577 1859 1666 1926 nobis,
1695 1859 1722 1914 id

921 1953 963 2002 est
987 1946 1052 2001 dum
1067 1945 1135 2002 tides
1150 1947 1208 2016 ejus
1233 1945 1262 2001 in
1276 1946 1356 2002 nobis
1379 1945 1537 2014 inardescit,
1554 1954 1580 2002 et
1593 1945 1659 2002 dum
1678 1946 1721 2003 vi-

920 2035 1017 2090 demus
1040 2051 1101 2106 quae
1119 2050 1169 2106 pro
1192 2033 1272 2090 nohis
1284 2034 1377 2090 tulerit
1391 2042 1420 2090 ut
1443 2043 1470 2091 ει
1484 2036 1579 2091 Petrus
1592 2034 1723 2092 liberatus

920 2130 971 2190 est,
989 2139 1051 2179 curn
1066 2121 1194 2180 excitavit
1222 2139 1285 2179 eum
1308 2123 1500 2192 dormientem,
1529 2122 1624 2180 dicens
1640 2143 1647 2180 ι
1662 2125 1718 2182 Do-

920 2212 1008 2276 mine,
1023 2212 1149 2284 perimus
1165 2211 1277 2283 (hatte.
1295 2212 1366 2283 vin).
1382 2212 1416 2267 Et
1432 2219 1461 2268 tu
1476 2227 1543 2286 ergo
1557 2212 1581 2268 si
1595 2211 1722 2269 navicula

921 2299 1013 2356 cordis
1037 2299 1161 2354 turbatur
1184 2299 1213 2353 in
1241 2299 1379 2368 fluctibus,
1409 2299 1495 2356 excita
1524 2300 1668 2369 Christum,
1694 2301 1722 2356 id

921 2395 963 2443 est
978 2385 1059 2443 hdem
1076 2386 1172 2443 Christi
1187 2387 1305 2454 intest
1323 2387 1447 2444 iuvans.
1467 2388 1546 2445 Unde
1560 2404 1606 2444 me
1629 2388 1722 2444 salva-

67 2472 270 2547 ergoChristus
284 2473 434 2528 seeundum
449 2473 523 2545 quod
536 2473 637 2540 bomo;
653 2475 775 2542 Exaudi,
787 2477 868 2543 Deus,
921 2475 979 2531 vict
993 2492 1010 2530 a
1024 2475 1269 2548 pusillanimitate
1283 2477 1413 2548 spiritns,
1444 2492 1499 2548 qua
1513 2490 1597 2548 supra
1611 2476 1678 2534 dixit
1692 2493 1723 2532 se

65 2564 227 2618 mationem
248 2577 353 2628 mam,
369 2565 398 2616 et
412 2577 448 2616 ne
466 2561 626 2634 despexeris
645 2563 872 2635 deprecationem
921 2563 1065 2630 turbatum,
1091 2567 1119 2620 et
1149 2567 1326 2637 tenpestate,
1347 2563 1375 2619 id
1390 2571 1432 2621 est
1445 2563 1632 2622 seditionibus.
1657 2565 1723 2621 Haec

70 2667 184 2717 mecm;
199 2649 405 2718 intendcmibi,
423 2647 478 2720 [Gi.
489 2649 550 2720 int,
567 2649 874 2723 Cassiod.,ltier.]qoia
921 2659 1070 2723 tempestus
1083 2650 1112 2707 in
1126 2668 1178 2724 qua
1192 2653 1291 2708 Petrus
1305 2652 1440 2709 clamabat
1457 2669 1463 2708 ι
1484 2653 1527 2709 lte
1542 2653 1670 2721 salvasti;
1686 2652 1722 2708 il-

71 2755 131 2792 sum
147 2739 177 2794 in
192 2755 274 2810 ιιιιειιι
289 2737 432 2804 intendas;
447 2741 474 2794 et
484 2738 590 2794 exaudi
605 2753 659 2808 me,
667 2737 790 2812 dignum
800 2738 871 2809 Qtud
922 2739 964 2797 los
978 2747 1068 2795 autem
1079 2739 1125 2811 qui
1135 2755 1165 2795 se
1175 2740 1366 2809 extulemnt,o

68 2827 139 2883 enim
156 2827 206 2882 tibi
220 2828 284 2884 esti
314 2826 505 2884 Contristetuc
530 2842 604 2894 tum,
626 2825 873 2884 humanainfirmi-
960 2863 1042 2919 Vm⁸
1058 2868 1086 2920 9.
1108 2863 1310 2936 -praeeipm,
1340 2863 1476 2933 Domine,

65 2927 127 2985 tate,
149 2918 183 2972 in
199 2915 406 2973 exercitatione
415 2931 489 2982 meo,
506 2929 560 2971 nno
574 2913 684 2971 nomine
699 2915 756 2971 vita
773 2912 872 2972 Christi

66 2998 225 3071 exponitur,
240 2998 287 3070 qui
301 2997 376 3054 nullo
390 2996 445 3055 otio
455 2997 490 3052 ab
505 2997 624 3070 incoepto
634 2998 765 3055 remissus
779 2999 872 3056 estin
886 3008 912 3071 c

68 3105 122 3160 quo
135 3087 249 3142 tristis?
270 3086 332 3160 quia
345 3083 444 3158 perfidi
458 3101 514 3142 non
528 3085 650 3142 relerunt
678 3085 805 3145 fructum.
836 3090 871 3144 Et
902 3143 903 3146 ,

64 3177 252 3234 centuriatus
270 3192 333 3232 sum
348 3191 366 3231 u
381 3191 445 3232 occe
460 3175 581 3247 inimici,
599 3174 645 3246 qui
659 3191 704 3232 me
719 3175 869 3232 Samarita-

68 3282 132 3321 num
143 3273 172 3320 et
181 3263 346 3321 daemonium
358 3263 504 3320 habentem
512 3263 638 3319 dicebant
648 3263 739 3336 (ioan.
751 3263 822 3334 vrit).
836 3267 870 3322 lit

1491 2864 1583 2922 divide
1610 2866 1721 2940 inpias
1750 2863 1758 2888 ⁸

925 2974 936 3004 ι
958 2967 1062 3018 eorum,
1082 2952 1212 3024 quoniam
1230 2953 1286 3009 vidi
1301 2953 1470 3025 iniquitatem
1487 2961 1514 3010 et
1529 2954 1722 3012 contradictio-

925 3059 936 3083 ι
960 3051 1021 3091 nem
1036 3035 1064 3090 in
1079 3036 1196 3092 civitate.
1216 3057 1227 3086 ι

956 3142 1084 3208 Dmntne,
1097 3142 1257 3215 precipita,
1278 3141 1423 3214 [Cassiod.,
1441 3143 1524 3215 Aug„
1541 3143 1661 3217 dicuin]
1684 3131 1719 3201 ne

919 3229 1041 3285 muniant
1055 3229 1238 3304 cogitationes
1251 3246 1316 3286 suas
1340 3231 1529 3302 machinando,
1546 3230 1574 3287 id
1585 3238 1627 3288 εει
1640 3233 1720 3304 quasi

66 3354 286 3411 atributaticne
310 3352 475 3424 peccatoris.
495 3350 549 3423 [Gi.
572 3351 621 3418 ιιι,
646 3352 734 3419 Ηιει.,
750 3352 867 3419 illenim,

66 3442 208 3508 Cassiod,
231 3441 318 3508 iliam,
339 3439 476 3512 Cassiod]
498 3440 533 3494 Et
546 3455 602 3496 uon
615 3456 678 3496 meo
691 3440 798 3508 merito,
821 3442 869 3498 sed

66 3547 115 3587 suo
130 3531 216 3586 malo.
235 3530 373 3598 Quoniam
387 3527 605 3585 declinaverunt
618 3529 870 3602 iniquitatesque

63 3620 135 3674 mala
160 3634 211 3674 sua
231 3617 297 3674 mihi
320 3617 516 3689 imponebant;
539 3621 567 3673 et
584 3618 616 3672 in
630 3618 675 3674 ira
692 3635 744 3674 sun
758 3617 869 3675 inolesti

64 3713 149 3764 nant
165 3707 247 3774 mibi,
264 3706 313 3762 sed
327 3705 432 3761 ruinosi
447 3705 508 3760 sibi.
520 3705 555 3761 Et
569 3722 619 3777 per
634 3707 695 3772 hoc,
712 3722 759 3762 cor
773 3721 869 3764 meum

64 3797 269 3852 conturbatum
294 3798 345 3861 est,
370 3792 432 3868 lege
454 3793 545 3850 carnis
560 3794 687 3851 turbatur
700 3794 826 3862 animus;
843 3803 869 3850 et

64 3887 127 3952 hcc,
158 3885 189 3939 in
218 3899 272 3948 me,
298 3898 353 3939 non
380 3882 444 3939 exiit
472 3898 488 3937 a
517 3897 571 3948 me,
586 3882 613 3938 id
632 3889 682 3949 est,
699 3898 754 3939 non
768 3898 868 3940 neces-

65 3973 144 4028 sitate
169 3971 213 4028 vel
242 3971 339 4028 merito
362 3986 433 4038 meo,
471 3971 594 4026 turbatus
620 3987 690 4037 sum,
715 3971 765 4028 sed
792 3971 869 4028 solva

65 4063 213 4117 voluntate.
229 4061 265 4116 lit
287 4060 409 4131 formido
425 4061 526 4116 mentis
551 4060 662 4126 cecidit,
691 4069 721 4115 ut
747 4059 864 4133 pondus,

65 4167 152 4223 super
166 4165 221 4204 me.
238 4148 287 4204 Vel
300 4149 405 4205 cedidit
418 4165 503 4221 super
518 4148 638 4220 me,qnia
647 4148 764 4220 ibiperit
775 4149 802 4204 in
814 4165 868 4221 quo

66 4237 132 4292 nibil
150 4237 234 4292 habet
245 4237 322 4306 juris.
350 4236 428 4292 Unde
447 4255 454 4291 :
470 4239 524 4293 Ero
551 4253 626 4293 mors
652 4242 724 4304 tua,·
751 4255 765 4294 o
792 4254 867 4296 mors

64 4327 137 4382 stiae.
157 4325 230 4394 xxii).
246 4325 282 4381 Et
295 4327 387 4394 timor,
400 4324 491 4391 animi,
508 4329 535 4382 et
545 4329 659 4395 tremor,
671 4325 804 4398 corporis,
821 4343 868 4384 ce·

66 4418 174 4470 nerum
188 4431 274 4486 super
287 4431 343 4472 nae.
355 4412 508 4486 Proprietas
518 4413 613 4469 mortis
624 4423 674 4480 εει,
691 4421 720 4469 ut
735 4429 796 4470 eam
808 4414 861 4486 pri·

66 4519 109 4559 mo
125 4504 282 4572 timeamus,
294 4502 358 4558 inde
374 4502 627 4559 contremiscamus.
641 4504 676 4559 nt
686 4499 869 4560 contenitm'e

65 4593 191 4657 tenebra,
208 4591 262 4646 alia
274 4591 372 4658 littera,
390 4589 417 4646 id
432 4601 474 4646 est
488 4606 561 4647 mors
585 4598 677 4646 secuta
693 4599 748 4648 cst.
779 4591 816 4647 Et
841 4592 869 4647 in

65 4682 116 4738 bac
131 4679 340 4736 conturbatione
353 4679 468 4751 positus,
485 4679 559 4735 dixi:
587 4680 653 4748 Quis
681 4681 758 4736 dubit
785 4681 867 4750 mibi,

62 4767 111 4819 nisi
127 4775 168 4831 ιιι,
180 4763 296 4820 Domine
310 4766 399 4832 Pater,
419 4765 762 4836 pennassicutcotumioe,
785 4770 868 4824 etco-

65 4856 123 4909 tabo
139 4853 361 4926 etrcquisccm?
382 4853 409 4908 id
431 4861 482 4923 est,
498 4860 527 4908 ut
547 4852 654 4909 avolem
677 4853 809 4909 aludaeis
824 4855 869 4909 in-

64 4939 201 5008 fidelibus,
214 4949 240 4996 et
255 4941 394 5014 quiescam
410 4942 438 4996 in
461 4941 589 5014 gentibus
603 4941 787 5002 credentibus.
812 4942 871 5016 [ul-

63 5032 148 5098 cuin.,
177 5029 264 5099 Hier,
284 5029 421 5103 Cassiod]
434 5031 468 5088 Ut
482 5029 553 5086 enim
575 5030 701 5088 columba
711 5031 811 5088 emissa
825 5032 869 5087 in-

65 5120 179 5175 veniens
194 5119 294 5189 lutosa,
310 5120 453 5175 adoream
468 5134 578 5174 reversa
602 5127 653 5186 est,
683 5119 722 5176 sic
746 5120 868 5176 Christus

64 5208 154 5264 lutosa
167 5207 312 5264 inveniens
334 5207 417 5264 eorda
435 5207 590 5264 iudeorum
615 5207 735 5266 avolavit
748 5209 782 5264 ad
797 5226 868 5284 gen-

64 5307 113 5352 ιεε.
128 5297 207 5354 Unde
217 5295 341 5367 sequitur
353 5313 359 5352 :
372 5298 441 5353 Eece
450 5297 578 5369 elonqavi
587 5298 709 5369 seques,
732 5298 867 5365 aludaeiS,

65 5391 91 5442 et
107 5387 204 5442 mansi
219 5386 250 5440 in
265 5385 431 5454 solitudine,
449 5384 580 5456 gentium.
597 5384 675 5442 Unde
690 5385 772 5442 isaias
789 5405 794 5440 :
812 5390 869 5444 tce·

98 5563 156 5631 (ot)
168 5565 256 5628 Creu,
269 5564 312 5616 lib.
327 5577 351 5614 ιν
366 5563 521 5629 ιιοιει.,ειιιι
534 5565 575 5616 so.

921 3319 1038 3390 quadam
1051 3318 1200 3385 machina;
1220 3323 1248 3376 et
1266 3321 1377 3392 linquas
1392 3336 1490 3378 eorum
1505 3319 1552 3392 qui
1566 3319 1637 3376 male
1651 3335 1720 3378 oon-

920 3407 1093 3477 spiraverunt
1107 3407 1134 3462 in
1149 3415 1222 3464 turre
1237 3407 1375 3480 superbiae
1389 3407 1560 3475 εειιιιιεειιιιε,
1572 3409 1674 3476 aium,
1686 3425 1721 3465 ne

919 3495 953 3550 sit
968 3495 1086 3566 superba
1100 3495 1200 3563 unitas,
1218 3512 1253 3552 ne
1269 3496 1372 3552 malitia
1386 3497 1485 3552 bahem
1503 3495 1638 3554 ellectum.
1664 3499 1721 3554 Ho-

918 3601 979 3639 rum
994 3583 1080 3657 figura
1099 3584 1208 3640 luerunt
1225 3584 1265 3640 illi
1283 3585 1329 3658 qui
1349 3594 1493 3643 moverunt
1506 3587 1592 3658 pedes
1607 3604 1671 3643 suos
1686 3587 1721 3642 ab

918 3671 1041 3742 Oriente,
1064 3681 1090 3728 et
1104 3683 1235 3729 venerunt
1264 3674 1413 3730 interram
1442 3673 1563 3730 Sennaar
1587 3673 1722 3732 aedificare

918 3759 1012 3816 turrim
1027 3768 1122 3817 contra
1140 3760 1296 3831 Dominum,
1327 3779 1387 3834 quae
1401 3761 1571 3835 pertingeret
1585 3779 1670 3834 usque
1684 3764 1719 3818 ad

920 3847 1030 3919 coelum,
1047 3857 1075 3904 ut
1091 3849 1130 3905 sic
1144 3864 1243 3905 nomen
1266 3864 1360 3904 eorum
1386 3848 1578 3906 celebraretur.
1610 3851 1663 3906 Sed
1683 3850 1720 3905 ibi

919 3937 1030 3994 confusa
1044 3944 1085 3992 est
1099 3936 1193 4010 lingua
1207 3952 1311 4004 eorum,
1332 3953 1366 3994 ne
1381 3937 1517 3994 efficerent
1543 3938 1616 4010 quod
1640 3939 1717 3995 vole-

921 4025 986 4081 bant
1001 4025 1080 4098 (Gen.
1092 4040 1122 4093 x,
1138 4025 1190 4096 ιιι),
1208 4025 1243 4081 ita
1267 4025 1334 4097 petit
1348 4026 1399 4082 iste
1414 4025 1449 4082 de
1463 4026 1542 4082 malis
1557 4025 1626 4082 lieri.
1653 4027 1718 4083 Ideo

917 4112 1017 4182 divide,
1034 4114 1166 4186 quoniam
1187 4113 1244 4170 cidi
1258 4115 1455 4188 iniquitatem,
1470 4115 1498 4170 id
1522 4122 1563 4171 est
1577 4115 1719 4187 perfidiam

917 4219 1020 4269 eorum,
1037 4203 1082 4274 qui
1109 4218 1163 4258 uon
1185 4203 1309 4270 credunt,
1328 4208 1357 4260 et
1372 4203 1639 4273 contradictionem,
1656 4206 1720 4278 quia

917 4299 1012 4348 contra
1026 4291 1155 4362 mysteria
1169 4291 1268 4347 Christi
1278 4301 1373 4366 agunt,
1385 4294 1417 4348 in
1432 4293 1550 4350 ciuitate
1561 4294 1716 4365 Babylonia,

882 4367 980 4453 unae
995 4379 1090 4435 turrim
1112 4381 1247 4453 superbiae
1268 4379 1393 4438 aedificat.
1411 4381 1482 4451 Quia
1501 4383 1560 4439 haec
1574 4382 1640 4449 vidi,
1656 4383 1718 4438 ideo

919 4467 976 4543 lugi
990 4468 1018 4523 in
1033 4468 1216 4525 solitudinem.
1242 4469 1312 4525 llaec
1335 4477 1377 4525 est
1398 4469 1494 4526 civitas
1519 4470 1553 4526 de
1577 4486 1632 4542 qua
1654 4469 1719 4527 dicit

919 4557 1109 4629 Dominusper
1119 4559 1289 4630 prophetam.
1305 4558 1365 4631 Ego
1380 4558 1464 4628 Dens,
1481 4567 1507 4614 et
1521 4573 1575 4614 non
1589 4559 1720 4626 homost

919 4645 1056 4702 civitatem
1070 4661 1126 4701 non
1139 4645 1280 4720 ingredior
1294 4646 1367 4716 (Osa.
1385 4647 1435 4716 xi).
1458 4646 1506 4701 Est
1528 4647 1581 4702 alia
1609 4647 1714 4714 civitas,

920 4749 1002 4806 quam
1016 4735 1136 4791 inhabita
1155 4736 1239 4790 Deus.
1255 4735 1296 4790 De
1319 4750 1371 4806 qua
1396 4733 1494 4792 dicitur
1510 4752 1516 4790 :
1534 4736 1595 4791 Non
1623 4739 1716 4807 potest

919 4822 1052 4882 abscondi
1066 4823 1167 4880 civitas
1186 4840 1275 4896 supra
1295 4827 1422 4880 montem
1435 4822 1530 4896 posita
1544 4823 1657 4894 (liniti.
1675 4825 1714 4893 v).

920 4911 953 4966 Et
968 4913 1036 4978 haec,

955 5017 1040 5074 Vnus.
1058 5021 1101 5072 to.
1117 5048 1152 5057 —
1168 5041 1178 5064 ιι
1196 5017 1246 5073 Die
1260 5033 1292 5073 ac
1305 5024 1385 5074 nocte
1400 5017 1579 5074 circundabit
1598 5033 1656 5074 eam
1673 5035 1717 5074 su·

921 5125 932 5158 ι
954 5123 1002 5178 pra
1026 5121 1119 5162 muros
1142 5105 1202 5175 ejus
1221 5105 1367 5178 iniquitas;
1383 5113 1410 5162 et
1425 5105 1503 5162 labor
1516 5105 1544 5161 in
1558 5105 1649 5163 medio
1658 5107 1717 5178 ejus

922 5214 933 5244 ι
955 5193 1128 5262 etinjustitia.
1149 5215 1160 5243 ι

954 5291 1104 5363 Iniquilas,
1118 5289 1213 5364 [hug.,
1230 5290 1274 5346 Gl.
1290 5289 1351 5357 int,
1367 5294 1450 5365 Aug„
1472 5290 1515 5346 Gi.
1537 5290 1598 5366 int]
1613 5309 1666 5349 non
1682 5294 1717 5349 ad

918 5381 1023 5446 horam,
1049 5377 1097 5434 sed
1112 5379 1156 5434 die
1171 5395 1203 5436 ac
1220 5383 1311 5444 nocte,
1337 5378 1365 5434 id
1387 5387 1428 5435 est
1452 5379 1571 5449 assidue,
1592 5383 1716 5446 circum·

953 5556 1007 5628 (tt)
1021 5559 1096 5626 Greq.
1113 5558 1153 5610 ubi
1166 5569 1248 5624 supra.
