3878 6322
119 131 189 185 teob
447 127 701 186 COLLECTANEA
725 128 763 185 nt
781 127 891 184 EPIST.
911 130 944 185 D.
965 129 1080 188 PAULI.
1098 161 1133 174 -
1147 133 1184 189 IN
1201 132 1256 189 ΕΡ.
1277 133 1289 188 l
1307 133 1355 189 AD
1374 133 1456 190 cott.
1709 134 1781 192 tudo

122 253 190 310 dum
205 252 336 326 quianon
351 254 440 310 solum
454 253 529 324 boni,
545 253 595 310 sed
610 254 690 310 etiarn
704 251 769 308 mali
778 252 925 323 dispensa·
936 255 965 315 A
978 254 1128 311 hominurn.
1142 257 1171 311 ln
1181 257 1224 312 bis
1233 256 1395 332 plerumque
1405 267 1502 316 nostra
1509 257 1658 316 credulitas
1667 257 1780 326 fallitur,

121 349 197 400 tores
210 350 281 400 sunt.
307 343 337 397 Si
356 342 429 398 enim
451 359 501 414 per
523 343 612 399 bontas
636 358 686 397 nos
707 341 921 412 dispensaretur,
977 344 1033 412 (tv)
1050 343 1104 399 Sed
1119 345 1270 400 cavendum
1286 355 1375 403 estne
1390 346 1546 418 perniciosa
1560 345 1719 418 opinatione
1733 345 1783 401 lal-

123 447 180 486 non
193 438 266 488 recte
282 431 426 504 Apostolus
440 431 567 488 diceret:
588 431 749 488 Imitatores
763 431 820 486 mei
834 433 923 486 estote
974 429 1073 498 lemur,
1097 439 1126 485 ut
1149 431 1214 503 quia
1236 447 1290 487 non
1315 449 1462 504 possumus
1484 433 1624 490 hominnm
1648 433 1781 505 indagare

125 520 152 590 (ι
167 519 228 575 Cor.
245 520 298 590 tv).
318 519 424 576 Rursus
439 520 462 575 si
477 536 528 591 per
541 520 627 575 malos
637 533 693 574 non
706 518 922 590 dispensaretur,

123 623 180 664 nou
195 607 297 664 diceret
310 607 442 664 Dominus
457 608 492 664 de
513 608 676 680 quibusdam
694 624 701 662 :
724 608 790 676 Quae
811 607 922 674 dicum,

123 697 231 768 facitu
246 712 307 768 quoe
319 700 417 752 autem
430 698 559 768 saciant,
583 697 674 752 nolite
699 699 795 766 tacere
810 694 921 766 (natet.

119 783 213 856 xxru).
229 784 439 856 Dispensatores
454 792 515 840 sunt
530 800 582 855 per
604 799 721 856 quorum
743 781 923 838 ministerium

119 871 279 945 pervenitur
293 872 330 930 ad
344 881 476 929 aternam
490 873 615 928 salutem.
636 873 698 927 Non
714 871 786 928 enim
800 886 862 927 εεεε
877 886 923 925 sa-

119 961 182 1016 lutis
197 961 269 1016 illius
285 961 501 1032 dispensatorem
523 961 701 1033 perverbum
720 968 748 1016 ει
763 975 923 1016 sacramen-

120 1055 188 1117 tum,
213 1057 256 1105 εει
279 1049 351 1105 illius
380 1065 441 1106 esse
463 1049 632 1121 participem.
658 1049 708 1106 llic
731 1049 796 1119 jum
818 1049 923 1121 quoeri-

120 1141 179 1208 ιεν,
194 1145 247 1194 ειε.
271 1136 356 1206 Quasi
379 1138 473 1195 dicat:
497 1139 538 1193 ιιε
560 1138 595 1193 de
611 1137 690 1193 nobis
713 1134 923 1193 'existimandum

119 1233 160 1280 εει
175 1233 204 1281 ut
214 1225 279 1293 dixi,
296 1225 345 1282 sed
356 1227 411 1295 Ale,
427 1225 456 1281 id
471 1234 513 1282 εει
525 1226 596 1282 lnter
610 1241 662 1282 nos
680 1225 754 1298 quod
777 1239 833 1280 non
847 1224 921 1290 alibi,

2 1334 5 1370 t
112 1315 186 1385 jem,
203 1313 308 1371 scilicet
326 1313 354 1368 in
378 1314 508 1386 praesenti
530 1330 591 1370 cum
611 1313 826 1386 exspectandum
850 1321 923 1368 esset

117 1402 206 1458 donec
219 1403 293 1458 Deus
309 1402 422 1472 iudicet,
449 1403 588 1476 queritur
607 1403 669 1476 quia
683 1404 761 1458 luter
776 1401 924 1473 dispensu-

118 1495 191 1547 torea
206 1491 375 1548 inuenietur
388 1494 422 1546 ει
435 1491 537 1560 fidelis,
553 1490 657 1547 scilicet
678 1489 722 1547 cui
741 1490 827 1561 possit
841 1489 917 1546 credi

974 518 1178 586 conscientiam,
1194 519 1311 592 deipsis
1326 522 1410 577 rebus
1431 522 1580 578 habeamus
1603 537 1697 579 veram
1721 538 1780 580 cer-

974 613 1084 679 tamque
1109 608 1280 676 sententiam,
1306 609 1358 664 boc
1381 611 1473 677 modo,
1489 619 1517 667 ut
1541 612 1563 666 εἰ
1583 611 1722 668 nescimus
1746 627 1780 666 an

974 694 1030 762 ille,
1047 695 1091 750 vel
1103 695 1149 751 ille
1164 698 1246 752 horno
1261 696 1296 751 sit
1309 697 1464 768 impudicus
1486 698 1647 770 pudicusve,
1673 698 1717 758 vel
1737 700 1781 769 ju·

975 790 1041 852 stus,
1057 783 1114 838 sive
1129 783 1253 853 injustus.
1270 777 1327 856 (ts)
1352 785 1497 842 Oderimus
1518 793 1610 842 tamen
1632 787 1779 858 impudici·

975 870 1040 925 tiam
1054 879 1080 925 et
1094 870 1265 940 injustitiam
1291 879 1317 928 ει
1338 873 1508 945 pudicitiam,
1533 882 1559 930 et
1576 874 1711 944 justitiam
1734 875 1779 930 di-

973 958 1101 1032 ligamus.
1117 960 1152 1014 Et
1167 959 1226 1016 haec
1241 962 1411 1032 appetenda,
1432 962 1533 1034 illaque
1556 962 1666 1018 vitanda
1681 962 1709 1017 in
1729 961 1780 1018 Dei

973 1047 1088 1105 veritate
1103 1048 1312 1120 conspiciamus,
1333 1057 1361 1104 ut
1376 1065 1438 1106 cum
1461 1050 1495 1106 de
1518 1051 1586 1121 ipsis
1601 1052 1684 1106 rebus
1706 1051 1779 1123 quod

975 1137 1159 1207 appetendum
1174 1143 1226 1204 est,
1243 1138 1405 1208 appetimus,
1423 1138 1530 1210 etquod
1545 1138 1721 1195 devitandum
1736 1148 1779 1197 est

973 1225 1098 1292 vitamus,
1131 1225 1288 1298 ignoscatur
1309 1227 1388 1282 nobis
1414 1227 1460 1298 qui
1479 1227 1515 1282 de
1539 1226 1694 1283 hominibus
1726 1227 1778 1282 ali-

973 1314 1083 1386 qusndo
1097 1313 1152 1370 imo
1164 1313 1273 1370 assidue
1288 1330 1342 1370 uon
1366 1331 1431 1370 vera
1453 1314 1594 1370 sentimus.
1618 1315 1682 1370 Haec
1704 1314 1777 1370 enim

974 1402 1010 1457 ad
1029 1403 1175 1458 humanam
1196 1402 1371 1459 tentationem
1392 1403 1548 1474 pertinent,
1570 1402 1629 1458 sine
1649 1418 1702 1474 qna
1717 1402 1777 1458 ista

973 1490 1028 1546 vita
1043 1505 1098 1546 non
1112 1490 1230 1547 ducitur.
1247 1489 1326 1546 Unde
1336 1491 1483 1563 Apostolus
1500 1492 1650 1546 :lectatio
1660 1506 1774 1546 coenon

117 1587 146 1634 ut
160 1579 231 1636 bene
245 1579 392 1649 dispenset.
414 1579 481 1635 ιιίιι
500 1583 607 1648 eutem,
638 1579 717 1652 quasi
738 1579 834 1635 dicat:
864 1578 957 1672 HocB
974 1578 1467 1652 apprehendatobibcmenutldor.
1479 1578 1775 1651 x).Etsiergo,suspi-

26 1659 31 1667 ’
115 1667 185 1724 inter
216 1683 267 1723 εοε
290 1667 419 1739 quaritur
454 1667 529 1740 quod
547 1682 602 1723 non
624 1675 698 1722 esset
732 1665 918 1738 quaerendum,
972 1667 1065 1724 ciones
1084 1668 1172 1724 vitare
1187 1684 1242 1724 non
1256 1684 1415 1738 possumus,
1434 1667 1499 1740 quia
1521 1667 1647 1722 homines
1669 1683 1772 1734 sumus,

119 1755 196 1818 26
208 1756 256 1811 sed
272 1755 402 1828 quidquid
418 1755 465 1810 ulii
479 1754 587 1811 saciant.
599 1754 668 1812 uiti
680 1771 731 1829 pro
746 1756 866 1812 minimo
878 1758 922 1811 εει
968 1755 1073 1825 judicia
1087 1764 1188 1826 tamen,
1206 1756 1233 1812 id
1250 1764 1292 1812 est
1304 1755 1431 1812 definitas
1453 1755 1600 1828 firmasque
1614 1755 1773 1824 sententias,

115 1848 148 1900 ut
161 1860 179 1899 u
193 1845 267 1901 vodis
272 1845 395 1916 judicer,
409 1843 486 1916 quasi
495 1842 613 1899 infidelis
628 1844 810 1915 dispensator,
822 1847 875 1900 cat
886 1842 920 1898 ει
972 1843 1114 1900 continere
1130 1845 1273 1900 debemus.
1289 1843 1318 1899 Si
1334 1843 1660 1917 ergosuspieamurquod
1675 1851 1716 1898 est
1723 1845 1774 1898 hu·

116 1932 240 1989 bumana
255 1933 309 1998 die,
326 1933 354 1988 id
370 1941 412 1988 εει
431 1933 550 1988 humano
569 1932 718 2000 intellectu,
745 1932 791 2004 qui
806 1947 861 1988 non
875 1931 919 1987 vi·
969 1947 1050 1987 mana
1064 1932 1185 2002 tentatio,
1203 1932 1301 1988 saltem
1316 1947 1370 1988 non
1382 1932 1548 2003 judicemus.
1574 1931 1689 2000 Quando
1705 1945 1773 2004 ergo

116 2022 161 2077 det
175 2021 293 2088 occulta,
309 2029 335 2076 et
349 2028 438 2092 potest
452 2020 518 2077 falli.
545 2020 605 2088 Vel,
622 2021 657 2077 ab
680 2021 798 2076 humano
820 2019 874 2085 die,
890 2019 918 2073 id
968 2036 1022 2077 non
1038 2029 1144 2076 erratur
1159 2021 1187 2075 in
1202 2021 1282 2076 rebus
1296 2028 1326 2076 ut
1350 2029 1427 2077 recta
1450 2021 1484 2075 sit
1507 2019 1672 2092 improbatio
1693 2019 1774 2076 vitio-

117 2111 206 2166 estub
221 2109 385 2176 hominibus,
399 2109 465 2163 dum
481 2117 544 2164 sunt
559 2108 587 2164 in
602 2124 651 2164 sno
675 2108 730 2179 die,
752 2116 779 2164 et
794 2124 849 2164 non
878 2114 918 2164 εει
968 2125 1029 2164 rum
1039 2109 1222 2182 virtutumque
1236 2107 1405 2181 approbati0,
1429 2107 1592 2181 profectost
1615 2115 1722 2164 erratur
1744 2106 1773 2161 in

115 2197 174 2254 dies
189 2197 308 2253 Domini.
331 2198 457 2252 Humano
479 2197 553 2267 dicit,
578 2197 641 2270 quia
665 2203 707 2252 est
730 2195 790 2252 dies
808 2197 917 2253 Domini
967 2197 1134 2268 hominibus,
1151 2197 1265 2254 venialis
1275 2205 1317 2252 est
1326 2197 1443 2252 humana
1452 2196 1573 2252 tentatio.
1586 2195 1667 2265 Quod
1681 2201 1772 2250 autern

114 2302 170 2359 quo
202 2285 343 2355 judicabit.
367 2284 556 2358 [Augustinus]
585 2283 702 2353 Quando
732 2284 917 2358 unusquisque
965 2285 1150 2358 perniciosum
1163 2293 1205 2341 est
1228 2285 1353 2357 prohibet
1377 2284 1524 2356 Apostolus
1549 2284 1642 2340 dicens
1657 2302 1665 2338 :
1681 2283 1772 2339 Nolite

114 2389 166 2446 pro
181 2389 211 2430 se
226 2373 358 2430 rationem
374 2373 479 2442 reddet,
496 2382 560 2430 tunc
574 2380 679 2430 secreta
700 2372 822 2429 cordium
837 2381 916 2444 pate·
966 2381 1029 2431 ante
1044 2382 1152 2444 tempus
1170 2374 1296 2444 judicare
1319 2374 1497 2446 quoadusque
1521 2373 1613 2428 veniat
1627 2371 1770 2436 Dominus,

113 2464 193 2518 bunt.
212 2463 265 2520 Sed
279 2478 377 2536 neque.
395 2461 477 2531 Quasi
491 2462 562 2519 dicat
578 2480 586 2516 :
610 2461 751 2518 Minimum
775 2461 842 2516 mibi
863 2469 914 2529 est,
965 2463 1013 2536 qui
1027 2467 1055 2519 et
1065 2462 1290 2528 illuminabil,id
1301 2469 1342 2518 εει
1353 2468 1448 2533 aperta
1458 2459 1537 2517 iaciat
1552 2459 1770 2517 absconditae-

116 2551 139 2607 si
154 2569 170 2606 a
184 2551 272 2621 vobis,
288 2551 332 2606 vel
345 2549 380 2605 ab
394 2550 454 2606 aliis
466 2551 581 2620 judicer.
597 2551 649 2607 Sed
663 2566 753 2624 neque
780 2565 852 2623 ego,
869 2550 915 2623 qui
964 2552 1126 2617 cedrorum,
1135 2551 1162 2605 id
1168 2557 1399 2621 estpeccatornm,
1408 2553 1436 2606 et
1444 2547 1642 2621 manifestabit
1650 2548 1772 2606 coasilio

113 2640 211 2696 melius
225 2655 269 2695 me
282 2639 347 2695 novi
362 2656 444 2711 quam
464 2655 524 2706 vos,
543 2640 642 2712 judico
664 2640 815 2711 meipsum,
831 2647 858 2694 et
877 2639 915 2693 ita
964 2639 1102 2708 cordiam,
1114 2639 1141 2694 id
1152 2647 1193 2694 est
1203 2639 1290 2694 bonas
1300 2637 1492 2711 cogitationes.
1505 2635 1689 2710 [Ambrosius]
1699 2635 1770 2705 Quia

113 2728 265 2800 periculum
278 2735 320 2784 est
335 2727 412 2784 vobis
428 2728 462 2782 de
476 2727 578 2800 ignotis
591 2728 682 2784 cordis
704 2728 769 2794 mei,
786 2727 829 2783 vel
845 2727 913 2783 alio-
963 2735 1044 2801 gesta
1058 2735 1085 2782 ει
1103 2727 1221 2800 cogitata
1236 2727 1317 2793 bona,
1334 2725 1378 2782 vel
1392 2725 1465 2782 mala
1480 2734 1543 2781 tunc
1564 2732 1644 2782 erunt
1663 2732 1768 2797 aperte.

112 2834 172 2872 rum
183 2816 318 2887 judicare.
336 2817 421 2872 Tanta
436 2815 508 2870 enim
529 2814 698 2886 profunditas
721 2815 859 2871 credenda
874 2822 916 2870 εει
962 2817 997 2870 ιιι
1011 2817 1076 2889 quia
1089 2823 1153 2872 tunc
1167 2823 1246 2871 crunt
1269 2814 1360 2871 omnia
1383 2823 1448 2870 nota
1470 2813 1616 2880 omnibus,
1639 2820 1767 2885 poterunt

113 2921 175 2962 esse
188 2904 216 2959 in
230 2905 351 2970 homine,
368 2919 429 2976 quae
442 2904 523 2958 lateat
538 2903 627 2974 ipsum
651 2903 798 2972 bominem,
815 2902 843 2957 in
859 2918 913 2974 quo
963 2903 998 2959 de
1012 2919 1042 2958 εε
1054 2903 1188 2972 judicare,
1205 2911 1231 2958 ει
1246 2902 1280 2958 de
1295 2903 1366 2958 aliis.
1381 2904 1416 2958 ut
1431 2907 1500 2959 tuae
1520 2903 1673 2974 unicuique
1698 2902 1768 2957 bene

113 2993 164 3063 est,
191 3001 220 3049 ut
244 2993 272 3048 in
299 2994 399 3060 Petro,
422 2991 591 3064 profunditas
614 2990 779 3046 infirmitatis
802 2963 949 3059 latebat,G
966 2991 1066 3064 agenti,
1082 2990 1126 3046 vel
1142 2990 1273 3063 cogitanti
1291 2992 1347 3046 en't
1360 3005 1410 3061 pro
1433 2991 1516 3046 modo
1530 3004 1580 3044 suo
1597 2991 1669 3050 laus,
1686 2988 1713 3043 id
1728 2979 1770 3044 est

112 3099 175 3140 cum
190 3098 220 3138 εε
236 3097 297 3139 cum
313 3081 429 3137 Domino
441 3081 602 3137 moriturum
611 3087 714 3136 temere
727 3079 913 3151 promittebat.
966 3079 1152 3134 remuneratio
1176 3095 1193 3134 ε
1214 3079 1278 3136 Deo.
1305 3078 1356 3133 Hic
1383 3085 1474 3133 autem
1505 3076 1625 3133 nescitur
1650 3076 1711 3146 quis
1735 3075 1771 3132 sit

113 3173 169 3244 (ld)
186 3171 255 3227 Cum
269 3185 337 3244 ergo
356 3170 473 3243 quisque
494 3171 582 3239 dese,
597 3176 711 3225 autnon
735 3167 854 3235 omnino,
871 3176 917 3223 aut
966 3167 1046 3223 laude
1060 3166 1169 3242 dignus.
1195 3167 1260 3223 llaec
1274 3174 1373 3234 autem,
1391 3165 1595 3238 quiasuperius
1622 3164 1719 3220 dixerit
1732 3164 1768 3220 il-

110 3261 155 3317 vix
169 3259 256 3332 possit
270 3275 365 3316 veram
384 3258 454 3315 terre
479 3258 651 3326 sententiam,
675 3259 812 3330 quomodo
827 3264 917 3328 potest
966 3257 1008 3313 los
1022 3255 1135 3322 dixisse,
1151 3271 1204 3329 ego
1220 3271 1279 3311 sum
1294 3255 1381 3324 Pauli,
1398 3270 1450 3328 ego
1464 3254 1578 3326 Apollo,
1595 3269 1657 3310 cum
1676 3261 1767 3310 tamen

2 3359 4 3376 l
111 3349 146 3404 de
159 3348 348 3419 aliojudieare
363 3363 425 3404 eum
439 3363 520 3404 nemo
536 3347 587 3403 scit
610 3346 674 3419 quid
697 3353 796 3420 agatur
814 3345 842 3400 in
863 3347 916 3402 ho·
966 3346 1019 3402 hoc
1032 3344 1127 3400 forsan
1136 3345 1228 3400 nullus
1249 3343 1356 3415 dixerit,
1381 3343 1468 3416 aperit
1489 3343 1544 3399 hic.
1560 3341 1644 3413 Quasi
1668 3341 1766 3400 dicat:

111 3436 184 3492 mine
199 3437 251 3518 nisi
267 3435 377 3507 spiritus
391 3435 520 3490 hominis.
538 3435 603 3490 ldeo
619 3434 765 3506 Apostolus
780 3450 834 3519 non
849 3450 917 3505 prae·
966 3433 1028 3490 Dixi
1042 3449 1097 3489 non
1113 3449 1174 3490 esse
1189 3433 1361 3505 gloriandum
1376 3432 1503 3489 innubis.

112 3541 222 3580 sumens
237 3524 315 3580 dese
340 3523 479 3580 definitam
501 3524 567 3580 dure
588 3522 758 3590 sententiam,
783 3522 821 3577 ait
837 3538 844 3577 :
862 3522 918 3578 Ne·
1002 3521 1087 3577 Vsus.
1103 3524 1267 3578 tad-Hes
1277 3526 1384 3590 eutem,
1396 3523 1513 3592 fratrea,
1527 3520 1768 3593 transfigurante

112 3630 165 3686 εεε
180 3613 313 3686 meipsum
326 3612 419 3682 judico
435 3611 482 3684 qui
495 3613 593 3668 melius
612 3627 655 3668 me
678 3611 742 3667 novi
766 3625 847 3683 quam
863 3610 914 3677 illi,
967 3626 1012 3666 me
1026 3615 1054 3666 et
1068 3611 1167 3682 Apollo
1175 3615 1356 3684 proptervoa,
1369 3613 1401 3665 ει
1412 3610 1445 3665 in
1454 3607 1528 3666 colia
1540 3609 1711 3675 diseamus
1723 3625 1769 3664 eu-

2 3741 3 3750 ι
77 3756 83 3766 ,
112 3703 162 3758 sed
176 3701 274 3758 melius
288 3718 333 3757 me
355 3701 430 3757 novit
452 3702 526 3756 Deus
544 3715 625 3772 quarn
654 3715 716 3773 ego,
742 3706 769 3755 et
791 3699 853 3755 ideo
877 3695 918 3753 itti
965 3715 1109 3772 proquam
1119 3699 1261 3770 seriptum
1271 3701 1325 3765 εει,
1337 3697 1551 3753 consedemus
1559 3697 1769 3765 alteruminlle-

112 3791 321 3864 relinquendum
335 3798 377 3845 est
388 3789 531 3859 judicium.
555 3787 632 3844 ιιιιιιι
657 3789 734 3844 enim
757 3786 828 3843 mitt
851 3805 917 3844 con·
969 3787 1152 3859 turproulio.
1163 3787 1316 3854 Quaenam
1327 3783 1769 3854 tediseermitiQuiduutemltaf

112 3880 188 3935 seius
200 3895 273 3935 sum,
291 3876 480 3951 [Augustinus]
496 3876 526 3931 ld
542 3884 583 3932 est
610 3877 639 3930 in
662 3875 738 3932 nullo
752 3891 797 3930 me
811 3891 918 3932 remor·
967 3878 1012 3933 bes
1026 3874 1303 3949 quodnorauecepiali
1315 3879 1326 3930 ι
1338 3873 1624 3945 Sioutemuecepisti,
1636 3872 1769 3944 quidplu-

118 3968 164 4024 dct
173 3967 339 4024 conscientia
348 3981 421 4033 mea,
432 3967 481 4022 sed
491 3982 549 4022 nort
559 3966 590 4021 in
599 3964 648 4021 boe
654 3948 831 4038 justificatus
842 3981 914 4030 scm,
967 3965 1053 4020 ituria
1068 3965 1150 4036 quasi
1164 3963 1392 4036 nottueceperia?
1406 3965 1470 4019 lum
1480 3962 1606 4018 saturati
1615 3962 1694 4028 ertia,
1705 3963 1769 4034 jam

112 4055 140 4112 id
156 4063 262 4112 estnon
273 4055 335 4112 ideo
345 4055 497 4123 mejustum
507 4061 582 4126 puto,
596 4054 659 4125 quia
668 4060 757 4125 potest
769 4068 830 4110 esse
844 4052 917 4125 quod
967 4054 1067 4110 diuites
1077 4053 1151 4124 (ceti
1162 4052 1240 4109 estis.
1252 4052 1319 4108 Sine
1329 4051 1408 4108 εειιε
1423 4051 1769 4122 νεεεειιε,ειειιεειενε-

112 4145 216 4202 εεεειο.
236 4146 347 4202 Delicta
362 4145 438 4200 enim
461 4143 523 4215 quis
546 4144 704 4215 intelligit?
718 4143 807 4214 (Paul.
821 4144 916 4212 xvttt.)
966 4141 1099 4214 εεειιειιι
1110 4144 1138 4196 ει
1149 4156 1199 4196 noa
1210 4139 1351 4196 caducum
1361 4155 1521 4211 repetemus.
1534 4138 1769 4212 Putoem'mquod

114 4235 150 4289 Et
164 4233 224 4306 quis
238 4233 370 4307 gloriatur
383 4232 515 4288 mundum
530 4248 560 4288 se
574 4231 676 4287 habere
697 4230 764 4287 cort
787 4229 917 4285 Humittat
967 4228 1769 4300 Deacanosepostoloanoubsimosoatendittanqcammor·

111 4338 141 4378 se
156 4323 300 4394 Apostolus
315 4323 367 4378 boc
382 4321 486 4390 dicens,
503 4328 532 4376 ut
546 4322 627 4376 bomo
651 4319 781 4391 loquitur,
806 4318 852 4391 qui
867 4317 952 4390 po-D
967 4320 990 4374 tt
998 4319 1163 4382 destinatos,
1176 4316 1242 4388 quie
1250 4319 1446 4389 spectaculum
1455 4316 1528 4388 sacti
1541 4331 1639 4372 sumus
1649 4315 1766 4382 ειεειε,

2 4437 4 4470 t
110 4419 163 4467 test
177 4411 278 4467 babere
293 4411 402 4480 culpam
416 4409 535 4465 nescius.
548 4410 600 4477 Qut
614 4411 720 4465 actem.
732 4404 915 4480 {Ambrosius}
964 4410 993 4463 et
1008 4406 1118 4478 angelis
1132 4408 1161 4460 et
1177 4403 1346 4461 bominibus.

110 4498 192 4568 Quasi
204 4499 277 4556 dicat
294 4499 406 4570 :Neque
417 4513 470 4570 ogo
480 4497 568 4554 debeo
577 4512 620 4551 me
626 4495 752 4566 judicare
758 4511 846 4567 neque
854 4510 913 4562 vos,
998 4496 1061 4550 ιιιεε
1072 4497 1206 4561 racemo
1221 4497 1338 4565 fratres,
1349 4495 1382 4550 in
1396 4508 1443 4548 me
1457 4495 1486 4548 ει
1500 4493 1598 4565 Apollo
1609 4491 1766 4564 transfigu-

114 4588 163 4643 sed
178 4588 226 4660 εει
236 4589 351 4659 judicat
363 4602 408 4642 me
418 4586 555 4642 Dominus
566 4589 619 4651 cet,
636 4583 713 4639 idest
728 4583 774 4655 qui
788 4590 879 4655 potest
889 4589 915 4638 ει
963 4584 1035 4649 ravi,
1051 4598 1114 4639 cum
1129 4572 1157 4636 in
1179 4581 1258 4638 nobis
1283 4596 1337 4637 non
1366 4579 1562 4654 gloriaremini,
1579 4580 1663 4635 idest
1679 4595 1722 4635 me
1736 4587 1765 4636 et

111 4675 193 4730 debet
214 4691 257 4730 me
276 4675 412 4744 judicare,
438 4673 571 4728 Dominus
590 4673 665 4728 solus
689 4680 745 4740 est,
771 4672 818 4744 qui
841 4670 916 4728 novit
964 4671 1062 4743 Apollo
1076 4671 1207 4741 proposui
1221 4669 1337 4744 figuram
1361 4685 1412 4740 pro
1427 4669 1563 4736 omnibus,
1585 4676 1616 4723 ut
1630 4669 1663 4723 ab
1683 4667 1768 4723 omni·

111 4761 222 4830 omnia;
240 4770 267 4818 ει
290 4762 354 4832 quia
381 4760 514 4817 Dominus
537 4768 578 4818 est
601 4760 646 4832 qui
669 4768 759 4832 potest
778 4759 913 4830 judicare,
965 4764 1015 4814 bus
1039 4759 1221 4815 abhorreatur
1247 4758 1318 4824 boc,
1343 4757 1440 4814 sicuta
1462 4757 1551 4814 nobis.
1585 4754 1768 4829 {Ambrosius}

2 4900 3 4916 ,
109 4851 206 4922 itaque
220 4851 311 4906 nolite
319 4850 451 4922 judicare
466 4853 534 4906 ante
559 4854 669 4922 tempus
681 4849 792 4919 judicii,
809 4849 915 4906 scilicet
964 4847 1029 4903 ttae
1043 4863 1112 4920 ergo
1125 4846 1154 4902 in
1169 4863 1207 4912 se,
1224 4854 1251 4902 et
1265 4846 1362 4916 Apollo
1373 4843 1579 4918 transfiguravit
1589 4844 1654 4899 dum
1663 4843 1768 4915 pseudo

108 4954 249 5011 quousque
264 4939 361 4994 veniet
375 4938 511 4994 Dominus
523 4937 660 5007 judicare.
681 4937 768 4993 Aliter
783 4937 854 4994 enim
869 4936 914 4992 in·
965 4944 991 4992 et
1004 4935 1188 5006 apostolorum
1203 4934 1332 5008 gloriam,
1348 4943 1374 4990 et
1388 4933 1546 4990 traditiones
1558 4948 1702 5005 perversas
1713 4931 1765 4986 sub

2 5068 5 5103 ,
105 5026 176 5096 juria
188 5025 274 5095 iudici
288 5025 335 5096 stt,
354 5027 417 5098 quia
437 5025 536 5096 judicis
558 5026 656 5096 injuria
679 5034 730 5092 est,
746 5025 770 5081 si
788 5034 850 5082 ante
871 5025 915 5094 ju·
964 5039 1014 5080 suu
1028 5039 1145 5095 persona
1159 5030 1185 5079 et
1201 5023 1298 5095 Apollo
1313 5030 1439 5088 evacuat,
1453 5021 1610 5078 summatim
1629 5020 1691 5076 illos
1714 5018 1766 5075 de-

2 5155 3 5192 ,
108 5115 209 5172 dicium
218 5115 277 5183 eJus
291 5130 398 5170 aservo
406 5115 537 5184 procedat
548 5115 690 5171 sententia.
701 5115 774 5172 Ecce
782 5114 914 5183 judicium
964 5113 1087 5186 signans,
1104 5127 1160 5168 non
1175 5111 1321 5185 sigillatim,
1335 5127 1371 5168 ne
1385 5111 1472 5181 major
1487 5117 1647 5166 nasceretur
1662 5107 1767 5164 discor·

2 5243 3 5274 ,
109 5203 237 5276 prohibet
252 5203 410 5276 Apostolus,
426 5203 489 5276 quia
511 5203 617 5260 occulta
643 5211 706 5260 sunt
730 5203 809 5260 nobis
833 5202 914 5261 corda
964 5201 1018 5258 dia.
1033 5202 1120 5257 Nemo
1144 5201 1217 5256 enim
1240 5201 1355 5263 audieus
1376 5215 1476 5262 nornen
1500 5215 1580 5259 suum
1606 5197 1702 5276 taxati,
1724 5196 1767 5260 vel

143 5378 195 5444 (ιιι)
214 5384 277 5446 Aug.
290 5381 315 5432 in
327 5380 371 5432 lib.
385 5394 440 5448 εει,
454 5383 540 5446 mast
553 5383 596 5434 85.
1000 5372 1056 5443 (48)
1075 5375 1123 5442 td,
1135 5375 1161 5427 ln
1173 5373 1271 5431 eodem.

144 5445 201 5515 (tv)
220 5448 269 5515 td,
281 5460 354 5516 anper
366 5447 421 5504 lob.
