3906 6056
165 101 235 164 uta
839 97 940 158 vernt
959 97 1138 158 uonnanot
1750 101 1828 156 atas
1919 177 1920 184 .

163 227 315 286 mortificati
327 226 393 301 legi,
414 231 448 284 nt
472 239 521 284 vos
543 227 608 283 ειιιε
623 225 754 295 atterius,
770 225 798 280 id
813 231 855 280 eat
868 221 969 280 Christi
982 224 1182 286 AGatholicos.
1207 224 1287 294 Quod
1311 239 1380 300 ergo
1402 227 1486 284 sensit
1506 228 1655 299 Apostolus
1673 240 1759 299 posse
1780 225 1831 280 irr-

164 319 240 387 qu'us
263 331 318 393 non
334 316 443 387 pudeat
462 329 513 373 vos
537 331 609 383 esse,
635 314 699 387 quin
720 314 779 386 ipae
800 321 842 370 εει
864 313 913 387 qai
928 329 966 370 en
1015 313 1111 387 telligi,
1129 314 1252 386 opponit,
1273 325 1302 370 ut
1328 321 1356 370 ει
1378 316 1431 372 boc
1455 331 1485 371 ae
1505 315 1673 371 intellexisse
1687 320 1782 388 neget,
1799 321 1831 368 et

162 406 282 462 mortuis
304 405 476 471 rcanmexit,
502 403 580 473 cujus
603 403 697 476 utique
720 417 815 458 sumus
835 406 870 458 ut
883 401 966 457 modo
1015 401 1106 476 legem
1130 402 1200 476 legis
1220 402 1308 474 ipsius
1331 403 1412 460 laude
1443 403 1582 475 defendat,
1605 412 1633 461 et
1654 419 1708 477 quo
1738 418 1829 458 sensu

162 493 369 565 srucdficemas
389 494 452 560 Deo,
472 492 518 565 qui
539 492 615 564 prius
636 490 869 548 fructificabamus
886 489 966 546 morti
1015 491 1145 564 predicta
1159 490 1256 547 dixerit
1270 491 1365 560 verba,
1381 492 1484 564 aperiat
1500 511 1507 547 ε
1523 492 1602 566 qnasi
1616 492 1690 549 dicat
1705 507 1712 548 :
1729 489 1830 560 Quan-

163 581 215 636 sub
228 582 300 655 lege,
328 589 355 637 et
369 581 531 638 veremudo
555 577 751 637 fructificamus
778 581 843 646 Deo,
869 587 896 634 et
911 593 966 634 nou
1015 580 1051 636 do
1066 579 1175 652 quidem
1191 579 1234 636 lex
1249 580 1344 636 mortis
1360 588 1410 648 est,
1426 589 1453 637 ει
1468 581 1541 636 auxit
1551 581 1623 639 vires
1633 579 1741 654 peceati
1754 577 1831 634 deti-

163 669 239 726 olim.
249 671 538 727 Curncm’meaaemtts
550 670 583 725 ιε
599 685 696 736 corne,
709 669 737 724 id
752 675 793 723 εει
803 682 864 740 quae
877 665 966 724 caruis
1015 685 1085 725 neus
1099 685 1115 724 a
1128 669 1201 726 bona
1217 669 1384 742 operatione.

164 765 226 815 sunt
240 766 385 831 operantes
400 758 473 831 quod
488 766 546 814 erat
561 757 612 812 sub
626 758 698 830 lege,
709 759 856 830 passiones
864 771 966 829 pecco·
1052 758 1139 814 Vens.
1154 759 1182 824 ι,
1199 761 1225 812 ι.
1240 788 1276 800 -
1292 780 1304 807 ε
1322 757 1395 827 Quid
1409 772 1477 832 ergo
1490 758 1636 816 dicemus?
1648 759 1704 814 Lex
1717 771 1828 830 pecca·

164 852 267 914 torum,
288 847 316 903 id
326 854 366 904 εει
380 846 609 919 concupiscentie
624 862 685 917 quae
700 853 763 901 sunt
777 857 967 915 causapecca·
1019 867 1030 897 ι
1046 852 1103 902 tum
1119 845 1180 904 εειι
1198 844 1295 902 Absit!
1313 845 1366 902 Sed
1379 854 1521 918 peccatum
1549 863 1604 904 non
1624 845 1755 919 cognovi,
1770 845 1829 900 nisi

163 944 254 992 torum
276 935 441 1003 mortalium,
469 933 659 1008 [Augustinus]
687 932 715 988 id
740 941 782 989 εει
815 947 967 988 εεεεεεεεε
1019 934 1211 1006 «perlegam.
1228 935 1298 990 Nam
1323 935 1571 1007 concupiscentiam
1586 935 1757 1004 nesciebam,
1772 932 1829 988 nisi

165 1023 267 1096 operis,
279 1024 330 1079 sub
344 1023 442 1096 quibus
457 1031 582 1096 tanquam
598 1022 649 1076 sub
665 1022 723 1078 viro
734 1019 890 1077 dominante
901 1035 968 1093 age·
1019 1046 1030 1072 ε
1047 1022 1091 1078 lex
1109 1023 1213 1080 diceret
1230 1039 1236 1080 :
1253 1024 1315 1079 Non
1338 1023 1528 1096 concupisces.
1554 1023 1705 1081 Occasione
1729 1029 1828 1078 annm

165 1113 212 1168 bat
225 1112 326 1177 anima,
343 1119 486 1183 antequam
503 1111 591 1184 gratia
605 1109 711 1166 venirat
726 1126 775 1182 per
788 1108 882 1177 iidem,
895 1125 966 1182 quae,
1019 1132 1031 1162 a
1048 1119 1169 1184 accepta,
1193 1121 1339 1183 paccatum
1362 1128 1412 1184 per
1432 1113 1600 1180 mandatum,
1615 1119 1760 1185 operatum
1784 1117 1829 1166 εει

164 1199 307 1273 pensiones
318 1215 370 1273 per
384 1201 575 1272 iegnmercnt,
592 1197 767 1255 veluntaevel
781 1197 966 1266 etiamauctae,
1020 1220 1032 1252 a
1049 1199 1135 1256 inme
1153 1199 1230 1257 33
1248 1216 1357 1257 omnem
1372 1201 1631 1273 concupiscentiam.
1650 1223 1661 1250 n

164 1289 229 1346 vitio
238 1287 366 1355 faciente,
376 1289 568 1361 operabuntur
577 1288 608 1343 in
618 1288 751 1344 membris
762 1287 879 1357 nostrie,
896 1286 970 1360 [Am
1056 1289 1126 1357 Quid
1136 1305 1200 1360 ergo
1214 1288 1359 1345 dicemus?
1372 1288 1500 1346 Dicemus
1514 1290 1579 1363 quia
1595 1291 1642 1346 len
1655 1291 1825 1371 peccatum,

164 1375 284 1450 brosius]
309 1376 337 1432 id
357 1384 399 1432 est
421 1376 557 1432 ducebant
578 1376 703 1433 membra
721 1383 816 1432 nostra
840 1375 876 1430 ad
896 1374 969 1430 mala
1017 1371 1045 1428 id
1059 1379 1100 1428 εει
1114 1372 1216 1428 docens
1235 1372 1279 1429 vel
1299 1371 1402 1428 faciens
1416 1389 1539 1445 peccare.
1559 1373 1609 1429 Vel
1624 1373 1685 1428 talis
1698 1387 1750 1445 pro
1765 1387 1823 1436 uua

165 1480 260 1537 opera,
274 1464 310 1520 ita
324 1467 358 1520 at
375 1465 588 1536 fructificarent
601 1466 696 1531 morti,
714 1464 742 1519 id
756 1471 797 1520 est
806 1471 835 1519 ut
849 1461 969 1520 facerent
1017 1461 1118 1517 donata
1131 1461 1256 1534 peccavit
1271 1467 1368 1518 auctor
1382 1462 1449 1531 ejus,
1460 1463 1539 1535 quasi
1554 1461 1632 1517 malae
1647 1461 1708 1519 rei?
1721 1460 1802 1516 Absit
1815 1463 1824 1514 t

164 1553 251 1626 digna
264 1561 363 1609 aetema
377 1561 473 1609 morte.
490 1553 565 1625 (ιιι)
582 1553 663 1610 Nunc
677 1558 775 1609 catam
785 1569 851 1610 cnm
869 1568 1005 1646 samaaB
1019 1565 1074 1606 non
1089 1549 1161 1606 enim
1176 1549 1218 1606 lex
1236 1549 1308 1604 mala
1328 1557 1379 1617 εει,
1400 1551 1449 1607 sed
1471 1549 1563 1622 potius
1577 1551 1659 1616 bona,
1676 1549 1741 1622 quia
1756 1564 1827 1621 pec-

168 1641 283 1711 Gbriati,
300 1641 379 1697 soluti
395 1658 499 1708 sumus,
511 1641 634 1697 remissis
645 1641 776 1712 peccatis,
792 1658 810 1697 a
824 1642 892 1714 lege,
908 1655 969 1712 quae
1020 1645 1109 1695 catum
1124 1655 1182 1695 non
1197 1639 1322 1711 cognovi,
1337 1639 1394 1694 nisi
1412 1655 1463 1712 par
1483 1639 1580 1712 legem,
1597 1636 1784 1711 [Ambrosius]
1799 1636 1828 1692 id

168 1738 210 1789 εει
233 1745 318 1787 causa
343 1732 451 1799 mortis,
477 1729 565 1787 idest
585 1730 699 1802 peccati.
725 1732 812 1786 Aucta
833 1737 874 1784 est
897 1728 971 1784 enim
1020 1727 1147 1800 estquis
1169 1735 1315 1798 peccatum
1336 1725 1400 1783 fecit
1423 1741 1603 1800 cognoscere,
1613 1726 1675 1800 quia
1689 1727 1770 1798 prius
1779 1741 1830 1782 ne·

166 1817 394 1890 coucupiscentia,
424 1833 487 1874 curn
520 1817 564 1874 lex
585 1818 740 1889 prohiberet
763 1817 810 1872 ubi
832 1833 886 1873 non
913 1824 971 1873 erat
1020 1815 1178 1872 sciebantur
1192 1815 1316 1888 quaedam
1339 1815 1382 1871 vel
1404 1831 1466 1872 esse
1481 1823 1601 1887 peccata,
1617 1815 1661 1872 vel
1675 1815 1748 1870 adeo
1763 1829 1828 1870 esse

165 1906 252 1976 lides3
268 1915 295 1963 ει
318 1906 353 1962 ad
376 1906 516 1962 cumulum
542 1913 717 1978 peccatorum
740 1904 971 1977 prevaricationis
1019 1903 1124 1977 gravia,
1140 1903 1185 1959 vel
1199 1919 1261 1960 εεεε
1275 1903 1422 1976 punienda.
1439 1903 1500 1960 Non
1515 1919 1583 1978 ergo
1598 1904 1668 1960 adeo
1682 1902 1763 1975 prius
1777 1918 1828 1959 co·

165 1996 270 2054 crimen
285 1994 406 2051 additum
421 2001 473 2062 εει,
490 1993 552 2067 quia
568 1994 616 2050 ubi
638 2009 692 2050 non
708 2001 748 2050 est
762 1994 816 2065 lex,
832 2009 884 2050 εεε
896 2007 970 2065 prae-
1020 1993 1103 2066 gnovi
1116 1999 1268 2064 peccatum,
1284 1993 1338 2048 nisi
1353 2009 1403 2064 per
1426 1991 1518 2066 legem
1538 2008 1681 2064 perquam
1696 1991 1827 2060 innotuit,

164 2084 305 2142 nomentio.
321 2082 504 2156 [Ambrosius]
520 2083 569 2140 Vel
583 2083 627 2140 lex
641 2083 738 2140 mortis
753 2082 816 2139 idco
830 2081 903 2140 dicta
917 2089 968 2150 εει,
1019 2080 1063 2137 vel
1078 2097 1139 2138 esse
1153 2088 1296 2153 peccatum
1310 2080 1384 2153 quod
1398 2081 1586 2155 ignorabatur,
1598 2080 1642 2137 vel
1652 2096 1715 2137 esse
1725 2095 1825 2154 grave,

163 2173 227 2246 quia
244 2179 392 2245 peccantes
406 2169 545 2241 interficit,
563 2179 589 2228 ει
603 2186 667 2228 εεοε
690 2171 776 2244 punit.
794 2173 826 2228 ln
839 2188 895 2246 gno
911 2172 970 2241 lege
1019 2170 1063 2226 vel
1078 2185 1139 2226 esse
1163 2170 1342 2241 puniendum.
1368 2171 1418 2226 Per
1438 2170 1490 2227 hoc
1514 2169 1632 2228 ostendit
1654 2169 1746 2241 legem
1772 2184 1830 2224 nou

163 2261 371 2328 detinebamur,
383 2277 434 2317 nec
443 2259 620 2332 unquamnisi
629 2259 716 2332 gratia
725 2259 776 2315 Dei
789 2259 969 2316 solveremur.
1020 2275 1081 2314 esse
1093 2265 1247 2330 peccatum,
1263 2258 1311 2314 sed
1326 2258 1445 2314 indicem
1460 2259 1573 2330 peccati.
1592 2259 1667 2329 (ιιι)
1681 2257 1776 2328 Quare
1790 2256 1828 2312 iu

165 2349 252 2407 Soluti
266 2365 371 2421 surmus,
382 2349 454 2417 dico,
465 2350 508 2405 ito
517 2353 551 2406 ει
564 2349 722 2406 ιεεειαεεεε
733 2349 898 2406 inmonitate
907 2350 971 2422 api·
1018 2347 1149 2419 telligitur
1173 2346 1262 2421 legem
1284 2348 1319 2402 ad
1342 2348 1394 2404 hoc
1408 2347 1498 2402 datam
1521 2363 1593 2417 esse,
1609 2363 1664 2403 oon
1678 2355 1708 2402 ut
1722 2361 1828 2418 pecca-

164 2440 251 2509 ritus,
263 2442 291 2496 ει
306 2455 365 2494 non
375 2439 407 2494 tn
421 2440 567 2495 εειεειειε
588 2438 702 2504 litterae,
717 2436 747 2491 id
761 2445 803 2493 est
817 2436 971 2492 serviamus
1019 2443 1075 2492 tum
1097 2436 1272 2504 insereretur,
1296 2435 1340 2492 vel
1363 2436 1566 2508 exstirparetur,
1590 2436 1640 2492 sed
1663 2443 1771 2492 tantum
1800 2443 1828 2490 ut

165 2527 296 2600 operibus
309 2526 374 2583 novi
395 2525 511 2583 bominis
535 2525 646 2592 Christi,
670 2541 731 2598 quae
744 2541 800 2582 non
813 2525 916 2581 nostris
930 2524 971 2582 vi·
1019 2525 1251 2580 demonstraretur
1274 2525 1346 2596 quod
1366 2524 1486 2581 animaru
1501 2523 1602 2582 laceret
1616 2539 1703 2594 mam,
1718 2530 1748 2580 ut
1763 2523 1827 2596 quia

164 2615 251 2682 ribus,
265 2615 310 2672 vel
323 2614 386 2687 lega
409 2613 575 2686 attingimus,
601 2613 650 2669 sed
671 2612 762 2686 gratia
777 2613 892 2685 Spiritus
906 2628 970 2668 san·
1018 2621 1160 2685 peccatum
1176 2611 1234 2668 siue
1250 2612 1337 2686 gratia
1352 2611 1402 2669 Dei
1416 2613 1488 2670 vinci
1501 2629 1557 2669 non
1570 2613 1666 2685 possit,
1686 2613 1747 2684 ipsa
1762 2627 1825 2668 rea-

165 2703 212 2770 cti,
227 2703 256 2758 iu
279 2701 378 2774 quibus
401 2710 443 2758 εει
464 2701 503 2758 sic
527 2701 741 2768 immorandum,
756 2707 786 2756 ut
800 2701 866 2755 nihil
881 2701 969 2757 adda·
1017 2709 1061 2757 tus
1076 2700 1267 2768 sollicitudine,
1283 2701 1317 2757 ad
1330 2701 1533 2774 percipiendam
1548 2702 1662 2775 gratiam
1681 2709 1825 2758 convene·

166 2800 212 2847 tur
224 2791 260 2847 de
273 2789 403 2862 operibus
416 2790 490 2864 legia
505 2807 567 2862 quae
581 2797 688 2846 vetusta
702 2797 773 2845 sunt.
791 2789 851 2858 vet,
865 2789 970 2845 servia-
1019 2797 1103 2846 retur.
1124 2787 1203 2860 Quod
1226 2798 1315 2846 autem
1337 2807 1388 2862 per
1408 2788 1499 2862 legem
1522 2797 1614 2847 notum
1631 2790 1666 2847 sit
1679 2799 1825 2863 peccatum

165 2895 227 2935 mus
242 2877 270 2934 in
284 2877 416 2947 novitate,
445 2877 568 2951 spiritus,
590 2877 618 2933 id
633 2886 674 2934 est
686 2878 749 2950 lege
763 2875 837 2944 fidei,
854 2886 971 2950 quaeest
1020 2879 1139 2936 ostendit
1155 2879 1184 2934 in
1197 2887 1286 2950 parte.
1303 2881 1374 2935 Nom
1390 2881 1669 2954 concupiscentiosa,-
1684 2879 1766 2952 quasi
1780 2879 1825 2934 di·

165 2979 194 3035 in
208 2968 299 3025 animo
322 2967 460 3035 innovato,
486 2983 548 3040 quae
562 2967 645 3022 etiam
660 2966 798 3023 bominem
813 2965 875 3023 iacit
891 2945 1006 3039 spiri-0
1021 2975 1065 3025 cat
1081 2986 1088 3022 :
1104 2969 1248 3024 Peccatum
1262 2983 1318 3024 non
1336 2967 1454 3040 cognovi
1468 2968 1520 3023 nisi
1534 2969 1695 3042 perlegam,
1712 2968 1784 3025 sicut
1798 2968 1826 3023 in

165 3057 278 3127 tualem,
294 3064 321 3112 ει
334 3056 397 3114 ideo
413 3063 488 3113 recte
502 3055 603 3112 dicitur
621 3057 665 3112 lex
680 3055 801 3127 spiritus.
817 3057 851 3112 Et
864 3071 921 3111 non
943 3054 971 3110 in
1024 3058 1076 3114 hoc
1086 3065 1235 3129 uuoputet.
1245 3057 1316 3114 Nom
1327 3058 1587 3131 concupiscentium
1595 3057 1766 3126 necandam,
1779 3057 1823 3114 vel

163 3153 297 3205 vetustate
312 3145 419 3212 littere,
436 3144 465 3200 id
479 3153 521 3200 εει
536 3159 590 3200 non
610 3145 760 3202 secundum
775 3143 892 3200 litteram
910 3159 971 3216 quoe
1021 3152 1166 3216 peccatum
1180 3161 1252 3211 esse,
1264 3145 1370 3201 voltam
1382 3161 1478 3219 grave,
1495 3145 1553 3202 nial
1564 3145 1725 3202 deodiceret
1740 3146 1822 3202 :Non

164 3234 262 3303 senuit,
279 3235 344 3306 quia
367 3233 496 3290 cessavit.
520 3230 710 3306 [Augustinus]
725 3235 842 3289 Attende
856 3232 930 3304 quod
943 3232 972 3288 in
1021 3235 1212 3306 concupiscet.
1226 3232 1416 3307 [Augustinus]
1430 3233 1472 3289 Ad
1486 3233 1656 3306 probandum
1670 3251 1721 3305 per
1733 3233 1824 3308 legem

164 3321 329 3395 precedenti
357 3321 532 3377 similitudine
552 3321 604 3376 tria
629 3328 701 3391 sunt,
727 3320 895 3388 sollicetum,
911 3337 973 3377 mu·
1022 3322 1153 3394 cognosoi
1179 3330 1330 3394 peecatum,
1357 3322 1410 3379 hoc
1424 3322 1508 3396 elegit
1530 3322 1676 3394 Apostolus
1693 3322 1769 3395 quod
1783 3329 1826 3379 est

165 3411 224 3478 lier,
237 3410 280 3466 lex
293 3409 356 3478 viri,
373 3417 400 3465 ει
413 3424 521 3465 rursum
535 3408 563 3463 in
587 3409 640 3465 hec
653 3417 767 3480 propter
781 3425 861 3482 quam
877 3409 971 3465 simili-
1021 3410 1152 3484 generale
1175 3419 1329 3482 peccatum,
1355 3411 1459 3468 scilicet
1483 3411 1715 3482 concupiscentia.
1746 3412 1824 3468 Unde

166 3499 353 3555 tudoinducta
377 3496 436 3565 luit,
462 3496 586 3553 similiter
605 3497 664 3568 tria,
680 3498 781 3567 anima,
796 3506 971 3570 peccatorum
1021 3499 1113 3556 omnia
1126 3499 1197 3554 mala
1218 3499 1340 3557 veniunt.
1365 3499 1441 3556 Bona
1461 3515 1528 3573 ergo
1552 3500 1595 3556 lex
1619 3517 1680 3573 quaa
1692 3501 1758 3556 dnm
1772 3501 1825 3558 lxoc

165 3588 220 3646 lex.
237 3588 295 3644 Ηοε
309 3587 398 3643 solum
424 3585 470 3643 bic
493 3585 633 3642 diversum
654 3594 705 3653 εει,
731 3587 805 3659 quod
829 3586 857 3642 in
871 3587 916 3644 illa
930 3587 972 3646 vir
1020 3588 1156 3660 prohibet,
1172 3588 1263 3645 omnia
1277 3587 1404 3644 mortalia
1418 3587 1555 3660 probibet.
1570 3589 1632 3645 Non
1642 3597 1683 3646 εει
1697 3589 1741 3646 lex
1754 3605 1823 3661 pcc-

166 3677 290 3744 moritur‚
306 3683 367 3732 uta
390 3674 453 3748 lege
477 3674 528 3731 viri
546 3675 634 3731 soluta
652 3675 751 3732 mulier
769 3675 853 3732 nubat
866 3677 911 3734 cui
924 3693 971 3733 ve·
1021 3685 1121 3744 catum,
1139 3676 1189 3732 sed
1213 3677 1374 3732 insinuatrix
1398 3677 1513 3750 peccati.
1530 3677 1583 3734 Per
1596 3693 1655 3734 eam
1677 3677 1766 3736 iactus
1782 3686 1824 3735 εει

166 3763 216 3833 ιιι,
230 3763 275 3821 hic
289 3772 379 3821 autern
394 3779 449 3820 non
472 3771 627 3835 peccatum,
642 3765 692 3820 aed
706 3764 765 3836 ipsa
780 3764 871 3820 anima
883 3765 970 3821 mori·
1021 3765 1103 3822 bomo
1118 3766 1225 3834 doctus,
1242 3766 1290 3821 sed
1304 3765 1382 3837 peJ'us
1397 3773 1439 3823 est
1457 3767 1556 3835 ειειεε,
1578 3766 1643 3822 dum
1662 3767 1721 3823 siue
1735 3768 1824 3840 gratia

165 3861 209 3910 tur
230 3861 355 3927 peccato.
381 3851 457 3926 (ιιι)
485 3851 624 3909 Predictis
656 3869 775 3925 namque
798 3854 971 3925 passionibus
1020 3854 1120 3911 Christi
1135 3860 1202 3910 crat.
1217 3856 1252 3910 Et
1266 3861 1331 3910 εοιε
1354 3855 1427 3927 quod
1446 3855 1494 3922 ait,
1510 3835 1686 3924 'nesciebam¹
1702 3871 1758 3912 non
1773 3873 1824 3928 pro

166 3941 227 4014 ipsa
241 3941 333 3998 anima
355 3940 468 3997 moritur
492 3957 553 4012 quae
565 3941 621 4011 jam
637 3941 720 3998 servit
733 3949 825 3998 mente
838 3942 894 4016 legi
909 3943 968 4010 Dei,
1021 3958 1051 3998 se
1065 3943 1117 3999 boc
1129 3942 1204 4010 dicit,
1221 3942 1309 3999 sedin
1324 3958 1441 4015 persona
1456 3960 1506 4000 sua
1520 3943 1679 4018 generalem
1694 3943 1752 4018 agit
1762 3960 1824 4001 cau·
1919 3973 1920 3988 .

165 4029 290 4104 quamvis
326 4029 393 4101 ipsae
429 4028 573 4099 passiones
602 4029 723 4086 noudum
755 4039 869 4087 mortuae
896 4038 969 4096 sunt,
1020 4047 1090 4087 sam.
1122 4031 1178 4088 Sed
1207 4031 1335 4103 quaeritur
1361 4049 1422 4105 quaa
1450 4032 1484 4088 sit
1512 4033 1564 4088 ista
1591 4033 1821 4104 concupiscentia.
1919 4069 1920 4074 κ

165 4119 286 4192 quaudiu
300 4133 384 4175 carne
394 4116 479 4174 servit
488 4117 544 4191 legi
553 4118 671 4190 peccati.
683 4119 778 4176 Restat
793 4134 861 4191 ergo
883 4119 970 4175 adhuc
1020 4119 1222 4194 [Hieronymus]
1237 4120 1336 4178 Dicunt
1360 4120 1471 4193 quidam
1486 4121 1558 4176 illam
1574 4137 1636 4178 esse
1651 4137 1712 4195 qum
1726 4123 1821 4194 prohi-

166 4206 270 4280 aliquid
284 4206 310 4263 ei
325 4206 371 4280 qui
387 4212 428 4262 est
446 4206 498 4262 sub
518 4207 617 4280 gratia,
643 4207 715 4279 quod
731 4224 792 4263 εειε
807 4215 969 4264 tamennon
1020 4209 1100 4264 betur
1110 4207 1137 4263 in
1150 4208 1288 4281 Decalogo
1298 4224 1360 4266 cum
1369 4209 1486 4266 dicitur:
1501 4211 1563 4267 Non
1573 4213 1753 4284 concupisces
1763 4228 1821 4267 rem

164 4295 264 4362 vincat,
281 4310 333 4352 nec
357 4293 497 4368 captivum
511 4294 601 4352 ducat.
618 4293 691 4363 Quid
701 4297 792 4368 ergo?
807 4284 856 4352 llic
871 4296 971 4369 quaeri-
985 4296 1148 4370 Dproximi,
1164 4297 1208 4354 val
1222 4313 1341 4355 uxorem
1355 4299 1481 4370 proxim
1495 4298 1597 4369 (Enod.
1612 4301 1672 4370 xx).
1689 4299 1742 4354 Alii
1756 4315 1823 4372 ergo

164 4393 209 4441 tur
220 4393 313 4440 utrum
328 4383 387 4455 ipsa
401 4383 445 4439 lex
460 4383 494 4440 sit
509 4383 591 4454 mala,
606 4383 669 4457 quia
688 4384 832 4440 videbatur
845 4385 972 4457 culpasse
1022 4385 1186 4460 generaliter
1207 4386 1355 4459 quamlibet
1375 4386 1622 4459 concupiscentiam
1643 4387 1824 4461 quorumlibet

165 4473 257 4546 legem
279 4473 398 4530 dicendo
421 4472 567 4545 passiones
589 4479 764 4544 peccatorum
788 4487 850 4529 esse
864 4490 915 4545 per
928 4474 972 4531 le·
1020 4474 1229 4547 prohibitorum.
1241 4475 1391 4533 θεεεείοεε
1406 4478 1514 4545 nutem,
1527 4484 1580 4533 etc.
1596 4477 1667 4534 Ecce
1682 4485 1823 4534 ostensum

166 4577 240 4636 gam,
257 4569 284 4618 et
299 4562 426 4617 eamdem
450 4561 576 4618 vocando
590 4561 682 4634 legem
696 4561 792 4617 mortis
807 4569 833 4617 et
848 4569 972 4618 vetusta·
1022 4564 1153 4636 estquod
1175 4563 1220 4620 lex
1243 4565 1314 4621 bona
1336 4571 1377 4621 εει
1400 4581 1462 4637 quse
1483 4571 1625 4637 peccatum
1644 4565 1780 4638 probibet,
1797 4577 1823 4623 et

163 4657 219 4707 tem
233 4649 350 4718 litterae;
367 4665 429 4723 quse
442 4650 525 4707 verbs
538 4649 610 4705 male
634 4648 772 4707 intellecta
787 4649 911 4708 fomitem
926 4653 972 4708 in·
1023 4653 1162 4720 ostendit;
1178 4653 1226 4709 sed
1248 4659 1339 4709 tamen
1363 4670 1395 4710 ex
1419 4669 1454 4710 ea
1477 4654 1578 4709 malurn
1603 4655 1729 4722 accessit,
1762 4657 1822 4729 quia

165 4739 250 4794 sanias
265 4737 351 4795 turoni
378 4737 590 4795 Manichaeorum
618 4739 866 4796 subministrarent.
896 4741 971 4813 (ιιι)
1024 4749 1176 4814 peccatum,
1192 4741 1220 4796 id
1236 4749 1278 4797 est
1292 4741 1380 4798 lomes
1393 4741 1510 4814 peccati,
1527 4743 1630 4800 scilicet
1643 4743 1740 4800 vitium
1754 4758 1823 4800 con·

168 4826 311 4885 llaniohei
329 4826 402 4884 enirn
417 4826 508 4901 legem
523 4825 592 4882 llosi
618 4827 712 4884 dicunt
735 4843 790 4884 nou
815 4830 905 4885 eDeo
921 4829 972 4885 da·
1023 4829 1208 4902 cupiscentiae,
1225 4831 1298 4902 quod
1318 4838 1343 4886 et
1357 4831 1505 4887 camelitas
1519 4831 1679 4903 appellatur.
1694 4830 1823 4907 [Ambro-

169 4924 235 4985 tam‚
252 4924 279 4973 ει
293 4931 353 4972 eam
367 4915 519 4989 Evangelio
540 4915 704 4972 contrariam
719 4932 783 4973 esse
793 4917 970 4988 contendunt,
1023 4917 1090 4993 sius]
1108 4919 1166 4986 Vel,
1192 4928 1343 4991 peccatum,
1368 4919 1396 4976 id
1411 4927 1453 4975 est
1467 4919 1593 4976 diabolus
1608 4919 1654 4993 qui
1673 4929 1715 4977 est
1728 4927 1824 4979 auctor

165 5013 195 5063 ει
225 5005 335 5080 quaudo
363 5020 424 5061 cum
454 5003 496 5060 eis
522 5003 622 5078 agitur,
647 5005 785 5077 praediotis
811 5007 973 5066 testimoniis
1023 5007 1822 5084 peccatiopcrotameattnmcomacmconcupicccntt'um,

168 5095 294 5167 Apostoli
304 5109 366 5168 que
380 5109 437 5151 non
449 5093 613 5167 intelligunt,
643 5102 780 5152 conantur
808 5097 973 5157 convincere
1022 5095 1050 5152 id
1065 5104 1106 5154 est
1128 5112 1280 5154 consensus
1303 5097 1491 5154 delectationis
1513 5104 1541 5154 ει
1564 5097 1665 5171 operis.
1682 5096 1824 5171 [Augusti-

202 5267 264 5336 (ιιι
290 5273 404 5336 August,
417 5272 464 5325 llb.
481 5283 576 5325 axxxru
588 5271 721 5336 Qumtlon.
1071 5275 1130 5344 lea]
1149 5277 1308 5341 Augustinus,
1321 5277 1356 5329 lla
1369 5275 1441 5330 verb.
1456 5275 1564 5331 bomini.

203 5337 259 5401 (aar
293 5337 447 5404 rumano.
1070 5343 1130 5410 aas)
1149 5343 1366 5410 ro.,austnp1n.
