3896 6062
146 73 180 129 55
865 69 967 126 PETRI
981 66 1159 124 tonasnnt
1756 69 1791 124 56

143 198 244 253 broicee
255 198 358 266 linqua
368 199 489 267 recepta,
505 196 631 266 probato,
643 194 1011 249 conemenlaritsillustrcta
1021 191 1157 262 suqillure
1168 195 1200 245 ut
1210 190 1337 262 ineptam
1352 195 1381 246 et
1396 189 1544 260 indiqnam
1558 206 1619 262 quee
1627 190 1702 262 apud
1712 189 1793 246 Cleri·

144 271 249 323 stiones
260 267 396 322 babeatur
405 268 437 321 in
448 265 588 321 monibus.
599 265 704 321 Deinde
713 264 758 318 ltic
767 265 913 318 invenient
922 262 1104 334 objectionem
1133 263 1366 316 reesentissimam
1374 262 1507 316 aduersus
1518 262 1590 316 leues
1597 261 1729 332 quosdam
1738 260 1792 316 bu·

145 340 188 397 ius
198 339 292 392 oetntis
303 338 412 402 sciolos,
425 337 472 408 qui
481 337 530 391 eisc
538 336 632 407 prima
642 337 782 390 elementa
793 337 900 390 sanctae
909 334 1012 403 linque
1020 332 1095 386 docti
1121 332 1280 387 eblaterant
1288 334 1319 386 in
1328 333 1479 387 editionem
1489 332 1632 396 Latinam,
1644 331 1790 404 siquando

143 408 254 462 uerbum
270 407 348 462 verbo
363 423 421 462 non
436 407 594 478 respondet,
610 409 661 460 cut
675 407 801 477 plcrnses,
818 404 916 486 quibus
935 403 1074 457 mirandis
1090 403 1237 457 abundant
1253 403 1368 468 ltebroei,
1383 402 1458 472 apud
1472 418 1522 472 nos
1536 418 1593 457 non
1608 403 1678 457 sotis
1693 403 1789 472 erepti-

142 480 255 546 ecntur,
267 477 375 532 scilicet
385 477 529 533 modestice
538 477 654 532 student
663 476 715 530 isti
724 476 771 544 qui
781 474 834 529 sibe
843 473 986 528 vindicare
997 472 1113 537 audent,
1125 473 1196 543 quod
1207 473 1361 528 uerecunde
1369 473 1483 542 faciunt
1491 473 1578 528 etiarn
1588 474 1611 528 ii
1621 473 1669 544 qui
1684 473 1789 543 linquae

139 548 220 602 illius
233 548 403 619 peritissimi
416 551 494 612 sunt,
507 550 535 602 et
545 547 653 617 judicio
668 547 805 601 acerrima
816 545 921 600 ualent.
939 545 1082 599 Postrema
1097 547 1206 613 reqntos
1217 544 1298 612 cupio
1315 542 1643 598 Hebraismicandidatos
1657 543 1724 598 dare
1740 558 1788 598 ue·

143 618 224 672 niam
239 617 324 689 bujus
338 618 471 690 apoloqioe
489 619 609 682 auctori,
626 617 651 671 si
683 616 799 671 uosdum
814 615 908 670 aerius
927 613 1115 685 reprehendat
1129 629 1213 694 quum
1230 614 1346 668 uellent.
1371 614 1415 669 l'ir
1429 615 1506 669 enim
1520 613 1658 668 candidus
1672 617 1699 669 et
1713 629 1799 692 pru-¹

143 688 239 759 cipitis
253 688 388 743 nouitatis
402 689 556 760 impatiens
571 702 631 742 rem
646 633 839 741 Cinnianam
854 685 978 755 forsitan
993 683 1045 738 bac
1060 682 1105 738 uia
1117 683 1314 755 periclitatum
1329 684 1367 739 iri
1380 684 1585 753 reformidavit.
1598 685 1634 739 lit
1647 684 1708 738 vide
1723 684 1790 756 quid

143 759 291 816 indoctum
306 759 404 829 vulqus
418 760 586 814 existimare
600 759 704 829 poterit
723 757 854 811 obrutum
870 758 911 810 tot
925 754 1097 809 versionibus
1122 756 1181 807 tom
1196 754 1398 810 dissidentibus
1418 769 1477 810 non
1491 755 1582 809 solum
1602 754 1726 837 Vulqnla,
1741 754 1791 809 sed

143 828 222 882 inter
235 843 294 883 sese
308 843 413 900 quoque
434 829 594 900 lorrqissimo
614 827 775 890 interuallo,
793 827 918 897 prolecto
934 828 1049 879 testatos
1068 822 1189 878 audeam
1202 824 1285 879 bonos
1302 825 1376 880 uiros
1390 840 1448 880 non
1466 840 1525 880 esse
1538 823 1681 880 modestice
1688 828 1790 908 partes

145 901 205 952 tam
219 899 346 968 feciliter
359 902 388 954 et
405 899 489 954 libere
503 915 521 953 a
535 897 679 954 communi
693 897 817 951 editione
832 895 971 962 recedere,
986 895 1030 949 uel
1044 909 1124 949 suurn
1140 897 1275 965 tanquam
1290 896 1448 950 absolutam
1462 898 1490 950 et
1503 911 1566 951 eom
1581 895 1669 950 solam
1683 911 1714 949 en
1725 895 1790 949 cub

141 984 192 1039 qus
206 968 364 1024 intrudere.
380 968 464 1023 Aliud
479 972 521 1024 est
531 968 658 1023 indicare
673 968 1057 1036 ltebroismum,seorsnmque
1067 966 1178 1035 operire
1188 966 1280 1020 locum
1295 966 1423 1021 eumdem
1434 967 1510 1020 vor-ie
1522 980 1602 1037 posse
1618 965 1788 1035 transferri,-

142 1039 223 1094 utiud
235 1039 350 1122 propria
364 1039 508 1110 cupidine,
524 1041 554 1093 et
566 1038 686 1092 minimo
701 1053 766 1092 cum
776 1035 932 1118 juditiondo
947 1051 979 1091 re
991 1036 1158 1105 pravissima
1173 1051 1257 1090 suurn
1268 1037 1445 1160 phantasma
1457 1035 1560 1118 edere3
1575 1049 1608 1090 ac
1623 1035 1701 1117 uelut
1713 1034 1790 1118 indi-

141 1105 1788 1250 stillicidi-tibittbeilbblltmtititilleturlttllstitl.itlttbstlslbttibb

143 1250 503 1375 limitelimite
518 1249 609 1374 ltili
617 1195 935 1373 tinnitibus
948 1246 1091 1372 tretis
1098 1217 1790 1387 intellectibilibuslilibet

144 1389 223 1512 Ξιὶιίρέι
236 1393 264 1444 et
278 1405 336 1444 non
351 1391 394 1513 eat
408 1337 598 1514 &¹¹⁶”13‘1‘f‘ff’
612 1336 731 1512 ''utiq-{5³⁷}
745 1335 885 1512 inslt’itbein
902 1390 936 1441 ut
951 1335 1153 1512 tumiwrsslngz
1169 1387 1313 1511 necqottieeem
1327 1403 1386 1511 ἔφη
1407 1389 1523 1511 emeat
1538 1332 1608 1512 cun?l
1614 1333 1677 1470 redi
1690 1403 1797 1488 aqqrc·¹

145 1473 236 1594 ciis,
250 1463 518 1594 “tibridis
533 1473 1105 1610 litutinedicibilibus·
1128 1527 1148 1581 ·.
1164 1458 1789 1610 b.t.stlt.}·..ltttt⁹b0,.tttt.tb;

142 1601 270 1653 ueterum
283 1599 429 1656 doctorum
443 1600 474 1654 in
489 1598 663 1654 Psulterinm
683 1599 901 1654 commentarios
919 1613 977 1652 non
992 1611 1081 1666 cupre.
1096 1543 1238 1652 1gislenum
1253 1613 1278 1652 se
1292 1611 1374 1652 uentu
1388 1597 1564 1668 deprecanda
1579 1600 1621 1652 est
1636 1597 1789 1670 aliquando

143 1669 330 1739 typoqrnpbis,
347 1669 418 1740 quod
436 1669 532 1724 omniu
548 1673 608 1723 tam
628 1671 751 1724 correcte
766 1684 824 1723 non
840 1667 1069 1735 inolescentem,
1095 1667 1223 1739 equidem
1236 1667 1359 1723 loannes
1377 1667 1511 1723 Lodoieus
1528 1667 1671 1722 tiletanus
1685 1669 1789 1738 optimc

137 1738 205 1808 jure
219 1740 307 1793 etiam
322 1739 347 1793 si
360 1755 419 1793 non
433 1739 599 1809 deprecetur
613 1755 671 1793 suae
690 1739 845 1809 dithentiee
858 1737 957 1805 fidens,
982 1740 1077 1792 tamen
1091 1737 1174 1791 uenio
1187 1737 1289 1808 diqnns
1304 1741 1356 1792 est.
1381 1739 1524 1806 Quantum
1539 1737 1615 1792 enim
1631 1738 1790 1794 laboratum

140 1807 226 1862 sitin
241 1810 400 1879 exemplari
418 1810 507 1864 ceteri
528 1809 722 1879 manuscripto
742 1823 800 1863 non
813 1808 900 1879 facilc
920 1809 1043 1878 euprimi
1057 1810 1166 1877 posset,·
1186 1823 1255 1862 num
1269 1813 1372 1879 praeter
1392 1809 1441 1862 boc
1457 1807 1527 1879 quod
1549 1809 1707 1864 innumeris
1728 1823 1790 1864 sea·

142 1879 215 1932 teret
235 1879 354 1946 mendis,
376 1883 438 1934 tum
457 1880 489 1933 in
508 1878 718 1949 ortltoqrapliin,
740 1882 802 1932 tum
817 1878 848 1932 in
868 1877 1097 1932 distinctionibus
1112 1877 1329 1942 constituendis,
1345 1878 1432 1932 etiam
1446 1878 1488 1932 ita
1503 1878 1579 1933 lectu
1594 1878 1787 1948 diffleiteerut,

141 1950 175 2002 ut
188 1948 288 2002 ἱιοιιαιιι
308 1952 419 2019 portem
444 1949 602 2004 dictionum
621 1948 715 2019 potius
730 1948 859 2003 diuinare
879 1964 964 2031 quam
986 1949 1074 2018 ieqere
1094 1948 1201 2002 liceret.
1227 1949 1260 2003 ln
1283 1949 1404 2004 Hebraeis
1421 1951 1517 2003 numm
1545 1948 1685 2004 uocabulis
1713 1949 1789 2004 nibil

142 2017 307 2073 mendorum
322 2019 650 2084 adnotavimus,tometsi
664 2019 695 2072 in
709 2019 816 2090 aliquot
826 2019 937 2102 paqunis
950 2022 1078 2074 erratum
1092 2019 1140 2084 sit,
1160 2018 1231 2090 quod
1244 2035 1302 2076 non
1318 2019 1417 2074 liceret
1437 2019 1600 2090 tempestiue
1620 2019 1695 2090 apud
1709 2022 1789 2090 typo-

141 2086 281 2158 qrapbum
305 2089 402 2144 adesse
416 2105 480 2144 cum
494 2089 588 2158 prima
607 2104 713 2215 qnoque
726 2089 797 2160 solio
812 2090 950 2160 inceperet
971 2087 1121 2144 excudere.
1137 2088 1190 2144 Sed
1199 2088 1228 2144 id
1244 2105 1308 2145 rara
1321 2093 1351 2145 et
1363 2090 1395 2144 in
1407 2089 1588 2164 paucissimis
1606 2090 1718 2162 poqinis
1731 2091 1789 2160 pri·

142 2173 222 2215 mum
236 2158 313 2214 dctis
326 2159 413 2230 prato
428 2159 458 2214 id
472 2159 585 2215 coemit.
625 2160 680 2214 ale.

452 2437 790 2606 PETRI
876 2437 1477 2608 LOMBARDI

141 2816 551 2956 essenos
600 2699 1103 3030 succerdas
1148 2813 1788 2956 communicen

796 3095 1152 3199 PRAEFATIO.

179 3287 248 3344 Cum
267 3301 364 3344 amnes
386 3287 534 3359 prophetas
550 3286 666 3360 Spiritus
689 3287 776 3344 saneti
791 3287 941 3344 revelatio·
955 3290 1091 3351 Asanam
1114 3301 1132 3342 a
1153 3285 1288 3358 superiori
1311 3301 1362 3357 per
1383 3301 1511 3341 manuum
1534 3292 1644 3354 tactum,
1660 3284 1700 3342 sic
1720 3284 1790 3340 liber

144 3392 180 3432 ne
206 3381 314 3433 constet
332 3390 394 3431 esse
416 3375 532 3444 locutos,
556 3376 646 3434 David
666 3377 859 3448 prophetarum
881 3376 942 3432 exi·
992 3376 1044 3433 iste
1058 3375 1222 3433 docetbene
1245 3374 1363 3446 operari,
1386 3390 1442 3430 nnn
1465 3390 1516 3446 pro
1530 3373 1655 3442 terrenis,
1672 3373 1722 3430 sed
1736 3388 1787 3446 pro

144 3464 216 3519 mius
243 3463 365 3536 quadam
391 3463 510 3535 digniori
538 3472 620 3537 atque
644 3464 830 3522 excellentiori
848 3465 941 3532 modo,
993 3462 1161 3530 caelestibus,
1180 3479 1241 3537 quae
1255 3479 1365 3518 sursum
1379 3470 1451 3518 sunt.

145 3551 221 3609 relut
246 3551 312 3608 tuba
334 3551 452 3624 Spiritus
483 3553 581 3620 sancti,
610 3569 691 3626 quam
709 3552 755 3608 alii
773 3552 945 3625 prophetavit
1029 3551 1160 3608 Consistit
1174 3559 1265 3610 autem
1278 3551 1349 3608 liber
1363 3550 1414 3606 iste
1427 3551 1455 3605 in
1478 3558 1587 3608 eentum
1610 3557 1638 3608 et
1659 3551 1789 3624 quinqua·

147 3639 310 3714 [Cassianl.
325 3639 380 3696 atti
396 3655 514 3713 namque
528 3640 671 3712 prophete
684 3657 734 3713 per
748 3641 880 3714 quasdam
899 3657 943 3697 re·
993 3639 1067 3716 ginta
1081 3638 1205 3713 psalmis,
1221 3655 1277 3696 nea
1300 3647 1398 3710 preter
1422 3639 1527 3696 altioris
1542 3638 1728 3712 significqmie
1741 3654 1789 3694 ra·

145 3745 206 3785 rum
219 3727 355 3801 imagines
369 3734 450 3801 atque
465 3728 612 3785 verborum
627 3730 823 3804 integumenta,
840 3729 944 3786 seilicet
993 3729 1105 3786 donem.
1130 3729 1181 3784 Hic
1204 3728 1275 3783 enim
1296 3743 1425 3784 numerus
1447 3727 1632 3784 celeberrimis
1647 3734 1789 3783 annotatur

145 3832 196 3890 per
218 3816 323 3874 samma
346 3832 378 3873 aa
403 3816 533 3888 visiones,
558 3817 629 3874 tacta
650 3833 684 3875 ac
708 3819 781 3875 dicta
799 3818 943 3890 propheta·
992 3817 1141 3892 mysteriis.
1164 3817 1275 3872 Constat
1296 3816 1422 3872 emmer
1445 3816 1620 3890 octogenario
1644 3824 1670 3872 ct
1684 3823 1789 3887 septue-

90 3943 94 3950 ·
147 3912 218 3961 mnt.
241 3904 330 3962 Dauid
352 3913 442 3962 aulem
463 3905 548 3962 salius
570 3906 686 3978 Spiritus
708 3907 796 3963 sancti
815 3906 942 3963 instinctu
993 3905 1107 3981 generis
1122 3921 1130 3960 :
1144 3911 1171 3961 et
1182 3904 1376 3978 octogenarius
1389 3904 1463 3961 idem
1478 3903 1612 3976 significat
1627 3904 1699 3978 quod
1718 3911 1789 3961 ecta

146 3991 206 4049 sine
230 3993 305 4048 amni
329 3993 457 4048 exteriori
479 3993 656 4066 adminiculo,
677 4012 754 4051 suam
779 3994 863 4050 edidit
877 4010 942 4065 pro-
992 3994 1095 4064 narius,
1118 4001 1145 4050 et
1167 3993 1394 4067 septuagenarius
1418 3993 1491 4050 idem
1515 3993 1589 4066 quod
1609 3993 1786 4065 septenarius.

145 4078 292 4152 pheneum.
308 4079 386 4136 Unde
400 4081 595 4137 conuenienter
609 4083 707 4139 dieitur
721 4083 791 4139 liber
806 4083 856 4138 iste
872 4083 943 4138 Soli·
994 4081 1155 4139 Octonarius
1176 4098 1242 4138 vero
1265 4089 1391 4138 octavam
1413 4080 1547 4153 significet
1570 4081 1786 4147 resurrectionis,

144 4167 310 4240 loquiomm.
329 4165 420 4240 [Htsa.
437 4174 464 4223 et
482 4167 597 4242 Rauca]
620 4170 727 4226 Dicitur
741 4185 848 4243 quoque
872 4171 945 4226 Psel-
992 4171 1058 4244 quia
1080 4186 1143 4227 cum
1166 4170 1220 4225 sint
1243 4185 1273 4225 vr
1293 4177 1388 4226 {etates
1402 4170 1560 4238 viventium,
1577 4178 1604 4226 et
1617 4185 1657 4225 vn
1669 4169 1788 4226 marien·

146 4255 255 4324 terium,
279 4255 351 4329 quad
372 4271 474 4311 nomen
494 4257 600 4329 aceepit
618 4258 767 4329 aquodam
780 4258 884 4314 musico
898 4258 943 4314 in·
993 4259 1069 4326 tium,
1091 4267 1186 4316 cetura
1199 4267 1265 4315 aetas
1278 4259 1331 4315 erit
1353 4259 1576 4332 resurgentium:
1593 4273 1654 4331 qum
1677 4274 1709 4314 ex
1725 4265 1789 4315 tune

146 4351 307 4412 strumento,
333 4344 406 4416 quod
430 4343 564 4402 Hebraice
585 4344 707 4402 nablum.
731 4346 828 4404 Graece
842 4347 942 4420 psalte·
992 4348 1083 4419 erepit,
1106 4347 1217 4420 quando
1239 4347 1336 4404 animae
1356 4347 1499 4422 quiescere
1523 4355 1665 4419 caeperunt
1684 4347 1713 4402 in
1726 4362 1788 4418 pas-

147 4431 227 4497 rinm,
256 4447 273 4487 a
297 4431 394 4488 Graeca
407 4432 515 4515 ψάλλειν
535 4434 609 4506 qued
636 4443 678 4490 est
694 4439 819 4507 tanqere,
848 4435 943 4492 Latine
993 4435 1069 4492 sione
1097 4435 1207 4491 Christi.
1233 4436 1285 4491 Per
1313 4436 1498 4507 septenarium
1527 4451 1594 4491 vera
1622 4433 1789 4508 significatur

147 4541 282 4601 organum
296 4527 403 4596 dieitur,
419 4529 492 4602 quod
508 4537 551 4586 est
572 4531 775 4588 decachordum
790 4540 817 4589 et
831 4548 848 4588 a
862 4549 943 4605 supe·
992 4530 1100 4595 tempus
1113 4524 1193 4592 huius
1211 4522 1283 4593 Viiffis
1299 4540 1360 4596 (1¹1ae
1373 4531 1478 4594 sepiem
1500 4523 1605 4580 diemm
1629 4522 1789 4594 bebelium

146 4615 214 4672 riori
236 4615 326 4672 reddit
349 4632 446 4674 sanum
469 4634 521 4690 per
542 4635 672 4676 manuum
695 4629 805 4677 tactum,
829 4621 871 4678 Ab
894 4622 941 4678 1110
955 4612 1091 4704 Regitur.
1117 4611 1199 4667 Recte
1224 4627 1291 4683 erge
1311 4611 1479 4682 compositus
1495 4619 1536 4668 est
1550 4611 1622 4666 liber
1635 4611 1686 4666 iste
1701 4610 1729 4665 in
1743 4609 1789 4666 tali

146 4711 237 4762 autem
250 4704 431 4763 instrumento
446 4707 481 4762 ad
495 4706 613 4764 litteram
627 4709 689 4765 idea
702 4709 857 4766 nominatur
871 4711 941 4766 liber
991 4700 1307 4772 111111015311110111111,
1332 4701 1523 4772 1111111111θὸ
1552 4699 1666 4772 praestllt
1696 4706 1789 4755 nolant

145 4793 208 4860 iste,
228 4792 291 4866 quia
305 4793 341 4849 ad
355 4809 452 4850 vacem
467 4793 540 4850 illius
553 4795 726 4852 instrumenti
740 4798 827 4854 David
842 4799 941 4855 decan·
990 4788 1130 4860 missletits
1147 4789 1209 4860 ‘1⁰5³
1224 4788 1264 4844 ⁵1⁰
1278 4803 1329 4844 ¹¹⁰⁵
1344 4788 1372 4844 in
1386 4788 1467 4856 huius
1481 4787 1544 4843 W'lae
1557 4788 1787 4859 ὅθΡῑθῦθΐῑΟΟΡθ·

145 4875 221 4934 tabat
245 4877 366 4948 psalmos
389 4885 451 4935 ante
473 4893 566 4936 arcam
588 4879 617 4935 ia
630 4881 805 4939 tabernaculo
820 4883 939 4939 Domini.
990 4877 1046 4933 mri
1059 4893 1091 4932 ae
1105 4876 1195 4933 virere
1206 4876 1296 4942 docet,
1312 4883 1340 4931 ut
1356 4876 1384 4932 ia
1397 4883 1495 4933 octava
1509 4875 1718 4932 resurrectionis
1728 4890 1783 4931 nan

146 4965 181 5020 Et
203 4966 433 5038 quemadmodum
457 4967 572 5041 singulm
593 4968 793 5026 modulationes
811 4969 884 5026 illius
897 4971 941 5027 in·
991 4972 1136 5029 induamur
1158 4971 1278 5044 diploide
1301 4971 1478 5040 contusionis,
1504 4972 1554 5030 sed
1578 4971 1647 5028 stola
1670 4971 1787 5046 gemine

146 5053 288 5109 strumenti
311 5055 477 5113 vocabantur
499 5056 608 5127 psalmi,
633 5058 670 5113 ita
692 5065 719 5114 et
734 5058 851 5133 singulm
864 5059 943 5116 istius
992 5060 1208 5134 glorificationis.

145 5138 207 5196 libri
220 5141 362 5212 particulae
375 5143 419 5200 rel
433 5143 571 5201 clausulae.
592 5145 673 5201 iuxta
694 5146 861 5217 spiritualem
875 5163 942 5221 quo-
1029 5149 1078 5205 tet
1093 5149 1155 5205 ideo
1168 5149 1196 5204 in
1211 5150 1263 5206 hoc
1277 5165 1392 5206 numero
1415 5149 1584 5222 psalmorum
1598 5157 1639 5206 est
1653 5149 1787 5222 composi·

145 5242 199 5300 que
212 5227 420 5301 intelligentiam
434 5231 505 5289 bene
518 5232 554 5288 ab
567 5232 614 5289 illo
635 5233 816 5292 instrumento
843 5251 943 5293 nomen
994 5245 1046 5306 tus,
1062 5237 1126 5310 quia
1139 5244 1168 5292 ut
1183 5237 1301 5292 diximus
1317 5238 1360 5296 hie
1379 5255 1510 5296 numerus
1534 5246 1641 5296 canstat
1666 5253 1699 5294 er
1713 5245 1789 5295 acto-

146 5315 265 5386 sortitur,
291 5316 354 5390 qaia
378 5318 449 5375 sicut
467 5319 535 5376 illud
557 5321 766 5378 instrumentum
800 5329 840 5379 est
863 5323 944 5382 deca·
994 5324 1108 5399 genecio
1125 5332 1152 5381 et
1166 5327 1382 5400 septuagenaria,
1399 5327 1445 5400 qui
1460 5327 1532 5384 idem
1555 5326 1692 5402 significat
1715 5327 1787 5399 quod

146 5403 291 5472 chardum,
312 5405 349 5461 ita
371 5405 442 5463 liber
463 5406 514 5464 iste
535 5407 615 5466 docet
629 5410 833 5468 observantiam
846 5413 942 5470 decem
993 5414 1146 5470 octonarius
1164 5421 1191 5471 et
1212 5416 1391 5487 septenarius.
1416 5415 1509 5489 [Aac]
1535 5415 1700 5472 Oetonarius
1723 5431 1787 5471 vem

146 5490 350 5552 mandatorum.
383 5495 417 5552 Et
441 5495 511 5554 sicut
532 5495 597 5554 illud
620 5497 829 5558 instrumentum
853 5499 941 5560 reddit
993 5501 1128 5576 significat
1147 5505 1254 5561 Novum
1277 5505 1489 5562 Testamentum.
1516 5505 1609 5564 Patres
1632 5504 1704 5561 enirn
1718 5503 1787 5566 Noui
