3930 6066
168 279 175 288 ¹
203 219 255 274 755
903 215 1005 272 PETRI
1023 214 1202 272 conanum
1796 216 1849 272 756

201 342 349 397 damnandi
377 340 527 409 veniamus,
559 342 621 413 quin
649 355 784 412 pauperes
814 339 876 396 lacti
905 339 1040 402 sumusA
1085 339 1208 406 Posside,
1224 339 1371 414 [Cassiod.,
1388 343 1470 417 Aug!
1485 359 1520 400 ne
1537 340 1627 416 aliquo
1641 357 1736 398 errore
1752 356 1845 397 maau-

201 427 291 498 nimis,
308 430 344 484 ad
353 431 454 486 bonum
470 429 622 485 iaciendum
636 448 643 492 ;
656 428 714 496 sed,
732 427 827 499 adjuva
842 443 901 496 nos,
914 417 997 494 Deus,
1048 427 1148 495 lentur,
1164 429 1218 496 vel,
1233 431 1326 502 recipe
1340 432 1372 487 in
1386 433 1575 506 adoptionem,
1591 430 1747 496 alialittera,
1764 427 1845 494 lilios,

200 517 277 588 quasi
293 525 448 592 paupertas,
465 517 492 572 id
506 526 546 572 est
561 515 702 571 infirmitas
713 523 804 570 nostra
818 523 843 572 te
855 516 999 570 miserante
1048 515 1076 571 id
1091 525 1132 570 est
1143 525 1277 587 posteros,
1294 518 1528 576 mortificatorum.
1539 520 1596 576 lloc
1610 534 1719 590 semper
1729 533 1844 573 ornavere

201 605 343 674 adjuvetur
371 607 406 660 ad
432 605 505 661 bona
527 605 658 661 iacienda.
685 603 766 674 Quasi
796 603 867 660 dicat
883 620 890 658 t
907 602 1000 659 Gratia
1049 603 1135 660 sancti
1173 611 1316 676 martyres,
1347 622 1381 661 ne
1410 606 1590 664 inimatuosus
1628 613 1701 662 esset
1727 605 1847 676 posteris

202 692 310 761 adjuvet
333 693 447 749 liberum
471 692 619 748 arbitrium.
645 692 712 748 Cum
736 691 875 757 enimait,
901 691 999 760 adjuva
1049 691 1160 765 sanguis
1176 709 1281 759 eorum,
1307 702 1335 748 ut
1358 694 1422 749 inde
1440 703 1576 752 cresceret
1600 711 1690 768 seges,
1705 693 1777 749 unde
1791 711 1846 764 pu·

202 796 262 846 nos,
279 797 329 836 nec
344 781 486 854 ingratius,
504 789 545 836 est
559 780 664 853 gratim,
679 795 731 836 nec
744 779 814 834 tollit
826 779 941 835 liberum
957 793 999 833 ar·
1049 781 1158 835 labatur
1173 782 1304 852 peritura.
1329 783 1363 836 Et
1378 791 1419 838 est
1441 783 1492 839 ista
1506 783 1550 854 pia
1573 783 1703 856 precatio,
1720 797 1754 837 ne
1778 779 1849 836 filios

201 867 320 923 bitrium.
349 867 402 938 Qui
430 869 502 924 enim
525 868 675 938 adjuvatur,
701 867 782 923 etiam
806 883 855 939 per
880 865 999 938 seipsum
1050 884 1143 925 eorum
1168 869 1300 941 projiciat,
1317 870 1363 942 qui
1376 886 1427 941 pro
1451 886 1483 927 eo
1496 871 1581 944 puniti
1593 879 1663 940 sunt,
1688 871 1737 926 sed
1751 869 1847 925 multi-

202 955 304 1028 uliquid
332 957 396 1028 agit,
423 956 552 1012 Salutaris
575 965 676 1022 auster,
705 955 751 1026 qui
778 953 950 1010 necessarius
969 969 1000 1009 es
1048 957 1140 1028 plicet.
1157 957 1251 1013 Ethoc
1265 959 1420 1015 secundom
1430 961 1655 1032 magnitudinem
1670 959 1778 1016 bruchii
1794 961 1846 1024 tui,

202 1043 350 1099 infirmitati
364 1052 483 1108 nostram
500 1053 526 1100 et
540 1052 651 1114 propter
674 1043 789 1116 gloriam
818 1042 937 1100 nominis
951 1041 999 1110 tui,
1049 1045 1077 1100 id
1093 1045 1350 1115 estpotentiaetuae.
1366 1047 1420 1102 lies
1444 1048 1516 1103 enim
1532 1055 1588 1103 tam
1601 1063 1701 1120 magna
1724 1047 1751 1102 in
1767 1044 1848 1102 Chri-

201 1139 230 1186 ut
257 1132 304 1204 qui
327 1132 468 1203 gloriatur,
493 1133 521 1186 in
542 1132 659 1187 Domino
680 1131 820 1203 glorietur,
845 1147 899 1186 non
919 1130 947 1185 iu
970 1145 1000 1186 sc
1050 1133 1145 1188 stianis
1168 1141 1258 1190 secuta
1283 1143 1334 1202 est,
1366 1151 1443 1206 quam
1465 1151 1604 1208 uunquam
1628 1136 1772 1191 crederent
1793 1134 1847 1188 iui-

202 1221 229 1289 (1
243 1221 303 1277 Cor.
321 1221 358 1290 x).
374 1219 499 1285 Domine,
525 1219 611 1275 libera
624 1235 684 1276 nos.
707 1219 817 1274 Liberat
831 1233 891 1284 nos,
916 1218 1000 1273 idest
1050 1220 1122 1278 mici.

202 1307 271 1362 eruit
285 1322 302 1362 a
317 1307 395 1363 malis
423 1308 506 1374 Deus,
536 1323 596 1363 cum
612 1315 638 1362 et
652 1307 762 1375 adjuvat
788 1308 824 1363 ad
848 1305 999 1363 taciendam

198 1393 340 1462 justitiam,
357 1402 384 1450 et
398 1395 528 1466 propitius
548 1403 589 1450 est
612 1395 739 1467 peccatis,
757 1394 815 1450 sine
843 1395 942 1467 quibus
958 1393 1000 1448 hia

201 1498 256 1538 non
278 1482 384 1549 vivitur,
409 1483 481 1538 unde
504 1483 594 1538 subdit
609 1501 616 1537 :
631 1485 665 1538 Et
692 1482 825 1555 propitius
851 1490 911 1538 esto
933 1497 999 1554 pea-

201 1571 269 1629 catis
283 1571 362 1628 nobis
374 1579 487 1643 propter
500 1587 600 1628 nomen
615 1580 699 1637 tuum,
713 1571 772 1626 brac
786 1569 830 1628 iao
843 1569 932 1638 nobis,

235 1696 320 1752 Vnus.
338 1698 371 1750 to
385 1725 421 1736 -
438 1717 448 1744 u
467 1695 507 1752 Ne
530 1695 598 1751 torte
623 1695 713 1751 dicant
730 1695 758 1750 in
781 1694 910 1768 gentibus
926 1712 932 1748 ε
949 1693 1000 1751 Ubi

202 1806 212 1832 r
231 1791 272 1839 est
286 1783 359 1838 Deus
374 1783 493 1839 eorum?
507 1790 534 1839 et
556 1781 708 1839 innotescat
723 1783 751 1838 in
773 1781 927 1838 nationibus
949 1797 998 1839 co-

202 1894 212 1918 r
231 1887 288 1926 ram
302 1869 388 1928 oculis
403 1871 511 1927 uostris.
531 1892 543 1922 s

236 1979 274 2034 Ne
284 1981 357 2050 sorte
368 1977 466 2034 dicent
475 1978 507 2034 io
517 1978 657 2049 pentibus.
669 1977 762 2050 [Aug.,
770 1975 906 2044 Cassiod,
914 1977 997 2050 Aug,

199 2065 336 2138 Cassiod]
365 2065 451 2134 Quasi
478 2065 551 2122 dicat
567 2083 573 2120 :
591 2066 649 2122 lloc
675 2082 727 2136 pro
754 2063 881 2139 gentibus
911 2063 1000 2138 magis

199 2162 262 2226 peto
278 2171 339 2226 qum
353 2161 467 2225 pereunt
487 2154 659 2224 desperando
673 2153 708 2210 de
724 2155 790 2220 Deo,
817 2153 882 2226 quid
896 2153 998 2218 dicant,

198 2241 266 2298 illud
280 2243 435 2298 usitetuma
452 2241 571 2313 perfidis,
599 2242 703 2299 scilicet
722 2243 770 2298 ubi
792 2246 834 2298 eet
856 2243 930 2298 Deus
954 2257 1000 2297 co·

199 2347 264 2387 rum
277 2335 289 2388 t
303 2330 388 2401 Quasi
403 2330 476 2388 dicat
487 2349 494 2385 :
506 2330 556 2387 Vel
569 2346 624 2386 non
639 2338 690 2398 est,
708 2330 752 2387 vel
766 2346 820 2386 non
834 2337 922 2402 potest
937 2343 1001 2386 suos

200 2420 350 2491 adjuvare3
366 2419 424 2476 haec
438 2427 480 2476 est
493 2418 641 2485 insultatio,
658 2435 712 2475 non
727 2417 849 2474 terenda.

236 2545 321 2599 Vsus.
340 2548 382 2598 ll.
399 2575 433 2586 -
451 2567 462 2592 a
480 2543 551 2601 Ultio
567 2543 710 2616 sanguinis
734 2557 878 2598 servorum
893 2548 1001 2596 tuorum

202 2654 213 2683 i
233 2632 278 2704 qui
294 2629 397 2686 effusus
412 2639 453 2688 est
466 2631 603 2698 ;introoat
617 2631 645 2685 in
659 2637 807 2702 conspectu
823 2637 870 2686 tuo
884 2630 1002 2703 gemitus

204 2743 214 2767 s
233 2718 458 2790 compeditorum.
478 2741 489 2766 s

240 2808 313 2865 ttttto
323 2808 473 2877 rcnpuint's
488 2822 632 2863 seruorum
643 2810 757 2864 tuorum
773 2807 821 2879 qui
832 2806 937 2877 effusus
947 2809 1001 2862 est.

202 2895 276 2954 Ultio
295 2895 462 2966 temporalis,
487 2893 591 2950 scilicet
604 2902 632 2950 ut
648 2902 777 2950 aeternam
803 2893 930 2950 evadant.
956 2894 1000 2948 ln·

201 2991 343 3041 notescam
358 2983 385 3038 ia
400 2982 553 3038 nationibus
576 2982 770 3038 communalis
791 2982 901 3048 nostris,
927 2981 1002 3037 scili-

1087 1346 1171 1402 vrrs.
1189 1349 1231 1401 13.
1247 1377 1282 1388 -
1299 1369 1310 1394 r
1324 1348 1357 1402 Et
1372 1348 1457 1404 redde
1471 1347 1568 1405 vicinis
1579 1348 1678 1404 nostris
1693 1348 1856 1420 septuplum-

1053 1454 1065 1484 «
1081 1433 1110 1488 in
1125 1435 1185 1490 sinu
1198 1449 1293 1490 eorum
1304 1453 1311 1489 r
1323 1435 1518 1507 improperium
1528 1435 1648 1508 ipsomm
1663 1436 1737 1507 quod
1751 1451 1852 1507 expro-

1054 1543 1065 1572 ι
1081 1522 1228 1578 broverunt
1242 1522 1299 1591 tibi,
1316 1523 1440 1580 Domine.
1460 1547 1471 1572 n

1012 1690 1039 1752 B
1087 1655 1122 1710 lit
1136 1653 1229 1710 redde.
1246 1654 1339 1727 [Aug.
1364 1652 1482 1722 alcuin„
1498 1655 1582 1728 Aug]
1605 1657 1672 1710 ltam
1686 1672 1741 1711 nou
1764 1663 1850 1727 optat,

1049 1741 1098 1798 sed
1115 1757 1179 1797 vera
1193 1741 1346 1813 prophetat,
1367 1741 1462 1798 dicens
1478 1761 1485 1797 :
1502 1742 1591 1800 Redde
1605 1745 1717 1812 uicinis,
1735 1743 1770 1799 de
1786 1744 1851 1816 qui-

1047 1829 1099 1885 bus
1124 1846 1205 1900 supra
1229 1829 1306 1896 dinc,
1323 1829 1394 1886 inter
1417 1847 1485 1903 quos
1500 1838 1542 1886 est
1564 1830 1696 1902 Ecclesia,
1713 1833 1850 1904 usquead

1049 1919 1249 1990 separationem
1274 1918 1403 1986 laturam,
1418 1921 1592 1994 septuplam.
1625 1921 1784 1992 Septenaria
1799 1938 1852 1975 nu-

1049 2022 1136 2076 mero,
1163 2006 1190 2061 id
1217 2013 1258 2061 est
1286 2007 1408 2078 septupla
1437 2007 1625 2079 retributione,
1653 2009 1851 2080 perlectionem

1049 2085 1138 2166 poeuae
1153 2093 1299 2168 significat,
1316 2096 1378 2168 quia
1392 2097 1444 2152 boc
1466 2112 1579 2152 numeru
1601 2097 1740 2169 plenitudo
1766 2097 1852 2171 signi-

1050 2181 1124 2238 ficari
1147 2182 1227 2252 solet,
1254 2183 1323 2239 sicut
1337 2183 1412 2239 etde
1436 2183 1524 2253 bonis,
1546 2199 1607 2241 cum
1631 2185 1729 2241 dicitur
1752 2194 1851 2242 centu-

1050 2271 1124 2344 plum
1147 2271 1262 2342 accipiet
1275 2271 1302 2326 in
1318 2272 1370 2328 hoc
1393 2271 1493 2327 saeculo
1507 2272 1602 2342 (Marc.
1618 2273 1659 2340 x),
1677 2274 1748 2344 quod
1772 2275 1852 2346 posi-

1051 2368 1109 2416 tum
1122 2367 1163 2414 est
1177 2375 1229 2429 pru
1244 2359 1371 2415 omnibus
1387 2376 1394 2414 ε
1411 2358 1496 2428 Quasi
1519 2359 1592 2416 dicat
1607 2378 1614 2414 :
1632 2361 1704 2416 Nihil
1719 2362 1853 2418 habentes

1051 2456 1124 2513 sunt,
1141 2456 1168 2502 et
1182 2447 1274 2503 omnia
1287 2447 1460 2519 possidentes
1483 2449 1509 2519 (l
1522 2449 1583 2505 Cor.
1599 2452 1649 2520 m).
1673 2449 1709 2504 llt
1732 2451 1794 2517 boc,
1820 2452 1855 2506 in

1052 2537 1118 2592 siau
1133 2551 1239 2602 eorum,
1256 2535 1284 2590 id
1299 2543 1339 2591 est
1353 2535 1381 2589 in
1404 2535 1517 2592 occultis
1541 2552 1612 2592 nunc
1627 2537 1654 2591 iu
1669 2538 1718 2594 hac
1741 2538 1806 2605 vita,
1824 2548 1853 2594 ut

1052 2631 1145 2695 postea
1160 2623 1312 2680 innotescat
1326 2623 1354 2678 in
1368 2623 1523 2681 nationibus
1533 2639 1624 2680 coram
1639 2626 1727 2682 oculis
1741 2627 1853 2683 nostris.

1052 2712 1278 2784 Humanumque
1301 2727 1363 2768 curn
1386 2712 1465 2767 datur
1479 2712 1507 2768 in
1521 2713 1667 2785 reprobum
1691 2730 1802 2770 sensum
1824 2715 1856 2770 ia

1052 2798 1174 2856 interiori
1188 2815 1271 2855 sensu
1295 2799 1393 2870 accipit
1417 2799 1614 2872 suppliciorum
1636 2802 1762 2858 meritum
1777 2801 1855 2858 lutu-

1053 2903 1154 2944 rorum.
1171 2887 1230 2957 Vel,
1247 2886 1401 2959 septuplam
1425 2889 1502 2960 ponit
1515 2905 1566 2960 pro
1581 2888 1695 2958 infinito,
1711 2891 1855 2963 imprope-

1053 2977 1129 3033 rium
1143 2977 1268 3049 ipsorum
1283 2977 1353 3049 quod
1376 2978 1620 3050 eeprolmuerant
1635 2979 1695 3047 tili,
1720 2981 1852 3037 bomine.

201 3080 245 3130 cet
259 3073 312 3129 cito
327 3071 373 3126 suat
397 3078 426 3127 ut
441 3071 582 3128 videamus
597 3071 658 3126 illos
680 3086 839 3135 conversos,
856 3069 902 3143 qui
921 3070 1004 3126 modo
1019 3040 1140 3134 CQlfflsi
1150 3064 1237 3120 ‘¹1⁰⁸ss
1250 3065 1307 3121 ¹10⁰
1317 3065 1357 3120 ³5⁵
1367 3065 1459 3136 reddes
1472 3065 1664 3137 ⁸0l>i¹¹l³¹¹³mi¹¹
1675 3067 1854 3135 ὓὶῡῑιθθῐῑιιΰ,

201 3167 411 3234 persequuntur,
429 3167 456 3216 et
477 3159 626 3232 accipiatur
649 3160 701 3216 boc
715 3158 744 3214 iu
760 3159 832 3215 bonu
847 3159 881 3214 de
904 3159 1007 3214 ultione
1056 3152 1159 3210 scilicet
1182 3153 1376 3224 improperium
1392 3153 1513 3224 ipsorum
1527 3154 1600 3226 quod
1624 3155 1858 3226 exprobraverunt

202 3249 342 3320 prasenti,
366 3247 410 3304 vel
433 3248 467 3303 de
489 3263 571 3318 poena
594 3255 696 3303 aterna
719 3254 809 3318 potest
832 3246 919 3319 accipi
941 3247 1005 3302 sic:
1055 3241 1113 3306 tibi,
1137 3241 1262 3303 Domine.
1278 3241 1362 3296 idest
1383 3256 1435 3311 pro
1458 3241 1510 3298 isto
1530 3242 1687 3313 opprobrio,
1703 3243 1738 3298 da
1753 3259 1802 3301 eos
1828 3245 1857 3300 in

202 3337 276 3394 Ultio
286 3337 434 3407 sanguinis
444 3352 587 3393 seruorum
604 3337 773 3409 tuorumqai
783 3335 890 3406 effusas
904 3339 946 3391 est
957 3337 1005 3390 r'o-
1058 3330 1201 3401 reprobum
1215 3345 1334 3385 seusam.
1350 3330 1390 3385 lbi
1412 3329 1483 3384 enim
1499 3331 1731 3401 exprobraverunt
1753 3349 1858 3389 nomen

202 3427 302 3482 troent.
327 3423 482 3480 innotescat
500 3424 527 3478 ni
547 3423 701 3479 nationibus
726 3439 819 3480 coram
843 3423 929 3479 oeulis
953 3439 1005 3479 nu·
1056 3421 1132 3468 tuum
1147 3413 1175 3466 in
1189 3412 1275 3468 servis
1288 3413 1341 3468 luis
1363 3412 1523 3470 arbitrantes
1548 3413 1639 3470 delere
1661 3431 1760 3472 nomen
1780 3425 1858 3472 tuum

203 3512 276 3579 stris,
293 3510 388 3584 [Aug]
402 3511 430 3566 id
454 3521 502 3566 est.
518 3527 595 3567 sume
617 3511 765 3568 vindictam
789 3511 823 3567 de
845 3510 934 3579 malis,
960 3510 1007 3583 qui
1056 3502 1091 3557 de
1107 3509 1187 3556 terra.
1211 3499 1359 3574 [Cassiod.]
1376 3501 1423 3558 Vel
1442 3508 1530 3573 poiesi
1553 3504 1605 3558 boa
1619 3503 1646 3557 in
1669 3503 1741 3560 bono
1756 3505 1860 3577 accipi,

203 3599 331 3655 fuderunt
347 3599 511 3672 sanguinem
535 3608 654 3666 tuorum,
671 3607 698 3654 et
712 3599 738 3654 in
752 3597 806 3654 line
819 3599 857 3655 ita
871 3597 926 3664 fiet,
944 3597 1007 3671 quia
1058 3596 1083 3646 et
1098 3589 1163 3645 dicit
1177 3589 1304 3660 optando,
1330 3589 1416 3644 redde
1431 3589 1527 3645 vicinis
1551 3590 1661 3646 nostris.
1686 3591 1744 3648 Etsi
1758 3608 1859 3664 corpu-

200 3686 248 3745 uel
269 3688 314 3744 hic
330 3688 513 3745 inconversis
537 3688 680 3759 perimitur
692 3687 829 3759 iniquitas,
858 3687 1007 3761 quodaute
1057 3677 1250 3734 talilerteddii
1273 3678 1357 3744 Deus.
1374 3678 1505 3734 ⁵811¹⁸0⁵l
1526 3679 1727 3736 iflmenssn'tmae
1748 3697 1860 3752 eorum,

204 3783 356 3848 optaverat.
383 3773 542 3832 velinfine
564 3775 849 3847 pereun12qu0dhie
872 3775 1007 3831 aioirnon
1057 3766 1130 3821 unde
1157 3765 1257 3832 subdit,
1287 3765 1451 3836 septuplum,
1481 3782 1532 3837 per
1563 3767 1635 3838 quoa
1660 3767 1859 3839 perfectionem

206 3865 334 3937 optando,
352 3865 400 3920 sod
416 3865 614 3936 prophetando,
631 3863 694 3935 quia
705 3864 793 3933 justas
817 3880 871 3918 uun
885 3863 1007 3920 delecta·
1057 3851 1413 3926 d0¹150oe¹0⁵fi⁵⁵iss¹¹ffi⁰⁰b
1431 3853 1541 3924 ιιῑιῑῑῐῑάι)
1555 3854 1658 3926 spirim
1673 3865 1860 3914 ⁸⁸¹1⁰¹⁰0⁰¹1b

209 3963 251 4008 tur
266 3953 396 4025 depoena
420 3952 530 4020 inimici,
562 3953 623 4024 quia
647 3968 702 4007 non
726 3968 787 4008 auur
811 3951 884 4017 odit,
901 3952 949 4006 sed
973 3953 1007 4007 de
1058 3941 1174 4012 plefflur·
1199 3943 1234 3996 Εῑ
1256 3941 1437 4007 h002111⁸i¹ffl
1462 3957 1567 4011 eorum,
1591 3943 1617 3998 id
1642 3945 1727 4000 estin
1750 3955 1862 4004 secreto

209 4041 302 4118 divin-p
325 4041 437 4109 jussura,
465 4040 527 4112 quia
549 4042 636 4096 Deum
658 4040 755 4114 diligis,
781 4041 909 4105 Εροῃιη,
935 4039 1007 4108 inju.
1057 4029 1220 4094 animorum,
1246 4029 1291 4083 ubi
1315 4028 1349 4084 sit
1372 4030 1525 4088 conversio.
1541 4030 1576 4086 Et
1595 4032 1680 4088 redde
1695 4033 1735 4089 eis
1755 4034 1861 4106 impro-

208 4136 266 4183 stus
282 4127 354 4195 iacit,
372 4128 451 4182 mulis
466 4129 501 4183 ita
517 4127 572 4194 fuat,
588 4131 714 4187 introeat
738 4136 827 4184 autem
842 4130 874 4184 in
889 4143 1007 4199 conspe·
1058 4118 1164 4189 pelium
1188 4118 1261 4189 quod
1285 4119 1520 4188 exprobraverunt
1543 4119 1601 4184 libi,
1627 4121 1751 4186 ὓθῐῐιίὓθ,
1769 4123 1796 4178 id
1820 4134 1864 4180 est

210 4219 259 4270 cta
270 4219 325 4281 tao,
339 4215 382 4270 vel
393 4223 468 4270 tuum
478 4218 600 4286 pensitas
614 4217 837 4288 compeditorum
848 4216 1007 4288 corruptibi-
1059 4205 1102 4264 stc
1126 4214 1156 4261 ¹¹¹
1170 4219 1219 4277 lll⁰
1242 4205 1346 4276 iniuriis
1359 4214 1385 4262 θῑ
1399 4207 1563 4278 0l³lil0blfi⁵2
1581 4225 1642 4280 (luae
1664 4210 1713 4266 libi
1735 4210 1863 4269 swefflssl
1907 4219 1911 4224 “

209 4302 284 4358 litate
299 4303 398 4370 carnis,
417 4319 477 4374 quae
491 4311 622 4376 aggravat
632 4303 761 4371 animam,
777 4320 827 4376 per
842 4320 924 4377 quam
939 4321 1008 4376 μω.
1059 4295 1176 4351 reddant
1189 4293 1294 4360 laudes,
1312 4311 1373 4366 quae
1387 4302 1429 4350 est
1443 4295 1564 4368 gloriosa
1577 4297 1733 4366 vindicatio,
1749 4303 1864 4372 quando

210 4390 281 4447 ualet
294 4391 442 4462 aliquando
455 4398 623 4462 persecutor.
641 4393 697 4447 llas
712 4393 859 4464 compedes
874 4409 928 4449 non
943 4409 1009 4448 scn—
1024 4385 1136 4454 DDeus
1150 4382 1322 4439 inimieorum
1337 4399 1384 4440 ore
1397 4383 1532 4440 laudatur.

208 4479 286 4545 tium,
317 4479 369 4533 nisi
396 4479 435 4533 illi
464 4479 510 4551 qui
538 4479 722 4552 ingemiscunt
749 4481 876 4553 gravati;
904 4481 939 4536 ab
965 4481 1006 4535 his
1093 4498 1175 4552 pus·
1192 4512 1233 4554 111.
1251 4497 1336 4554 pm
1354 4499 1470 4554 μμ,
1487 4499 1861 4573 Nosaupempopupusguus

208 4567 335 4638 (inplebit
363 4567 476 4623 disffllvi
504 4568 660 4639 Ᾰρθῦῑῦῐῦὅ,
687 4577 789 4625 010880
812 4585 874 4626 cum
901 4569 1008 4626 ChfiSlO
1060 4592 1111 4640 «et
1121 4599 1305 4655 ovespascuae
1317 4595 1378 4652 tuae,
1390 4585 1581 4644 confitebimur
1592 4589 1641 4644 tibi
1651 4590 1678 4645 in
1690 4590 1832 4647 monium.
1848 4617 1859 4642 ι

209 4655 349 4755 (ΡΜΗΡΡΖ
362 4656 392 4726 U·
411 4656 459 4712 vel
473 4657 621 4755 ⁰⁰mpf³d⁰⁸
634 4665 696 4712 ⁵⁰⁰¹
719 4665 856 4728 mmm
870 4657 929 4723 Μ’
946 4657 1007 4729 qni'
1094 4691 1147 4747 llos
1162 4696 1259 4747 cutem
1271 4693 1392 4764 populus
1408 4697 1483 4750 brus.
1509 4693 1652 4766 [Cassiod.,
1670 4697 1764 4768 llaym.
1795 4699 1863 4755 Cas·

209 4744 261 4798 bus
289 4743 452 4817 colligantur
478 4752 564 4801 suncti
581 4764 587 4798 :
604 4759 664 4817 quae
690 4745 829 4816 patientur
856 4746 1009 4802 subtentata
1060 4778 1142 4844 siod.,
1159 4779 1242 4852 Aug]
1267 4780 1357 4836 Tema
1381 4757 1454 4852 p'ars,
1481 4781 1526 4837 ubi
1540 4789 1582 4837 est
1606 4737 1862 4843 exsultativa'con·

208 4833 237 4887 in
252 4841 410 4934 ⁰¹⁸⁰ffm⁰¹¹²³
426 4840 574 4933 ‘'⁶³qu
590 4833 780 4938 deefliciffl‘
792 4849 798 4889 ²
811 4834 1009 4933 mmmm
1060 4866 1156 4933 clusio,
1172 4883 1226 4924 nun
1241 4867 1373 4924 victorum
1396 4870 1552 4940 parentium
1566 4879 1592 4926 at
1606 4873 1699 4928 suavis
1720 4876 1863 4934 conclusio

210 4925 292 4976 mm
306 4937 338 4974 ²⁷²
353 4921 497 4991 ⁶⁰mped⁶⁸
513 4935 573 4992 eim
588 4921 688 4988 (ML
704 4920 754 4993 vo·
771 4921 820 4976 vel
835 4921 870 4976 ad
891 4922 1010 4978 mmmm
1061 4954 1271 5012 lamentationis.
1297 4955 1380 5026 Quasi
1402 4957 1475 5014 dieat
1493 4977 1499 5013 ε
1516 4956 1571 5014 lllis
1592 4959 1648 5025 itas
1674 4977 1724 5018 uos
1751 4969 1860 5032 autem,

208 5008 378 5108 compeditos
398 5008 463 5064 dicit
478 5007 700 5106 eus,.[Cassiod.]
725 5024 794 5081 quos
817 5010 934 5110 gentiles
949 5011 1010 5110 rin·
1062 5059 1130 5115 quos
1144 5044 1274 5115 pumban,
1289 5060 1319 5101 se
1340 5046 1463 5115 perdeffl,
1480 5047 1525 5119 qui
1541 5063 1635 5104 sumus
1655 5051 1778 5122 popm,
1795 5057 1864 5110 ,um

211 5104 309 5164 renat,
325 5113 372 5168 qur
390 5113 453 5151 oum
477 5105 579 5169 gemitu
594 5104 672 5152 orant
686 5105 715 5151 ut
739 5098 863 5154 Ecclesia
878 5115 905 5154 ru
920 5098 1011 5154 iratn-
1062 5131 1124 5199 fide,
1142 5137 1170 5190 ει
1185 5150 1246 5190 om
1259 5151 1371 5206 pascum
1388 5138 1453 5202 pm,
1469 5134 1496 5190 id
1511 5145 1552 5192 es,
1567 5136 1690 5194 doctrina
1705 5147 1750 5194 ,m
1764 5143 1836 5212 pasl,
1855 5161 1862 5196 :

213 5185 265 5282 ¹³¹¹}
288 5200 342 5239 ⁰⁰¹¹
367 5183 484 5283 ‘deficiat’
501 5185 612 5284 ⁰²⁸iff⁰⁵
633 5199 713 5256 pm
738 5186 1012 5285 ⁰⁰¹¹⁵¹¹¹¹¹i¹2nei¹¹de
1062 5221 1105 5276 lrae
1128 5230 1190 5276 sunt
1210 5222 1333 5294 reliquiae
1355 5223 1512 5280 Judaeorum
1535 5239 1552 5280 a
1570 5226 1717 5282 llatbathia
1741 5243 1862 5302 congro·

215 5272 279 5343 qud
307 5281 426 5344 genistas
452 5273 666 5344 compeditorum
693 5280 768 5344 petat
790 5273 935 5341 ustend1t3
961 5276 1013 5332 boa
1064 5311 1171 5383 gum„
1183 5311 1270 5366 Mad,
1287 5311 1329 5382 Π)1
1346 5312 1394 5368 Vel
1418 5313 1583 5384 generaliter
1601 5315 1637 5372 de
1660 5317 1733 5372 omni
1757 5334 1864 5390 genepe

214 5375 285 5414 emm
301 5361 408 5431 pem
423 5361 671 5434 gemiwsinmum·
776 5451 783 5460 ,
1064 5399 1168 5470 piorum
1196 5415 1229 5456 aa
1262 5416 1390 5456 serarum
1427 5400 1639 5460 Christianorum
1673 5404 1862 5478 accipiendum

252 5483 337 5538 Vaus.
356 5487 400 5538 ta.
415 5515 449 5525 -
466 5507 476 5535 r
495 5484 649 5541 Secundum
674 5485 889 5559 magnitudinem
909 5485 1031 5543 brachii'
1065 5495 1115 5552 est,
1144 5496 1172 5542 ut
1200 5487 1281 5544 etiam
1307 5489 1475 5546 Christianus
1499 5491 1615 5564 populas
1635 5492 1672 5550 ibi
1697 5493 1731 5549 sit
1751 5495 1861 5552 mistus.

219 5571 285 5624 atari
300 5571 409 5642 posside
425 5571 494 5627 filios
509 5571 741 5628 mortificatorum.
763 5599 773 5620 a
1065 5575 1211 5643 [Cassiod.,
1242 5575 1325 5649 nup]
1340 5578 1390 5634 llio
1405 5586 1444 5634 est
1469 5595 1536 5652 grex
1558 5595 1607 5652 pm
1633 5598 1687 5656 quo
1713 5585 1800 5640 orarit
1829 5603 1864 5642 ue
