3896 6062
101 185 141 240 tot
530 177 813 238 conuenientius
834 177 870 232 IN
889 175 1057 234 Psanttos.
1072 205 1107 218 ·-
1121 175 1216 233 PSAL.
1231 176 1265 233 V.

1694 180 1746 240 {02

103 307 163 364 tales
176 313 250 373 sunt,
266 305 384 374 oDeus,
397 304 491 375 jndice
503 303 576 376 illos.
587 304 649 360 Non
663 311 738 376 opta,
755 303 804 360 sed
823 301 896 374 quod
910 302 1020 365 Auem.
1034 303 1069 359 Et
1082 310 1126 360 εει
1139 318 1245 371 εεεεεε,
1262 301 1333 360 bona
1347 300 1472 358 voluutas
1494 309 1540 358 tua
1567 317 1620 374 qua
1648 318 1742 372 uocas,

105 397 219 452 futurum
233 401 276 450 εει
289 393 421 466 praedicit.
437 392 543 457 tudina,
560 392 631 458 dico,
649 392 709 448 sic:

133 503 216 558 Vnus.
234 505 344 559 12.-ιι
380 499 512 556 Decidant
537 515 553 554 a
576 497 790 572 cogitationibus
823 497 897 564 suis;

107 615 115 640 ι
133 590 284 647 secundum
305 588 507 646 multitudinem
539 587 705 658 impietatum
731 602 825 643 eorum
847 601 898 642 ex-

106 705 114 728 ·
131 679 201 752 pelle
217 693 276 746 eos,
292 677 421 750 quoniam
434 676 613 732 irritaverunt
626 683 663 743 te,
679 675 805 732 Domine.
826 697 836 722 ι

132 787 270 843 Decidont
293 785 543 857 coaptationibus
566 785 637 849 suis,
654 781 682 838 id
700 790 741 837 est
762 780 898 836 frustren-

102 885 140 930 tur
174 873 350 946 opinionibus
388 872 446 928 suis
491 870 638 944 [Cassiod.‚
687 869 771 943 Aug]
814 869 898 925 Deci-

102 962 136 1018 dit
148 962 222 1018 enirn
246 961 293 1034 εεὶ
318 977 366 1032 spe
390 976 440 1017 sua
468 959 623 1015 frustratur.
656 959 704 1014 Vel
738 959 786 1024 sic,
821 957 898 1012 doci-

102 1051 169 1120 dant,
182 1050 212 1106 id
235 1057 277 1106 est
301 1051 472 1104 damnentur.
496 1049 530 1103 Et
555 1047 617 1114 boc,
643 1064 658 1101 a
687 1045 898 1118 cogitationibus
985 1098 990 1108 ,

102 1139 163 1204 suis,
178 1139 208 1194 id
229 1146 270 1194 est
285 1144 353 1192 teste
381 1135 546 1192 conscientia
570 1151 676 1202 eorum,
701 1141 728 1191 et
751 1141 897 1191 accusante

100 1227 199 1283 sonita
214 1226 350 1282 decidant.
361 1225 480 1295 depelle
495 1241 540 1282 cos
555 1224 602 1295 qui
617 1223 669 1279 sibi
676 1223 802 1280 sidentur
812 1223 898 1278 intro-

102 1314 339 1371 missicccundum
359 1313 578 1368 multitudinem
592 1313 773 1382 impietatum
788 1327 895 1378 corum,

98 1405 124 1459 id
137 1411 178 1459 est
187 1402 281 1476 longe,
301 1409 330 1457 ut
341 1408 484 1457 merentur
500 1401 593 1456 multae
604 1400 759 1472 impietates
789 1415 895 1467 eorum,

101 1492 168 1564 pelle
183 1507 233 1548 eos
249 1491 284 1547 ad
298 1491 457 1545 baereditate
472 1497 582 1558 aterna,
600 1504 660 1562 quae
674 1489 792 1544 videndo
810 1490 898 1544 Deum
913 1561 914 1566 ἵ

100 1579 262 1652 possidetur.
277 1580 348 1634 Nam
362 1577 514 1634 secuudum
530 1577 704 1650 quantitatem
726 1584 752 1632 et
776 1575 896 1648 qualita-

100 1677 151 1724 tem
165 1676 352 1740 pcccatorum,
368 1665 536 1737 expellentur
550 1665 610 1738 plus
625 1665 759 1721 minusve.
776 1664 841 1720 Ideo
849 1682 896 1720 er·
908 1659 935 1718 B

100 1757 180 1828 pelle,
191 1756 338 1829 quonium,
350 1756 503 1820 oDomine,
514 1755 704 1810 irritaverunt
715 1758 751 1816 te.
764 1753 807 1810 vel
821 1769 898 1809 sma-

97 1845 249 1900 ricarerunt
276 1852 314 1912 te,
341 1841 369 1897 id
396 1851 438 1897 est
452 1841 592 1913 peccando
620 1848 646 1896 te
661 1841 751 1897 cibum
778 1842 899 1898 veritatis

98 1949 208 1988 suarem
224 1931 281 1987 sibi
297 1947 424 1986 amarum
438 1930 569 1987 lecerunt.
598 1931 678 1985 Panis
702 1930 773 1986 enim
798 1931 844 2003 qui
865 1931 899 1986 da

98 2021 166 2077 cmlo
180 2019 336 2088 descendit,
352 2019 398 2092 qui
413 2019 441 2074 in
456 2035 485 2074 se
500 2017 587 2075 dulcis
602 2027 654 2088 est,
677 2026 702 2074 et
726 2019 780 2074 uita
804 2019 897 2091 aegris,

96 2111 131 2166 ita
146 2125 260 2166 amarus
275 2116 316 2164 εει
331 2124 380 2180 per
395 2115 516 2179 peccata,
533 2115 561 2162 ut
576 2107 708 2162 sustinere
718 2122 772 2163 non
782 2107 896 2179 possint.

130 2217 217 2272 Vens.
235 2219 350 2271 ts.-··
376 2214 411 2268 Et
442 2213 567 2270 laeteutur
591 2229 686 2269 ornnes
713 2213 761 2286 qui
790 2220 900 2284 sperant

97 2331 106 2354 .
128 2305 156 2360 in
176 2313 225 2372 te;
240 2303 269 2358 in
291 2311 422 2359 aeternum
446 2302 629 2370 exsrdtabunt,
666 2309 692 2357 ct
712 2301 847 2358 habitabis
871 2301 899 2357 in

97 2417 107 2438 ε
125 2409 176 2450 ωε,
198 2417 211 2441 n

129 2483 165 2538 er
180 2478 418 2540 toeumarnenta
432 2494 496 2551 pars
510 2485 552 2536 εει
565 2477 610 2536 bic
624 2478 773 2535 secundum
788 2477 899 2535 Cassio-

92 2569 197 2637 dorum,
231 2568 280 2624 ubi
294 2576 356 2640 post
370 2567 567 2624 retributiones
577 2567 714 2622 malorum
729 2567 818 2623 subdit
831 2583 900 2638 prse-

98 2659 152 2713 mia
187 2659 337 2726 bonorum,
351 2664 380 2712 ut
407 2656 478 2712 sicut
505 2663 588 2711 terret
601 2671 691 2726 poenn,
720 2655 757 2712 ita
784 2655 902 2712 alliciant

93 2746 217 2818 praemia.
234 2745 333 2818 [llier.,
348 2743 434 2817 inp]
462 2742 545 2812 Quasi
560 2743 651 2800 dicat:
667 2743 708 2800 llli
722 2743 859 2811 decidant,
871 2750 900 2800 et

95 2843 193 2892 contra
207 2833 336 2890 ιιειεειει
350 2832 414 2888 boni
429 2832 457 2886 in
473 2831 563 2888 tuturo
579 2833 612 2888 de
623 2832 713 2888 habita
724 2833 894 2889 haereditate.

98 2924 259 2995 θεειεεεει·
273 2921 522 2992 modosperontin
538 2925 575 2978 te.
600 2919 705 2989 Quibus
729 2922 898 2993 gustantibus

99 3011 191 3067 suasis
207 3025 252 3066 es.
274 3008 369 3066 Unde:
388 3010 504 3065 Gustote
518 3012 547 3065 ct
560 3009 651 3066 uidete
661 3009 897 3083 quoniamsuovit
913 3009 938 3073 C

96 3099 388 3170 estDominus(Psul.
400 3097 527 3169 xxxru):
546 3096 614 3153 Dico
633 3097 767 3166 letentur,
795 3106 821 3154 ει
842 3112 897 3153 εοε

94 3188 177 3244 dubie
191 3186 256 3244 dico
272 3184 418 3259 [Cassiod]
432 3185 493 3258 εείε
503 3187 691 3243 exsultabunt
700 3187 733 3242 io
745 3191 895 3253 oeternum,

92 3293 149 3334 non
163 3275 446 3348 temporaliteritude
459 3274 655 3330 exsultabunt?
668 3289 743 3342 ecce,
755 3279 792 3344 ct,
814 3274 842 3330 id
856 3282 898 3330 εει

94 3365 158 3437 quia
171 3363 352 3421 dubitabisia
368 3365 410 3419 eis
439 3361 544 3436 [Aug..]
571 3363 636 3419 Haec
654 3371 696 3419 est
722 3370 824 3419 aterna
852 3379 898 3418 er·

94 3453 206 3510 sultatio
222 3468 330 3519 eorum,
346 3467 409 3508 cum
423 3451 553 3524 templum
568 3451 619 3508 Dei
634 3450 699 3508 fient
709 3449 786 3522 justi,
802 3459 828 3508 et
847 3451 898 3508 erit

94 3542 236 3615 gaudiens
249 3541 380 3614 ipsorum,
395 3540 456 3612 ipse
469 3539 603 3596 incolatus
621 3555 724 3596 eorum.

127 3649 219 3706 Vm.
238 3647 320 3703 tt.-
337 3647 397 3702 :Et
419 3645 610 3720 gloriabuntur
631 3645 660 3702 iu
676 3653 702 3702 ta
730 3661 826 3702 omnes
853 3663 899 3719 εει

97 3737 253 3811 ιεὶιὶεεει
283 3751 384 3792 εειεειι
416 3741 511 3792 tuum:
545 3734 675 3808 quoniam
698 3742 726 3791 tu
751 3733 899 3792 benedices

96 3847 108 3878 ι
126 3834 254 3970 1Εῃῗιιοειιε
264 3915 313 3986 qui
323 3912 560 3985 ditipontttomett
570 3913 899 3985 ttutmptotiubuuturin

94 4007 132 4068 te,
150 4010 283 4076 tanquam
297 4002 430 4058 babentes
442 4001 477 4056 ad
493 4000 639 4058 fruendum
670 4002 744 4074 quod
770 4001 898 4076 diligunt,

91 4107 155 4166 qum
167 4099 211 4148 est
226 4090 373 4148 baereditas
387 4097 497 4160 aeterna,
514 4089 548 4146 de
573 4105 628 4162 qua
651 4088 801 4146 intitulatur
829 4091 901 4163 psal-

95 4197 168 4236 mus.
179 4179 248 4236 ideo
263 4178 466 4254 gloriabuntur,
475 4181 611 4252 quoniam
622 4183 653 4235 tu
663 4178 807 4236 benedices
813 4181 900 4252 justo,

93 4447 152 4502 Sed
167 4447 315 4520 qniahanc
333 4443 463 4518 precedit
491 4444 606 4513 vocatio,
634 4461 695 4518 que
723 4453 765 4500 est
790 4445 897 4517 gratie,

94 4535 190 4590 subdit
201 4551 209 4590 :

129 4641 219 4698 Vsus.
237 4643 282 4696 ts.
297 4670 332 4682 -
349 4661 361 4692 t
378 4639 504 4708 Domine,
524 4646 553 4696 ει
567 4646 644 4697 εεειο
655 4638 735 4696 bone
750 4639 898 4698 voluntatis

94 4750 106 4782 ι
130 4737 187 4786 tue
201 4727 340 4786 coronasti
354 4743 414 4786 nos.
434 4749 445 4780 t

127 4837 251 4892 Domine
275 4839 309 4891 ut
338 4839 421 4892 scuto
452 4835 530 4891 εοεαε
547 4835 706 4892 ostentatis
736 4839 792 4892 tuce
816 4851 896 4893 coro-

90 4925 175 4981 nasti
183 4940 246 4990 nor,
258 4923 287 4979 id
297 4921 552 4980 estbonaroluntas
568 4929 622 4990 tua,
634 4938 689 4994 qua
709 4939 761 4980 nos
780 4923 895 4991 vocasti,

88 5013 384 5069 nobisestutscutum
393 5009 896 5086 contrainimicumquoprotegamur3

90 5103 195 5172 etipsa
211 5108 254 5158 est
267 5109 297 5156 ut
310 5101 430 5158 victricia
439 5115 526 5169 arma,
541 5100 640 5173 quibus
663 5099 778 5158 vincitur
803 5099 896 5156 inimi-

89 5205 155 5246 cne.
171 5193 257 5263 Aug„
274 5188 420 5263 [Cassiod]
429 5191 499 5246 Nam
514 5189 588 5246 bona
600 5188 725 5246 voluntas
738 5189 898 5262 Deipraece·

88 5279 131 5334 dit
147 5287 274 5336 nostram
288 5280 388 5336 bonam
402 5279 579 5346 voluntatem,
601 5286 631 5334 ut
650 5283 730 5335 vocet
751 5279 786 5333 ad
804 5279 895 5350 poeni-

88 5367 225 5434 tentiam
240 5375 268 5424 et
281 5367 341 5425 brec
356 5375 419 5424 sunt
432 5382 521 5434 arma,
536 5367 635 5441 quibus
649 5375 820 5440 expugnatur
840 5367 896 5424 ini·

947 391 1066 464 protegit
1079 408 1140 458 nos,
1164 398 1192 446 et
1214 390 1325 448 vincere
1348 389 1423 456 tacit,
1448 399 1474 444 et
1497 389 1628 461 accipitur
1656 400 1742 448 totum

947 481 981 536 de
996 480 1135 551 praesenti.
1153 478 1300 551 [Cassiod]
1317 478 1365 534 Vel
1384 478 1429 546 ita,
1453 495 1508 534 uuo
1534 480 1619 535 verbo
1642 480 1744 538 indicat

947 568 1078 626 beneficia
1093 569 1152 636 Dei,
1171 567 1273 623 scilicet
1288 565 1430 637 praesentis
1445 573 1471 621 et
1494 565 1576 622 laturi
1600 569 1741 640 temporis,

947 673 1008 713 cum
1024 657 1070 722 ait,
1087 660 1165 712 scuto
1181 657 1258 712 tone
1272 657 1427 712 voluntatis
1444 659 1500 710 tuce
1515 659 1657 714 coronasti
1680 674 1740 724 uos,

947 753 1000 802 etc.
1016 745 1051 799 Et
1064 744 1197 816 accipitur
1210 743 1308 814 partim
1322 743 1356 799 de
1371 744 1525 814 presentis,
1541 744 1638 814 partim
1653 745 1687 800 de
1701 745 1744 802 lu·

946 840 1017 889 turo.
1034 833 1146 889 Scutum
1161 831 1234 888 enirn
1249 832 1322 904 quod
1336 832 1528 888 arotunditate
1543 832 1651 902 dicitur,
1668 839 1694 888 et
1701 843 1744 890 est

947 922 1093 978 rotundum
1110 921 1137 975 in
1153 919 1238 992 patria
1253 919 1350 986 David,
1377 919 1432 975 duo
1456 919 1530 986 tacit,
1556 920 1617 992 quia
1644 935 1745 993 corpus

947 1011 1042 1082 munit,
1076 1017 1156 1081 caput
1181 1016 1301 1065 coronat.
1327 1008 1366 1062 Ita
1392 1008 1508 1080 gratuita
1531 1007 1582 1064 Dei
1608 1009 1742 1079 voluntas,

947 1116 992 1170 εει
1005 1114 1056 1154 εοε
1070 1104 1159 1163 vocat,
1175 1105 1217 1153 est
1232 1096 1354 1153 defensio
1370 1096 1414 1152 hic
1429 1103 1525 1153 contra
1539 1097 1640 1166 omnia,
1666 1105 1692 1154 et
1715 1100 1744 1156 in

946 1185 1036 1242 tuturo
1050 1201 1161 1252 corona,
1177 1193 1206 1240 ut
1221 1186 1334 1257 clypeus
1349 1185 1431 1256 capiti
1440 1193 1559 1258 aptatus,
1574 1202 1676 1243 corona
1690 1197 1742 1258 εει,

947 1275 1025 1331 cordi
1040 1273 1174 1330 defensio.
1190 1273 1236 1340 Et,
1252 1274 1368 1330 Domine
1384 1275 1521 1330 coronasti
1540 1289 1591 1330 nos
1613 1284 1643 1332 ut
1669 1285 1747 1334 scuto

947 1371 1025 1427 boum
1039 1371 1185 1426 voluntatis
1200 1378 1263 1436 tua,
1278 1369 1306 1425 id
1330 1379 1372 1426 est
1394 1371 1467 1426 bona
1490 1370 1613 1427 voluutas
1637 1381 1692 1442 tua,
1715 1374 1744 1430 in

946 1459 1074 1531 praesenti
1088 1459 1167 1514 uobis
1181 1467 1223 1514 est
1238 1465 1267 1513 ut
1282 1467 1398 1524 scutum,
1419 1458 1446 1512 in
1468 1457 1558 1514 tuturo
1579 1467 1608 1514 ut
1629 1477 1740 1519 corona.

1017 1615 1150 1658 conuerso
1165 1615 1195 1656 ιε
1209 1615 1357 1657 asianus:
1372 1622 1383 1648 l
1397 1613 1487 1654 εεεει
1501 1601 1637 1676 εεεξειε.
1656 1626 1668 1656 ι

983 1735 1069 1790 Vens.
1081 1736 1240 1806 s.-uos90
1250 1736 1282 1789 in
1291 1736 1499 1806 conspectutuo
1509 1735 1584 1791 vium
1593 1753 1696 1796 meam.
1711 1739 1742 1796 ln

949 1806 1017 1862 lleb.
1034 1821 1183 1863 conversus
1206 1812 1248 1860 εει
1267 1821 1358 1860 senno
1373 1814 1447 1890 'test
1461 1815 1524 1868 ἐει
1540 1817 1618 1867 'tttttn
1634 1823 1744 1868 ειεεε-

946 1909 1018 1948 εειε
1048 1907 1189 1949 mentum
1218 1907 1375 1956 nancusca,
1394 1892 1486 1962 Diripe
1521 1893 1553 1949 ia
1589 1911 1656 1952 cons
1676 1905 1741 1958 ectu

950 1971 998 2021 tuo
1013 1965 1088 2020 mum
1102 1980 1204 2019 mecm.
1221 1963 1322 2018 llierou
1343 1977 1402 2017 mus
1417 1961 1450 2016 ad
1465 1959 1576 2018 Simiam
1592 1975 1617 2020 ει
1659 1971 1742 2025 retel-

949 2034 1013 2104 lam,
1030 2042 1057 2089 et
1071 2033 1118 2088 lib.
1130 2047 1170 2100 ιιι,
1187 1981 1500 2113 adversual'elagianos,
1526 2043 1667 2093 attestatur
1693 2057 1743 2096 va-

949 2106 1037 2161 riasse
1051 2105 1226 2176 exemplaria,
1251 2113 1278 2159 ει
1302 2105 1399 2160 eodem
1423 2105 1546 2161 recidere
1569 2111 1741 2168 sententiam.

949 2176 1072 2231 ditenirn
1083 2194 1091 2240 ;
1102 2175 1246 2232 «Salomon
1261 2175 1380 2246 loquitur
1391 2193 1398 2230 :
1409 2175 1476 2230 Esto
1492 2173 1633 2234 conlidens
1643 2181 1670 2235 in
1685 2184 1744 2240 Do-

948 2247 1052 2302 minum
1066 2246 1094 2300 in
1108 2254 1163 2301 toto
1178 2246 1260 2301 corde
1283 2253 1338 2301 tuo.
1362 2245 1392 2300 ln
1421 2251 1466 2298 tua
1490 2254 1576 2302 autem
1600 2252 1741 2323 sapientia,

947 2334 982 2373 ne
998 2317 1135 2383 exalteris,
1152 2317 1179 2370 iu
1195 2315 1319 2371 omnibus
1334 2313 1385 2371 viis
1406 2314 1458 2369 tuis
1468 2329 1501 2370 co
1543 2333 1609 2376 osce
1623 2337 1694 2390 eum,
1713 2333 1743 2380 ut

949 2395 1038 2444 rectas
1048 2387 1127 2442 saciat
1141 2385 1199 2443 vias
1212 2395 1281 2442 tuas.
1298 2385 1422 2457 lntellige
1436 2385 1501 2466 quid
1522 2390 1633 2459 oquitur
1652 2409 1659 2447 :
1684 2395 1743 2450 Neo

949 2458 976 2513 in
992 2458 1124 2529 sapientia
1146 2465 1250 2523 nostra,
1275 2473 1327 2513 nec
1351 2456 1379 2511 in
1402 2455 1464 2510 ullis
1491 2457 1634 2516 virtutibus
1657 2463 1743 2520 conii·

949 2529 1084 2594 dendum;
1102 2527 1192 2584 sedin
1207 2529 1266 2584 solo
1280 2527 1440 2606 Dominus
1453 2540 1508 2597 quo
1526 2545 1637 2600 gressus
1657 2533 1744 2590 homi-

949 2599 991 2656 nis
1006 2600 1170 2672 diriguntur.
1193 2597 1317 2670 Denique
1339 2595 1494 2670 praecipitur
1517 2606 1546 2653 ut
1567 2605 1742 2662 ostendamus

949 2679 975 2726 et
990 2668 1049 2726 vias
1063 2677 1180 2736 nostras,
1197 2677 1223 2724 et
1241 2677 1347 2724 nostras
1367 2683 1429 2723 esse
1444 2667 1583 2739 iaciamus,
1619 2691 1661 2730 uae
1687 2691 1743 2734 non

949 2741 1040 2798 labore
1057 2741 1175 2813 proprio,
1193 2740 1242 2796 sed
1257 2740 1315 2809 ejus
1338 2739 1471 2808 adjutorio
1495 2748 1574 2813 atque
1598 2691 1744 2804 {lamentis

949 2819 1022 2867 recte
1036 2809 1113 2866 tiuut.
1129 2811 1207 2866 Unde
1222 2811 1423 2882 scriptumest:
1440 2809 1553 2868 llectum
1568 2813 1609 2870 tac
1630 2816 1656 2871 in
1679 2835 1744 2874 con·

949 2890 1043 2953 spectu
1051 2897 1112 2937 meo
1122 2881 1193 2938 viam
1204 2889 1286 2948 tuam,
1298 2881 1356 2938 sive
1365 2888 1394 2936 ut
1402 2879 1455 2934 alia
1460 2885 1624 2956 exemplaria
1633 2889 1743 2957 habent,

949 2957 1057 3009 rectum
1065 2956 1112 3024 foc
1123 2953 1154 3008 iu
1165 2956 1317 3026 conspectu
1328 2956 1376 3008 tuo
1386 2952 1462 3006 vium
1470 2970 1573 3024 meum,
1585 2965 1612 3012 ut
1624 2959 1696 3030 quod
1709 2959 1742 3015 ti-

949 3023 976 3077 bi
987 3031 1089 3078 rectum
1099 3030 1150 3088 est,
1163 3023 1244 3078 etium
1254 3023 1320 3078 mibi
1331 3030 1437 3079 rectum
1446 3023 1578 3082 videatur.
1591 3027 1630 3082 lta
1644 3029 1742 3086 Hiero-

947 3110 1054 3166 nymus.
1072 3091 1196 3149 Proiecto
1205 3094 1247 3148 via
1255 3093 1315 3158 Dei,
1327 3103 1368 3148 εει
1378 3093 1422 3149 via
1439 3104 1539 3151 nostra.
1558 3098 1606 3151 Est
1623 3100 1668 3154 via
1692 3101 1743 3157 Dei

947 3180 1028 3237 quam
1038 3163 1122 3235 praeci
1142 3163 1162 3217 it
1177 3173 1202 3218 st
1211 3164 1348 3229 ostendit3
1360 3172 1402 3220 est
1410 3161 1454 3216 via
1464 3174 1566 3232 nostra,
1580 3168 1626 3239 qui
1635 3169 1671 3224 ad
1681 3186 1743 3228 eum

947 3235 1094 3290 tendimus.
1134 3235 1188 3290 nde
1212 3235 1316 3306 psalmo
1339 3247 1443 3299 ervum
1469 3237 1583 3293 Servavi
1605 3241 1744 3300 mondotu

950 3311 999 3362 tuu
1014 3309 1042 3361 et
1058 3306 1223 3362 testimonio
1238 3309 1298 3372 tuo,
1313 3309 1379 3378 quio
1393 3319 1489 3364 omnes
1500 3308 1552 3364 ota
1562 3326 1631 3366 mee
1641 3311 1672 3367 in
1681 3328 1744 3369 con·

947 3379 1056 3448 spectu,
1074 3379 1133 3443 tuo,
1149 3377 1180 3430 lu
1194 3377 1245 3431 hoc
1253 3376 1358 3446 psalmo
1368 3385 1395 3432 et
1405 3378 1510 3432 natans
1534 3380 1670 3450 omnibus,
1690 3399 1742 3455 po-

948 3454 1016 3502 nunt
1025 3446 1158 3502 neoterici
1174 3444 1335 3520 interpretes
1359 3447 1411 3503 alia
1431 3449 1594 3505 vocabulis
1615 3453 1743 3534 vulgatis,

949 3517 998 3572 sed
1012 3533 1074 3574 cum
1087 3533 1142 3572 nou
1156 3515 1270 3573 ludatur
1283 3519 1427 3588 sententia,
1438 3519 1502 3576 nolo
1512 3521 1554 3576 bis
1563 3521 1747 3581 lecicnhstor-

949 3588 1027 3660 queri
1036 3587 1178 3670 lectorem,
1200 3602 1354 3669 quanquam
1380 3590 1539 3646 debuissent
1560 3595 1748 3665 meoiudicio

949 3673 1087 3716 communi
1100 3659 1213 3715 editioni
1227 3658 1344 3728 deleme,
1360 3660 1383 3716 si
1397 3669 1488 3718 tamen
1504 3678 1538 3719 eo
1551 3663 1643 3720 animo
1660 3667 1746 3723 relin-

950 3737 1035 3802 εεεει
1053 3737 1082 3785 ει
1102 3730 1240 3794 damnent,
1266 3731 1338 3802 quod
1367 3747 1423 3787 non
1445 3732 1524 3788 facile
1552 3736 1688 3792 credimus
1711 3738 1748 3795 do

950 3800 1086 3856 omuibus.
1111 3801 1201 3858 litonet
1219 3808 1311 3856 tamen
1334 3801 1456 3858 decimus
1479 3819 1586 3872 versus,
1612 3807 1640 3860 in
1671 3809 1745 3880 quod

950 3872 1093 3939 habemus,
1113 3873 1164 3928 Cor
1178 3887 1274 3928 eorum
1288 3889 1393 3930 vonum
1415 3878 1467 3939 est,
1491 3874 1560 3930 lieb.
1580 3887 1649 3939 nun
1664 3889 1725 3940 nnn

951 3974 1073 4022 εεειεεε
1101 3975 1224 4029 flavore,
1241 3961 1379 4016 lctimum
1394 3977 1491 4019 eorum
1518 3965 1683 4032 pravitates.
1735 3974 1747 4023 t

951 4045 1172 4111 quanquamnon
1195 4030 1328 4111 dissideat
1348 4047 1455 4099 sensus,
1485 4041 1576 4090 tamen
1608 4036 1746 4112 Hierony-

951 4117 1012 4156 mus
1026 4109 1122 4158 assent
1150 4101 1247 4158 melius
1261 4101 1355 4158 baberi
1384 4103 1412 4158 in
1431 4104 1541 4162 hebraeo
1556 4117 1638 4196 m'tp
1666 4123 1747 4172 curn·

951 4205 1016 4246 nau.
1032 4190 1094 4271 lion
1107 4189 1172 4246 dicit
1186 4189 1365 4262 Hieronymus
1389 4193 1463 4318 imd
1496 4193 1593 4250 melius
1625 4197 1716 4254 transi
1731 4227 1746 4242 ι

95 4270 124 4325 id
140 4277 185 4324 ost
200 4267 422 4325 benedictionem
443 4275 570 4324 aeternam
595 4267 672 4322 dabis
692 4266 776 4336 justo.
806 4266 901 4342 [nug]
952 4269 1026 4317 ratur
1040 4268 1161 4317 intimum
1177 4277 1258 4333 quam
1272 4277 1329 4330 cor,
1360 4279 1389 4319 se
1434 4265 1506 4336 quod
1538 4267 1635 4322 melius
1668 4275 1746 4326 sonat

93 4357 256 4414 Benedictio
270 4366 314 4413 est
327 4354 440 4429 gloriari
455 4355 483 4411 in
498 4358 566 4424 Deo,
596 4363 624 4412 et
648 4355 772 4413 hahitare
792 4357 827 4412 ab
853 4372 896 4413 eo·
911 4331 980 4426 Diu
1004 4331 1127 4387 liebraeo.
1150 4333 1220 4387 Nam
1244 4333 1333 4388 statim
1356 4334 1445 4390 subdit
1468 4336 1495 4390 in
1515 4337 1746 4398 commentariolo

949 4402 1029 4471 huius
1043 4402 1097 4459 loci
1109 4421 1142 4457 z«
1160 4402 1230 4458 Vere
1246 4403 1318 4459 enirn
1327 4405 1469 4461 insidiatur
1484 4423 1532 4462 cor
1555 4409 1745 4469 hereticorum

948 4473 1075 4529 omuibus
1090 4489 1159 4545 quos
1170 4473 1279 4544 decipit.
1299 4496 1310 4526 ι
1328 4477 1432 4533 Deinde
1447 4477 1551 4534 reddita
1565 4488 1605 4535 est
1619 4481 1688 4539 ratio
1703 4499 1747 4542 εε-

947 4561 1005 4616 pra,
1021 4561 1070 4600 cur
1084 4559 1138 4599 non
1162 4561 1270 4616 semper
1292 4547 1395 4602 eaedem
1412 4548 1547 4605 sectiones
1569 4557 1596 4606 et
1618 4547 1745 4611 membra

947 4631 1075 4671 versuum
1088 4623 1245 4682 occurrant,
1261 4616 1296 4671 ob
1311 4617 1339 4673 id
1353 4617 1388 4674 de
1400 4619 1554 4690 hujusmodi
1563 4622 1654 4680 miuus
1663 4627 1743 4683 anxie

947 4686 1091 4758 digladiari
1100 4686 1218 4742 bominis
1228 4694 1301 4744 εεεει
1315 4689 1406 4746 otiosi.

982 4774 1068 4856 lana.
1086 4779 1130 4834 ta.
1147 4805 1182 4816 -
1193 4775 1382 4835 lrrttouerunt
1397 4783 1433 4847 te,
1443 4782 1570 4839 Domine.
1581 4784 1654 4840 Nihil
1664 4786 1747 4841 mira·

947 4845 1117 4918 bensquod,
1133 4847 1258 4914 Domine,
1275 4850 1379 4906 nonsit
1399 4851 1426 4905 iu
1448 4852 1573 4920 Hebraeo,
1599 4855 1649 4911 sed
1670 4857 1745 4927 apud

946 4917 1022 4972 Lxx
1041 4925 1068 4972 et
1082 4933 1143 4986 nos,
1159 4925 1187 4973 ut
1202 4919 1336 4989 majorem
1360 4922 1499 4994 energiam
1523 4924 1612 4990 lactat,
1636 4927 1672 4982 ad
1690 4927 1741 4984 de·

947 4988 1100 5070 claraudam
1133 4988 1291 5047 rebellionis
1323 4993 1488 5063 superbiam,
1533 4995 1643 5066 quando
1670 4995 1743 5054 servi

945 5058 1010 5141 malt
1024 5066 1131 5116 irritant
1150 5067 1203 5115 tam
1219 5062 1321 5117 bonurn
1336 5063 1491 5120 Dominum.
1508 5063 1647 5136 Siquidem
1667 5076 1694 5124 et
1706 5067 1744 5124 is·

945 5137 966 5185 tr
983 5131 1140 5200 permittunt
1154 5131 1207 5186 sibi
1221 5132 1334 5188 liberius
1349 5133 1446 5190 similia
1463 5141 1490 5190 et
1505 5135 1655 5208 dissimilia,
1668 5137 1743 5196 verbi

945 5201 1043 5272 gratia,
1058 5201 1109 5258 tob
1124 5216 1171 5268 xv,
1191 5202 1237 5257 ubi
1251 5205 1333 5261 habet
1347 5212 1439 5261 nostra
1453 5205 1553 5261 lectio:
1571 5208 1668 5266 Currit
1690 5209 1742 5267 cd·

944 5288 1041 5330 versus
1056 5289 1121 5329 eum
1131 5277 1249 5330 cctemc
1264 5275 1343 5344 cotto,
1361 5283 1412 5331 etc.
1431 5277 1544 5334 Sanctes
1563 5281 1652 5352 vertit,
1668 5283 1743 5339 Deus

944 5351 1035 5398 curret
1049 5343 1182 5400 adversus
1206 5360 1279 5412 eum,
1303 5353 1331 5400 ut
1358 5347 1492 5418 percutiat
1517 5365 1579 5405 curn
1601 5351 1630 5406 in
1659 5353 1739 5410 collo.

944 5415 1111 5481 munsterus,
1140 5415 1246 5471 idcirco
1272 5415 1408 5474 testinavit
1444 5435 1541 5478 manus
1573 5421 1624 5478 Dei
1650 5432 1743 5480 contra

87 5457 193 5558 ΨΜ·
211 5454 307 5556 [dum]
322 5457 382 5514 11⁰⁰
396 5464 439 5513 ‘³⁸‘
453 5465 560 5558 {linium
583 5463 675 5513 mmm
689 5472 767 5557 ,mm
794 5456 896 5556 quiin
945 5501 1017 5552 euru,
1037 5494 1067 5541 ut
1088 5486 1301 5557 comprehendat
1318 5504 1379 5545 enm
1397 5489 1426 5544 in
1448 5492 1527 5549 collo.
1557 5493 1653 5549 Cernis
1677 5511 1743 5551 sen-

86 5545 319 5602 tnbnlatronrbue
333 5553 360 5604 et
374 5547 568 5606 unuuombns
583 5554 708 5618 suggerat
720 5545 895 5619 desperatio-
944 5557 1054 5614 tentiam
1068 5572 1130 5615 esee
1152 5573 1321 5630 conversam,
1364 5569 1511 5636 propterea
1535 5565 1609 5636 quod
1627 5565 1743 5624 addide-
