3940 6066
91 141 176 195 1309
452 139 705 198 COLLECTANEA
723 141 760 196 IN
778 137 887 196 EPIST.
907 139 941 194 D.
962 138 1075 196 PAULI.
1091 169 1126 183 -
1140 140 1177 197 [N
1194 141 1249 196 ΕΡ.
1269 141 1316 197 AD
1333 139 1418 199 nou.
1691 144 1762 200 tato

93 261 230 318 dendum
254 270 296 318 est
316 277 402 335 ¹quare
422 263 578 337 specialiter
595 263 640 322 hic
663 263 785 320 nominat
809 261 906 328 David,
918 260 947 323 Α
961 262 1022 334 quis
1037 277 1093 318 non
1106 261 1189 333 valet,
1205 270 1278 319 recte
1289 263 1498 338 intelligentium
1508 263 1618 338 eloquia
1631 264 1762 321 veritatis.

97 365 173 406 cum
182 358 290 406 constet
300 351 375 423 quod
383 352 530 423 promissio
540 351 612 410 iusta
623 353 794 418 cstAbrahae‚
807 351 875 407 sicut
886 358 913 406 ιι
963 351 1088 406 11ιιιιιιιι
1100 351 1184 424 igitur
1196 351 1294 407 merita
1313 352 1498 409 conticescant
1511 354 1566 420 hic,
1583 369 1644 426 quae
1660 353 1696 410 3
1712 369 1764 424 pe·

51 505 54 510 ¹
98 438 219 494 David:
234 439 283 496 sed
306 439 463 511 Apostolus,
479 440 574 497 volens
589 441 706 513 gratiam
721 438 913 497 commendare
962 439 1066 495 riernnt
1094 455 1145 512 per
1172 440 1280 502 Adam.
1311 447 1337 496 et
1362 441 1450 511 gratia
1477 449 1573 515 regnet
1595 457 1645 513 per
1669 443 1763 497 lesum

100 527 209 583 maluit
221 527 310 584 David
329 528 431 598 dicere,
447 528 493 600 qui
512 536 539 584 et
553 529 715 586 criminosus
735 529 793 595 iuit,
808 544 863 584 nou
878 528 912 584 de
963 528 1110 584 Christum.
1135 527 1265 600 Quisquis
1292 528 1319 583 in
1348 528 1436 600 capite
1461 537 1553 586 nostro
1580 531 1765 602 praecedentia

100 615 217 672 semine
240 616 367 686 Ahrahae,
382 617 527 690 quijustus
547 617 606 686 init,
622 626 651 673 ut
673 633 728 674 non
746 633 795 688 pro
815 617 912 673 merito
962 616 1060 672 merita
1080 615 1225 688 singularis
1248 617 1321 672 illius
1336 617 1523 689 generationis
1545 618 1690 684 invenerit,
1706 619 1765 690 ipse

103 703 160 758 sed
177 703 265 776 gratia
280 711 358 758 natus
372 704 407 759 de
421 704 506 760 David
522 712 650 776 putetur:
667 713 694 762 et
708 705 790 762 etiam
810 705 872 760 ideo
883 712 913 760 nt
962 703 990 759 in
1003 704 1082 760 nohis
1097 705 1227 760 memhris
1249 706 1308 776 ejus
1331 705 1514 778 precedentis
1535 706 1630 762 merita
1651 705 1715 762 fidei
1737 715 1765 764 et

102 807 141 847 ex
158 791 270 848 homine
285 787 352 865 rege
367 792 518 848 secundum
533 808 642 850 carnem
661 809 708 850 rer
723 801 802 849 natus
817 799 912 848 osten·
963 792 1180 865 regenerationis
1203 794 1335 865 requirat.
1358 793 1416 866 (ιι)
1439 795 1536 866 Neque
1561 794 1632 850 enim
1657 795 1765 850 Christo

102 879 202 950 datur,
219 880 288 937 sicut
302 880 337 935 de
351 880 410 936 Deo
424 897 491 954 rege
506 897 554 937 rex
574 889 637 938 ante
652 881 753 938 saecula
766 888 846 938 natus
859 889 910 937 est.
963 881 1093 936 tributum
1108 888 1159 947 ιιι,
1175 897 1227 936 ιιι
1241 882 1321 937 nobis
1336 897 1388 953 pru
1403 881 1493 953 aliquo
1511 881 1618 950 meritc,
1636 882 1684 938 sed
1699 897 1765 954 gra·

103 968 219 1024 Deinde
234 967 360 1024 avirtutc
376 969 654 1038 commendanscum,
671 970 781 1026 subdit:
961 969 997 1024 tis
1017 969 1148 1025 tributum
1170 977 1221 1025 est.
1246 968 1294 1026 lllc
1319 970 1418 1043 quippe
1440 985 1491 1025 nos
1513 969 1578 1026 iecit
1602 969 1714 1027 credere
1737 970 1766 1025 in

146 1057 203 1125 Qui
214 1057 441 1129 praedestinatus
455 1061 498 1114 ιιι
511 1059 589 1128 filias
604 1060 654 1116 Dei
676 1059 709 1114 in
732 1061 848 1128 virtute,
865 1073 911 1114 rc·
962 1057 1108 1128 Christum,
1124 1057 1171 1129 qui
1192 1057 1271 1113 nobis
1294 1057 1357 1114 iecit
1371 1058 1400 1112 in
1421 1073 1502 1130 quern
1525 1058 1665 1114 credimus
1684 1057 1765 1114 Chri-

105 1145 381 1218 cundumspiritam
397 1147 636 1215 sanctificationis
651 1163 689 1204 cx
702 1149 912 1214 ιιιιινιιιιοιιι
963 1151 1044 1202 stum.
1060 1145 1108 1201 ille
1133 1145 1196 1207 iacit
1211 1146 1238 1200 in
1253 1145 1333 1201 nohis
1353 1146 1516 1217 principium
1539 1143 1612 1212 fidei,
1630 1145 1676 1218 qui
1700 1145 1765 1203 iecit

104 1236 290 1290 mortuorum
306 1236 372 1292 lesa
388 1235 494 1291 Christi
510 1237 621 1293 Domini
636 1237 741 1293 nostri.
760 1235 809 1291 liic
824 1235 912 1306 primo
962 1234 1100 1290 hominem
1116 1233 1267 1305 principem
1283 1232 1347 1290 fidei
1359 1242 1386 1290 ιι
1396 1233 1578 1306 perfectorem
1589 1233 1693 1289 lesum.
1705 1234 1762 1304 (23)

105 1322 261 1377 ridendum
275 1328 327 1389 ιιι,
344 1322 410 1395 quid
429 1323 464 1378 sit
484 1324 694 1396 praedestinatio,
710 1331 737 1379 ιι
750 1324 784 1380 dc
803 1339 857 1395 quo
878 1323 913 1379 sit
962 1322 1073 1377 Nullum
1096 1323 1235 1396 igiturest
1255 1322 1385 1378 illustrius
1410 1321 1655 1394 predestinationis
1669 1337 1766 1377 exem·

106 1409 327 1482 praedestinatio,
343 1419 435 1466 utrum
448 1411 483 1467 de
497 1427 530 1468 eo
546 1413 619 1484 qnod
629 1427 739 1483 semper
752 1411 811 1478 iuit,
826 1427 860 1467 an
878 1412 912 1468 de
962 1410 1048 1481 plum,
1060 1427 1141 1482 quam
1156 1411 1215 1482 ipse
1226 1411 1368 1468 mediator.
1385 1410 1517 1483 Quisquis
1528 1425 1596 1484 ergo
1610 1407 1766 1467 fidelisvult

107 1513 144 1554 eo
161 1498 235 1570 quod
249 1515 283 1554 ex
297 1506 421 1598 tempore
439 1499 503 1567 iuit;
521 1507 547 1556 et
561 1508 652 1556 utrum
675 1499 710 1556 de
733 1515 859 1572 persona,
876 1515 912 1555 an
964 1513 1024 1554 eum
1050 1499 1121 1554 bene
1144 1498 1308 1598 intelligere,
1327 1500 1449 1556 attendat
1471 1498 1609 1556 Christum
1632 1506 1714 1570 atquc
1737 1498 1767 1554 in

107 1586 145 1642 de
162 1593 281 1642 notura:
298 1595 334 1657 et,
351 1587 374 1642 si
391 1588 426 1643 de
449 1603 566 1658 persona
589 1597 640 1656 est,
657 1595 751 1660 postea
770 1588 911 1644 attenden-
926 1587 1031 1676 Billo
1024 1587 1153 1656 unveniet,
1171 1595 1197 1643 et
1210 1604 1242 1644 se
1257 1587 1346 1659 ipsum
1359 1587 1405 1660 qui
1418 1587 1447 1643 in
1461 1604 1494 1644 eo
1508 1603 1602 1644 veram
1616 1588 1765 1643 humanam

106 1675 177 1731 dum
201 1683 259 1742 est,
285 1677 436 1732 seeundum
460 1693 540 1748 quum
563 1683 688 1733 naturam
712 1677 747 1731 sit
768 1677 913 1749 praedesti·
964 1683 1089 1731 naturum
1104 1675 1190 1732 credit
1204 1676 1370 1746 suscipiente
1391 1676 1449 1732 Deo
1467 1675 1558 1731 Verbo
1582 1675 1618 1730 ita
1633 1675 1764 1730 sublima-

106 1771 174 1819 nata
190 1764 257 1834 (tii).
274 1764 481 1820 Praedestinatio
496 1773 538 1820 est
560 1765 657 1839 grathe
670 1766 844 1837 praeparatio,
859 1781 912 1837 qun
963 1771 1028 1830 tum,
1045 1771 1074 1819 ut
1089 1764 1135 1836 qui
1149 1764 1270 1835 suscepit
1292 1771 1319 1819 ιι
1339 1764 1412 1836 quod
1436 1764 1565 1834 suscepit,
1580 1779 1635 1818 uno
1649 1772 1722 1819 esset
1736 1764 1766 1820 in

109 1852 146 1908 ab
161 1860 266 1908 aeterno
281 1853 355 1908 Deus
369 1853 472 1908 homini
482 1853 590 1910 Christo
604 1861 630 1910 ιι
645 1853 749 1911 cunctis
759 1869 827 1926 quos
841 1871 912 1926 prac-
963 1851 1090 1908 Trinitote
1106 1867 1232 1924 persona.
1245 1853 1341 1924 Neque
1356 1851 1428 1908 enim
1443 1851 1471 1907 in
1485 1851 1595 1908 homine
1622 1859 1764 1926 assumpto

110 1939 193 1998 scirit
216 1940 369 1997 conformes
393 1940 452 1997 lieri
473 1941 586 2015 imagini
610 1942 669 1997 Filii
691 1942 743 2012 sui,
759 1944 830 1998 hona
853 1943 912 2000 siue
962 1939 1082 1997 Trinitas
1096 1940 1164 1998 iactu
1179 1949 1230 2010 cst,
1246 1941 1295 1997 sed
1316 1941 1433 1996 Trinitas
1454 1941 1563 2008 mansit,
1579 1941 1765 2012 assumptione

110 2029 218 2086 meritis
246 2029 419 2101 preparavit.
450 2030 690 2087 Praeclarissimum
722 2031 794 2088 enim
821 2032 913 2088 lumen
963 2029 1011 2086 ills
1037 2029 1166 2085 ineffabih
1195 2029 1312 2086 iaciente
1339 2045 1467 2102 personae
1490 2030 1570 2086 unius
1597 2031 1625 2085 in
1651 2032 1710 2087 Deo
1738 2037 1764 2086 ιι

110 2117 361 2190 praedestinationis
377 2125 402 2174 et
418 2118 512 2191 grstiae
527 2127 578 2186 ιιι,
592 2119 651 2191 ipse
666 2121 806 2178 mediator
819 2122 869 2178 Dei
885 2125 914 2177 ct
963 2119 1074 2175 homine
1089 2118 1240 2175 veritatem.
1255 2120 1312 2176 Hoc
1326 2117 1382 2175 de
1375 2134 1434 2190 ipsa
1447 2119 1689 2231 predestinatione
1704 2117 1764 2176 sul-

111 2207 261 2264 hominum
286 2207 366 2264 harno
395 2207 524 2265 Christus
548 2207 574 2280 (1
597 2211 665 2266 Tim.
692 2211 734 2280 ιι).
765 2209 813 2265 ille
841 2209 913 2266 enim
964 2207 1045 2264 ficiat.

110 2295 206 2366 homo,
217 2301 245 2350 nt
255 2309 270 2349 a
279 2294 371 2351 Verbo
381 2295 453 2351 Patri
464 2297 619 2353 coaeterno'
611 2313 640 2352 ιιι
650 2296 777 2354 unitatem
788 2313 913 2370 personae
999 2294 1104 2352 Deinde
1114 2294 1264 2366 videamus,
1281 2303 1372 2353 utrum
1386 2297 1420 2354 de
1434 2313 1536 2370 requae
1547 2311 1657 2368 semper
1670 2294 1761 2365 luerit,

113 2389 273 2455 assumptus
296 2383 381 2439 Filius
405 2383 456 2440 Dei
483 2385 640 2458 unigenitus
665 2394 749 2456 esset,
775 2387 847 2442 unde
861 2387 914 2442 hoc
963 2384 1007 2440 vel
1021 2385 1056 2440 de
1072 2399 1105 2440 eo
1120 2385 1193 2457 quod
1208 2401 1262 2441 oon
1278 2401 1387 2458 semper
1402 2385 1484 2442 luerit
1500 2385 1535 2442 ιιι
1548 2385 1609 2458 ipsa
1622 2383 1764 2457 praedesti-

111 2471 221 2537 meruit,
247 2472 319 2544 quod
343 2472 401 2542 ejus
428 2472 528 2529 honum
552 2473 739 2548 qualecunque
762 2473 912 2546 praeoessit,
964 2473 1196 2540 retinentium
1219 2473 1254 2530 de
1268 2489 1389 2546 persona
1410 2491 1444 2530 an
1458 2474 1493 2531 de
1513 2481 1617 2529 natura.
1633 2473 1764 2530 liumdem

113 2569 144 2617 ut
158 2560 194 2616 ad
208 2561 281 2617 hanc
294 2559 460 2618 ineffabilem
475 2561 662 2618 excellentiam
682 2564 854 2635 perveniret;
870 2563 914 2619 ia·
965 2577 1032 2618 sane
1045 2562 1144 2634 ipsum,
1161 2562 1208 2634 qui
1221 2563 1372 2619 secundum
1387 2579 1499 2639 carnem
1513 2562 1600 2620 iectus
1614 2571 1656 2618 est
1668 2579 1700 2618 ιιι
1717 2579 1763 2620 se-

114 2649 205 2706 ciente
219 2664 251 2706 ac
266 2649 430 2723 suscipiente
444 2651 502 2706 Deo
518 2651 619 2719 Verbo,
635 2651 693 2724 ipse
716 2667 748 2709 ιιι
765 2669 818 2724 quo
833 2653 914 2724 coepit
964 2652 1037 2707 mine
1051 2651 1148 2720 David,
1163 2651 1383 2722 pmdcstinatum
1404 2652 1470 2708 dicit
1488 2651 1585 2708 Filium
1598 2651 1649 2708 Dei
1663 2651 1691 2706 in
1705 2651 1765 2708 vir·
1836 2645 1839 2650 ’

116 2753 179 2794 ιιιι
195 2738 286 2805 homo,
302 2738 386 2795 Filius
401 2738 451 2795 Dei
466 2739 562 2796 unicus
572 2754 634 2796 esse
647 2741 745 2811 coepit;
758 2741 853 2796 Filium
865 2741 915 2798 Dei
964 2749 1029 2796 tute.
1046 2742 1122 2808 Item,
1140 2740 1197 2810 (21)
1212 2747 1285 2797 ιιιιι
1304 2741 1405 2814 quippe
1422 2741 1521 2798 dicitur
1541 2739 1624 2796 Filius
1644 2739 1696 2796 Del
1710 2755 1766 2796 non

115 2826 226 2883 unicum
250 2827 349 2883 lemine
371 2827 419 2888 illa
441 2828 527 2902 gratio
549 2829 629 2900 plena
648 2831 773 2901 concepit
795 2829 830 2884 de
854 2829 917 2901 Spi·
964 2829 1183 2900 predestinatus,
1200 2828 1352 2885 secundum
1364 2829 1392 2885 id
1407 2830 1480 2902 quod
1499 2837 1550 2896 est,
1567 2829 1687 2885 Verbum
1702 2829 1762 2896 Dei,

117 2915 168 2971 ritu
191 2923 295 2973 sancto.
317 2917 358 2972 Ex
381 2916 493 2988 Virgine
513 2917 599 2973 liaris
619 2918 692 2973 Deus
716 2917 813 2972 unicus
836 2925 914 2972 notus
965 2917 1039 2973 Deus
1054 2910 1126 2988 apud
1149 2917 1246 2973 Deum.
1263 2919 1321 2988 (25)
1336 2918 1437 2990 thuid
1454 2918 1527 2974 enim
1550 2918 1765 2989 praedestinorc·

116 3013 167 3073 est,
183 3020 237 3061 non
252 3004 341 3062 carnis
354 3004 511 3076 cupiditate,
528 3006 577 3061 sed
592 3005 650 3061 solo
665 3004 715 3060 Dei
729 3018 851 3062 munere.
867 3005 915 3060 Li·
966 3014 1020 3073 tur,
1037 3020 1099 3062 cum
1119 3005 1174 3074 jam
1200 3013 1273 3061 esset
1294 3005 1340 3077 qui
1360 3007 1415 3075 jam
1435 3014 1495 3061 erat
1514 3006 1573 3062 sine
1597 3005 1682 3072 initio,
1705 3005 1765 3062 sine

116 3093 184 3152 bera
198 3093 228 3148 in
248 3093 295 3149 ilio
317 3094 443 3149 voluntas
458 3101 525 3162 erat,
541 3101 568 3150 ιι
591 3101 666 3150 tanto
689 3094 787 3168 magis,
812 3101 914 3166 quanto
965 3093 1081 3149 termino
1104 3091 1307 3164 sempiternus?
1321 3093 1391 3149 Illud
1404 3102 1495 3150 autern
1514 3093 1764 3165 praedestinandum

115 3181 205 3255 mugis
219 3197 333 3253 peccare
347 3198 402 3239 uon
416 3189 534 3254 poterat.
554 3186 675 3255 Apparet
689 3183 780 3256 itaque
794 3183 873 3238 nobis
887 3183 916 3238 in
965 3190 1023 3238 erat
1038 3181 1111 3254 quod
1134 3181 1256 3238 nondum
1278 3189 1345 3249 erat,
1363 3189 1392 3238 ut
1407 3182 1446 3238 sic
1468 3198 1518 3238 suo
1532 3190 1657 3254 ternpore
1675 3179 1762 3250 lieret,

116 3279 212 3327 nostro
227 3271 315 3344 capite
325 3271 384 3342 ipse
395 3271 455 3327 lons
465 3271 570 3344 gratiae,
583 3288 599 3328 a
610 3284 665 3343 quo
679 3271 706 3327 iu
721 3279 818 3329 cuncta
829 3287 915 3328 mem·
966 3271 1195 3343 quemadmodum
1215 3270 1439 3342 predestinatum
1462 3278 1527 3338 erat,
1553 3279 1615 3327 ante
1642 3280 1766 3343 tempora

117 3359 166 3415 brai
180 3361 239 3430 ejus
261 3359 350 3433 gratia
369 3359 539 3416 diffunditur.
556 3361 596 3416 lta
617 3360 689 3416 enim
703 3361 738 3415 ab
753 3361 828 3417 initio
851 3359 916 3416 iidei
965 3367 995 3416 ut
1007 3357 1093 3416 heret.
1110 3358 1239 3432 Quisquis
1258 3375 1326 3432 ergo
1350 3359 1447 3415 Filium
1468 3360 1519 3416 Dei
1545 3358 1764 3430 praedestinatum

112 3465 175 3510 ,suas
197 3449 280 3504 homo
304 3448 459 3521 quicunque
481 3448 570 3522 gretia
593 3447 622 3504 iit
645 3448 826 3515 Christianus,
847 3449 916 3506 siout
965 3457 1058 3521 negat,
1083 3449 1156 3504 hunc
1180 3447 1307 3504 eumdem
1331 3448 1427 3504 Filium
1450 3448 1568 3505 hominis
1582 3456 1665 3522 negat
1688 3447 1760 3522 (26).

119 3537 208 3609 gratia
218 3538 300 3593 horno
313 3536 359 3594 iile
369 3536 404 3592 ab
414 3537 490 3594 initio
504 3535 591 3594 iactus
601 3545 642 3594 est
653 3537 793 3594 Christus:
810 3538 845 3594 de
856 3537 915 3610 ipso
967 3537 1176 3594 Praedestinatus
1191 3544 1233 3594 est
1248 3538 1415 3610 ergoiesus,
1430 3538 1519 3610 utqui
1534 3537 1641 3594 iuturus
1651 3545 1711 3594 erat
1720 3553 1765 3594 se-

121 3624 218 3697 Spiritu
232 3626 276 3682 hic
291 3634 399 3681 renatus
413 3625 676 3698 est,deSpiritui11e
690 3633 839 3682 natusest:
856 3625 915 3697 spi·
966 3626 1083 3682 cundum
1098 3641 1210 3682 carnem
1228 3623 1301 3681 iilius
1319 3626 1415 3694 David,
1432 3633 1505 3682 esset
1525 3625 1553 3680 in
1568 3626 1667 3681 virtute
1682 3625 1765 3681 Filius

120 3715 172 3769 ritu
186 3711 216 3769 fit
230 3714 258 3768 iu
272 3713 352 3770 nohis
361 3714 485 3770 remissio
496 3722 688 3786 peccatorum
703 3715 799 3786 spiritu
814 3713 916 3771 luctum
966 3714 1026 3770 Dei.
1043 3716 1120 3781 Item,
1136 3715 1165 3770 in
1180 3723 1309 3786 quantum
1323 3715 1405 3771 homo
1429 3713 1516 3771 iactus
1540 3721 1581 3770 est
1596 3713 1680 3770 Filius
1701 3714 1761 3784 Dei,

121 3811 162 3860 est
176 3802 202 3858 in
217 3803 263 3859 illo
274 3810 303 3859 ut
312 3803 414 3866 nullum
429 3803 690 3876 haheretpeccatum
704 3805 772 3877 (ιθ).
784 3801 838 3873 Qui
851 3802 916 3860 iecit
966 3803 1188 3875 predestinatum
1203 3819 1265 3858 esse
1279 3803 1406 3860 dicimus.
1421 3803 1493 3860 Ecce
1507 3818 1541 3859 ex
1554 3801 1597 3857 his
1611 3809 1685 3874 patet
1698 3818 1765 3874 prae·

121 3891 196 3948 illurn
210 3892 346 3949 homiuem
357 3893 416 3949 sine
426 3893 488 3948 ullis
502 3893 560 3963 ejus
570 3892 789 3967 precedentibus
800 3892 914 3960 meritis,
967 3892 1176 3948 destinationem
1198 3907 1259 3947 csse
1280 3891 1315 3947 de
1334 3907 1460 3964 persona,
1483 3890 1511 3946 id
1534 3899 1576 3946 est
1600 3891 1634 3946 de
1657 3890 1764 3947 Chn'sto

120 3979 223 4036 nullum
247 3980 320 4054 quod
343 3981 368 4036 ei
390 3980 580 4049 dimitteretur,
597 3979 639 4038 vel
663 3981 769 4054 origine
793 3981 914 4048 trahere,
965 3980 1040 4047 Jcsu,
1057 3997 1112 4036 non
1123 3979 1271 4036 secundum
1285 3979 1314 4035 id
1327 3979 1400 4051 quod
1410 3993 1519 4051 semper
1527 3979 1586 4050 luit,
1602 3979 1651 4035 sed
1666 3993 1766 4036 secun-

122 4069 165 4126 uel
186 4069 325 4126 voluntate
347 4079 503 4141 perpetrare
525 4079 677 4142 peccatum,
694 4070 753 4142 ipse
773 4069 853 4124 nullis
866 4085 915 4125 eo·
967 4070 1031 4124 dum
1047 4068 1075 4124 id
1089 4068 1161 4142 quod
1175 4084 1230 4124 non
1244 4083 1352 4140 semper
1365 4067 1424 4136 iuit,
1439 4067 1468 4123 id
1488 4075 1531 4124 ιιι
1544 4083 1599 4124 ιιι
1613 4067 1764 4125 secuudum

121 4174 179 4213 rum
199 4158 416 4229 precedentibus
435 4157 539 4214 meritis
562 4158 624 4216 iacit
647 4159 789 4216 credentes
808 4159 916 4213 insum
967 4157 1146 4228 divinitatem,
1175 4157 1225 4214 sed
1253 4157 1404 4214 secundum
1431 4157 1634 4214 humanitatem.
1662 4158 1696 4213 Et
1724 4165 1767 4215 est

120 4247 215 4320 quihus
243 4245 358 4303 dimittat
386 4263 466 4304 omne
492 4255 653 4320 peccatum:
678 4247 724 4319 qui
753 4246 816 4305 iecit
841 4246 916 4303 iilum
968 4263 1065 4304 sensus
1078 4263 1084 4302 :
1099 4246 1221 4303 Christus
1235 4245 1320 4303 luctus
1336 4255 1378 4303 est
1399 4247 1549 4304 secundum
1563 4262 1691 4315 carnem;
1707 4245 1764 4319 qui,

121 4334 200 4390 talem
214 4341 243 4390 ιι
257 4349 391 4406 nunquam
406 4335 530 4392 habuerit
544 4351 596 4393 nec
610 4335 752 4392 habiturus
767 4336 801 4391 sit
816 4335 915 4391 volun·
930 4331 1091 4392 DChristus
1105 4337 1255 4393 secundum
1269 4337 1342 4409 quod
1357 4343 1399 4393 est
1420 4337 1512 4404 homo,
1528 4344 1569 4392 ιιι
1587 4334 1765 4408 praedestina·

35 4452 37 4460 ‚
122 4431 200 4479 tatem
225 4422 334 4490 malum,
351 4423 410 4494 ipse
424 4422 488 4480 iacit
510 4424 538 4479 in
561 4424 692 4481 memhris
716 4424 774 4495 ejus
796 4440 830 4480 ιιι
844 4424 917 4480 mala
968 4434 1020 4491 tus,
1037 4425 1064 4479 id
1085 4433 1126 4480 est
1149 4425 1207 4481 sola
1231 4425 1318 4499 gratia
1338 4424 1509 4497 praeelectus,
1531 4425 1565 4480 ad
1585 4425 1647 4490 hoc,
1663 4430 1691 4478 ιι
1705 4422 1765 4495 ipse

122 4512 256 4569 voluntate
269 4512 383 4568 honam.
402 4513 437 4568 Et
451 4513 527 4568 ilium
546 4513 659 4586 ergc'et
673 4529 722 4568 nos
737 4512 916 4585 praedestina·
968 4515 1050 4571 homo
1063 4513 1099 4569 ιιι
1122 4513 1206 4569 Filius
1229 4515 1288 4584 Dei,
1311 4530 1366 4571 non
1390 4515 1483 4586 utique
1497 4511 1640 4584 adoptivus
1663 4519 1691 4568 ιι
1714 4528 1765 4568 nos

124 4601 168 4667 vit,
184 4601 247 4673 quia
263 4608 289 4657 ιι
303 4601 331 4656 ιι
345 4601 392 4657 illo
408 4609 436 4657 ut
450 4610 524 4658 esset
537 4609 617 4674 caput
632 4611 765 4669 nostrum,
782 4611 809 4658 ιι
822 4602 851 4656 in
864 4618 916 4658 no·
968 4619 1071 4670 sumus,
1096 4604 1144 4658 sed
1167 4603 1195 4658 in
1224 4602 1332 4670 virtute,
1356 4603 1383 4658 id
1407 4609 1448 4658 ιιι
1470 4602 1498 4657 ιι
1523 4601 1622 4658 eadem
1645 4600 1764 4673 potentia

124 4689 164 4744 bis
177 4696 206 4744 ut
220 4688 277 4758 ejus
298 4705 399 4760 corpus
417 4707 548 4760 essemus,
564 4705 619 4746 non
638 4706 807 4764 precessura
822 4691 917 4746 merita
967 4707 1029 4747 cum
1052 4693 1149 4760 Patre;
1174 4707 1230 4749 uon
1249 4708 1301 4763 per
1321 4691 1437 4765 gratiam
1457 4689 1621 4762 adoptionis,
1643 4690 1693 4746 sed
1714 4705 1765 4761 per

124 4786 224 4848 nostra,
250 4779 298 4834 sed
321 4795 406 4852 opera
426 4780 515 4836 lutura
533 4795 582 4836 suu
604 4780 739 4852 prescivit
762 4779 832 4852 (aa).
853 4781 917 4836 Haec
967 4781 1095 4837 unionem
1110 4781 1204 4850 Verbi,
1220 4780 1248 4836 id
1263 4788 1304 4837 ιιι
1316 4797 1366 4852 per
1379 4779 1496 4852 gratiam
1512 4795 1565 4852 qua
1579 4779 1696 4834 bumana
1706 4778 1765 4848 ejus

125 4883 152 4923 ιι
177 4867 250 4922 Deus
273 4883 334 4924 esse
357 4866 491 4924 iacturum
515 4867 638 4940 proiecto
665 4869 700 4924 ab
723 4875 823 4925 aetemo
846 4884 917 4939 prae·
967 4877 1063 4927 natura
1082 4869 1156 4925 nnita
1170 4878 1212 4926 est
1233 4869 1334 4927 Verbo.
1355 4870 1416 4926 Non
1439 4883 1505 4942 ergo
1519 4885 1568 4941 per
1590 4867 1763 4938 adoptionem

126 4953 208 5010 scivit.
224 4957 286 5027 ipsa
298 4964 339 5012 est
353 4955 436 5028 igitur
455 4957 656 5029 praedestinatio
675 4965 840 5023 sanctorum,
856 4971 917 5030 quae
968 4956 1048 5026 filins,
1064 4974 1154 5030 neque
1167 4957 1310 5030 adoptivus
1325 4955 1407 5013 iilius.
1422 4957 1492 5013 Dicit
1500 4957 1574 5013 enim
1583 4953 1761 5012 Ambrosius:

125 5043 152 5098 in
164 5043 264 5100 Sancto
279 5052 437 5101 sanctorum
457 5045 575 5102 maxime
599 5045 704 5114 claruit,
721 5061 802 5119 quem
816 5060 917 5120 negare
967 5046 1046 5104 Volui
1061 5055 1088 5104 et
1103 5046 1205 5104 revolvi
1226 5045 1345 5104 divium
1360 5046 1537 5119 Scriptorum,
1553 5051 1580 5102 et
1601 5044 1699 5102 Filium
1712 5041 1763 5099 Dei

173 5219 199 5270 19
223 5219 379 5284 Augustinus,
391 5221 426 5272 lte
442 5219 558 5282 prodest.
1002 5223 1055 5288 (ιι)
1068 5225 1226 5304 Augustinus,
1240 5226 1274 5276 lte
1285 5225 1349 5276 hono
1362 5224 1562 5288 perseverantie.

168 5287 199 5336 ιθ
223 5287 269 5352 id,
283 5288 317 5338 lte
329 5287 392 5339 hono
404 5288 604 5352 pressurarum
1002 5289 1118 5356 (ιι),1ι.
1132 5295 1155 5343 tn
1168 5293 1247 5355 Epist.
1260 5293 1292 5344 ud
1304 5293 1374 5346 hom.

168 5352 195 5402 ut
223 5353 443 5418 id.,liepredest.
655 5389 663 5398 -
1001 5359 1057 5422 ιιι)
1071 5359 1288 5424 1d‚suertoan

167 5417 199 5468 ιι
224 5419 272 5485 ιιι,
285 5421 319 5472 ιιι
331 5424 405 5474 tract.
418 5419 481 5486 psai.
494 5431 579 5472 ιιιιι.
1001 5425 1055 5492 (ιι)
1066 5425 1113 5492 id,
1112 5399 1151 5478 'in
1162 5373 1226 5478 1ιιιιι
1238 5421 1269 5477 nd
1280 5425 1427 5490 Prosperon
1439 5427 1465 5476 ιι
1477 5423 1607 5480 ιιιιιιιιιι.
