3882 6064
168 237 219 290 aas
864 215 967 294 inrui
986 211 1164 269 couniunt
1761 211 1813 265 εει

167 372 238 411 mam
253 351 389 424 significat
403 357 508 423 gentes,
536 365 597 422 qua
622 348 718 404 divisae
743 353 814 414 sunt,
830 343 892 417 qnia
909 356 965 396 non
979 334 1111 396 Aficans.
1136 335 1214 391 Unde
1241 333 1360 406 seqnitur
1375 352 1383 388 ε
1398 335 1474 390 Meus
1492 341 1535 388 εει
1558 331 1695 403 Ephraim,
1722 332 1751 386 id
1773 340 1816 388 εει

167 442 289 498 omnium
303 438 371 496 tide's
386 445 440 494 est.
466 432 518 493 Alii
537 437 610 492 enim
635 436 761 502 credunt,
776 432 821 488 alii
835 446 900 486 non.
917 429 965 484 Se-
1016 421 1242 479 fructificatiolit
1252 423 1311 478 haec
1324 419 1494 477 fructificatio
1505 428 1547 476 est
1559 420 1698 492 fortitudo
1708 420 1812 492 capitia

166 530 285 587 cundum
311 525 565 598 interpretationem
587 541 663 590 vera,
689 521 807 579 Sichima
835 525 897 573 sunt
915 519 966 572 hu·
1015 513 1082 576 mei,
1107 511 1135 566 id
1153 517 1195 566 εει
1217 509 1325 577 Christi,
1353 509 1418 565 dicit
1441 507 1575 565 Ecclesia.
1597 507 1719 562 Granum
1741 507 1813 562 enim

166 618 235 674 meri
249 617 296 688 qni
309 615 477 682 dividuntur,
495 613 522 669 id
538 620 580 668 εει
590 627 671 668 οιιειε
682 627 743 683 quae
754 610 793 664 sic
803 607 964 680 partiuntur,
1016 599 1146 665 moriens,
1166 598 1292 654 virtutem
1314 597 1342 652 in
1365 613 1395 652 se
1414 596 1508 652 habuit
1530 604 1559 650 ut
1579 593 1696 652 fructum
1714 593 1816 651 iaceret

167 714 196 762 nt
209 705 278 762 alios
293 711 404 774 peccata
418 708 543 776 gravent,
559 700 605 755 alii
618 700 679 756 lave
692 699 791 770 iugum
807 694 908 751 Christi
922 690 965 747 ie·
1017 688 1108 758 (leon.
1125 689 1187 757 ιιι).

167 802 229 851 rant
252 793 364 862 (uultu.
380 793 422 861 xi)
438 809 448 853 .-
463 797 490 845 et
503 783 652 846 secundum
675 787 738 853 hcc,
755 800 803 855 per
818 781 966 839 sichimam
1052 809 1137 865 vm
1163 812 1189 863 3.
1209 828 1272 859 ..,
1297 809 1366 864 ,uda
1381 824 1427 863 rex
1450 823 1548 874 meus;
1572 806 1652 862 Moab
1681 805 1734 861 ona
1756 807 1815 878 spei

169 880 339 953 accipiuntur
357 877 523 950 generaliter
542 875 631 931 omnia
655 889 741 930 onera
766 869 875 938 Christi,
894 869 967 924 bona

172 977 198 1025 ει
213 968 295 1034 ιιιειε,
318 965 347 1022 id
365 973 407 1021 est
426 963 525 1020 Christi
541 971 568 1019 ει
585 961 699 1018 diaboli.
719 957 865 1032 [Cassiod.,
882 959 964 1028 Aug„

173 1057 217 1113 Gi.
232 1055 293 1122 int,
313 1052 397 1125 hup]
411 1052 459 1108 Vel
481 1068 531 1123 per
550 1050 709 1115 sichimam,
726 1046 895 1118 accipiuntur
908 1051 968 1099 tan-

172 1153 228 1200 tum
250 1141 315 1199 boni
338 1139 453 1206 humari,
475 1139 560 1195 idest
578 1153 648 1194 onos
662 1135 760 1192 Christi
776 1132 848 1206 quod
863 1147 912 1203 pro
922 1129 967 1186 ri-

171 1239 248 1294 ribus
262 1235 387 1294 Ecclesia
399 1234 535 1290 distribuit
549 1231 664 1304 singulis
679 1251 686 1296 ;
702 1233 737 1286 nt
748 1228 906 1284 conuallem
920 1229 967 1280 tc-

173 1326 391 1383 temeratorum
412 1323 541 1380 metibor.
568 1317 705 1376 Convallis
731 1313 968 1372 tabernaculorum

139 1453 143 1462 .
172 1418 285 1486 propter
299 1427 365 1467 oras
378 1409 472 1476 Jacob,
488 1408 597 1464 Judaeos
613 1404 756 1479 significat,
768 1402 814 1476 qui
831 1402 912 1458 etiam
928 1399 969 1454 di-

173 1501 312 1566 vidantur,
328 1497 390 1570 qnia
404 1496 449 1552 alii
463 1495 589 1562 credunt,
606 1493 652 1549 alii
663 1509 728 1548 non.
744 1491 779 1547 Et
793 1497 844 1556 εει,
860 1486 969 1545 conral-

171 1588 226 1644 lem
238 1585 478 1642 tabernaculorum
495 1583 620 1648 metibor,
642 1581 669 1635 id
686 1588 729 1636 εει
749 1579 785 1634 de
797 1576 899 1632 Judaeis
913 1591 969 1630 non

171 1689 275 1748 paucos
296 1672 414 1729 habebo.
438 1671 488 1726 Vel
512 1669 573 1743 quia
596 1664 771 1726 tabernacula
796 1663 1004 1734 militantiump,

174 1767 245 1827 sunt,
270 1773 318 1828 par
340 1754 491 1812 convallem
513 1751 751 1808 tabernaculorum
780 1747 968 1819 intelliguntur

172 1861 268 1902 omnes
281 1846 339 1901 Deo
353 1843 508 1898 militantes.
525 1843 559 1896 Et
572 1847 623 1906 εει,
634 1837 786 1895 convallem
798 1834 923 1901 metibor,
940 1831 968 1887 id

171 1942 213 1992 εει
226 1935 285 1990 Deo
299 1931 437 1988 humiliter
451 1929 608 1994 militantes,
623 1926 748 1991 metibor,
769 1940 830 1980 cnm
840 1935 969 1978 mensura

172 2020 439 2093 predestinatorum.
460 2015 565 2073 Galaad
580 2022 622 2070 εει
631 2029 720 2092 ιιιοιιε,Ι
732 2011 778 2066 ubi
788 2009 969 2081 comprehen-

173 2109 212 2166 dit
231 2109 323 2164 Laban
345 2106 428 2163 Jacob
452 2103 611 2177 fugientem,
628 2117 689 2157 cum
704 2099 830 2156 omnibus
845 2112 905 2170 que
919 2111 967 2152 ac-

173 2197 303 2270 quisierat
322 2194 407 2252 Jacob
429 2193 458 2247 in
477 2189 681 2262 Mesopotamia,
697 2187 787 2260 ibique
801 2193 864 2257 post
875 2183 968 2255 jurgia

173 2293 200 2341 et
214 2283 287 2340 rixas
301 2279 434 2354 pacificati
449 2286 519 2346 sunt,
542 2286 569 2334 et
584 2277 672 2333 ioedus
691 2274 815 2330 amicitiae
830 2272 966 2332 inierunt:

173 2371 350 2442 collectisque
364 2368 498 2441 lapidibus
512 2364 635 2422 iecerunt
645 2361 787 2430 tumulum,
804 2368 831 2416 ει
845 2357 969 2416 εοιιιειιε-

172 2466 235 2517 runt
264 2473 346 2530 super
376 2472 450 2520 eum,
480 2470 560 2527 quem
573 2451 689 2532 ¹uocauit
712 2449 815 2514 Laban,
839 2446 967 2501 Tumulus

155 2607 156 2610 ¹
170 2547 266 2612 testis:
283 2553 310 2600 et
322 2544 417 2610 Jacob,
433 2545 553 2598 Acerras
566 2536 723 2594 testimonii.
736 2535 864 2606 Dixitque
874 2533 968 2589 Laban

171 2634 207 2688 ad
220 2632 322 2688 Jacob:
334 2623 684 2688 rumutmeta'terttrerit
700 2627 778 2680 inter
792 2639 837 2678 cce
847 2625 876 2677 ει
886 2626 911 2676 ιε
924 2636 968 2676 εει

171 2725 267 2778 cutem
276 2723 324 2790 eqo
335 2718 458 2774 transibo
468 2716 553 2772 iilam
561 2711 723 2786 perpensod
742 2713 779 2779 tc,
793 2714 845 2766 aret
854 2714 885 2765 tu
892 2725 967 2781 prce·

172 2810 285 2865 terioris
293 2807 402 2862 molum
415 2805 487 2860 mihi
501 2803 628 2872 capitana
643 2800 726 2870 (Gen.
742 2799 836 2868 xxxi).
847 2796 968 2866 ldeoap-

169 2895 288 2966 pallatus
297 2891 455 2958 estGalaad,
466 2890 494 2945 id
504 2896 545 2946 εει
553 2887 683 2944 Tumulus
694 2886 780 2952 testis,
792 2884 836 2941 vel
845 2886 968 2940 Acervus

168 2981 325 3048 testimonii,
340 2997 390 3052 per
404 2978 477 3052 quod
491 2976 678 3049 intelliguntur
691 2981 835 3045 martyres,
851 2970 879 3027 in
903 2971 966 3043 qoi-

169 3071 220 3128 bua
234 3085 349 3128 acervus
363 3066 510 3124 testimonii
525 3073 576 3130 est,
591 3063 654 3119 dum
675 3062 746 3118 inter
759 3059 852 3117 omnia
866 3073 966 3130 oppro-

170 3159 228 3214 bria
248 3155 392 3214 Christiani
415 3153 532 3210 nominis
551 3151 691 3208 Christum
710 3155 867 3206 constanter
882 3144 966 3202 confi-

171 3254 302 3303 tenentur.

204 3385 290 3441 vans.
306 3385 333 3438 7.
349 3411 384 3424 -
400 3404 411 3430 ι
430 3381 505 3434 Meus
524 3386 566 3433 εει
587 3377 703 3442 Galaad,
720 3383 747 3431 et
762 3389 840 3430 meus
854 3380 897 3428 est
910 3374 968 3428 hia·

169 3497 181 3522 u
197 3485 308 3538 nasses3
324 3477 351 3526 et
365 3467 496 3539 Ephraim
510 3465 640 3522 fortitudo
655 3463 751 3534 capitis
765 3461 830 3518 mei.
848 3485 859 3510 a

209 3595 282 3651 Meas
297 3597 339 3651 εει
355 3589 470 3657 Calabri,
486 3589 582 3662 hiup,
598 3586 733 3651 Cassiod„
750 3586 834 3656 hug„
844 3582 967 3650 alcuin,

171 3681 254 3755 hugi
282 3681 309 3737 id
332 3688 374 3736 est
394 3693 472 3734 meus
493 3685 534 3733 est
552 3691 666 3732 acervus
692 3672 849 3738 testimonii,
866 3671 969 3727 scilicet

170 3771 225 3828 mei
240 3777 303 3827 sunt
315 3775 453 3839 martyres
467 3765 534 3834 veri,
553 3768 581 3820 et
596 3779 676 3818 meos
687 3765 730 3820 εει
747 3762 895 3817 Monaeses.
911 3758 969 3813 Ma-

88 3923 95 3930 ,
170 3874 267 3916 nasses
287 3855 336 3913 suit
357 3854 557 3928 primogenitus
581 3851 692 3921 Joseph,
721 3849 767 3921 qui
791 3847 843 3904 hoc
859 3847 969 3902 nomine

173 3947 275 4004 vocavit
284 3961 348 4002 enm
357 3943 466 3999 dicens:
478 3942 608 3998 Oblivisci
622 3955 666 3994 mc
677 3939 747 4009 fecit
758 3938 831 3992 Deus
843 3937 969 3992 taboram

171 4050 308 4099 meorum,
324 4036 351 4089 ct
365 4032 463 4087 domas
471 4031 563 4101 patria
577 4027 723 4097 maiman.
734 4025 802 4094 xm).
813 4023 877 4079 ideo
888 4021 970 4077 inter·

173 4128 293 4194 pretatur
305 4119 408 4177 oblitus
423 4137 433 4172 .·
449 4131 499 4187 per
513 4115 586 4187 quod
602 4111 790 4187 significantur
802 4109 907 4176 fideles,
923 4109 970 4180 qui
1072 4157 1077 4168 ,

176 4217 237 4264 ειιιιι
254 4206 353 4278 prioris
372 4201 540 4260 confusionis
560 4200 647 4266 obliti,
674 4199 737 4272 quia
756 4199 813 4268 jam
826 4197 915 4252 bonor
929 4202 971 4252 est

1018 912 1125 952 tmeae.
1144 921 1155 945 a

1052 1012 1133 1078 lado,
1150 1010 1253 1083 [Hier.,
1272 1012 1355 1080 Aug,
1371 1008 1490 1080 hicum]
1505 1008 1533 1063 id
1549 1016 1592 1066 εει
1606 1007 1742 1078 Christus,
1761 1025 1815 1065 rex

1016 1114 1106 1154 mcor.
1123 1097 1319 1152 DcJudaenim
1329 1104 1408 1152 natus
1422 1105 1463 1152 est
1474 1095 1609 1161 Christus,
1619 1095 1682 1152 ideo
1692 1111 1743 1166 per
1752 1111 1816 1152 eum

1017 1186 1061 1242 hic
1076 1186 1145 1241 benc
1160 1183 1337 1258 significatur.
1353 1184 1431 1240 Unde
1446 1184 1532 1240 Jacob
1547 1183 1572 1238 ei
1592 1183 1769 1251 benedicens,
1785 1183 1816 1238 in

1017 1271 1103 1345 figura
1114 1271 1212 1328 Christi
1221 1272 1256 1327 ait
1269 1289 1275 1324 :
1287 1261 1401 1338 lodo,tc
1413 1269 1571 1328 tardatum
1581 1272 1688 1342 fratres
1699 1271 1753 1337 iai,
1761 1278 1815 1326 etc.

1018 1361 1099 1431 (Gen.
1116 1361 1205 1429 xtra).
1223 1359 1299 1416 Moab
1312 1359 1371 1414 olto
1379 1360 1439 1430 spei
1449 1373 1529 1414 mele.
1541 1357 1619 1414 Moab
1629 1357 1746 1430 populns
1757 1358 1817 1430 qni-

1018 1447 1080 1502 dam
1095 1455 1146 1514 est,
1163 1446 1208 1518 qui
1223 1445 1365 1502 descendit
1381 1461 1395 1500 a
1409 1445 1499 1513 Moab,
1521 1461 1603 1517 quem
1622 1445 1717 1518 genuit
1730 1446 1818 1515 major

1000 1533 1072 1589 iulia
1089 1535 1166 1602 Loth,
1183 1534 1299 1588 abutens
1311 1541 1390 1603 patre
1406 1532 1492 1601 ebrio,
1502 1549 1553 1604 per
1564 1532 1818 1606 quemintclligitur

1018 1621 1107 1678 omnis
1130 1622 1246 1677 abutens
1269 1621 1341 1692 lege.
1364 1621 1439 1676 Sicut
1460 1620 1532 1674 enim
1548 1618 1610 1676 tiliae
1623 1619 1695 1676 male
1709 1628 1818 1677 utentes

1017 1716 1094 1781 patre
1107 1714 1261 1782 genuerunt
1274 1708 1413 1776 Moabitas,
1431 1707 1470 1764 sic
1486 1705 1532 1779 qni
1551 1707 1622 1762 male
1645 1706 1728 1762 utitur
1740 1707 1814 1780 lege,

1017 1804 1130 1869 generat
1143 1795 1213 1850 mala
1227 1810 1320 1866 opera,
1336 1801 1365 1849 ut
1378 1794 1425 1866 qni
1440 1794 1521 1862 bene,
1538 1794 1622 1849 bona.
1639 1797 1662 1849 Α
1681 1793 1752 1850 male
1766 1810 1818 1850 an·

1017 1890 1071 1938 tem
1091 1883 1229 1938 utentibus
1243 1882 1306 1955 lega
1328 1882 1422 1937 oritur
1436 1881 1501 1946 olla,
1517 1880 1545 1936 id
1561 1890 1602 1936 εει
1613 1881 1750 1937 tribulatio
1762 1883 1819 1936 lic-

1018 1969 1118 2026 clesiae.
1138 1971 1202 2025 Hac
1230 1976 1272 2024 εει
1292 1968 1346 2024 olla
1362 1969 1471 2024 feruens
1494 1968 1529 2022 ab
1550 1969 1686 2040 aquilone,
1702 1968 1784 2024 idest
1800 1984 1819 2024 a

1018 2057 1135 2114 diabolo.
1143 2055 1355 2113 UndeJeremias
1366 2072 1374 2110 ι
1387 2056 1479 2112 Oltam
1485 2072 1650 2113 arcacensem
1663 2071 1712 2127 eqo
1727 2055 1816 2124 video,

1018 2149 1046 2202 et
1057 2146 1161 2216 sociem
1174 2147 1236 2216 ejus
1249 2145 1349 2215 atacis
1366 2144 1510 2216 aquilonis
1525 2143 1592 2216 (Jcr.
1609 2145 1640 2214 r).
1658 2141 1736 2199 Unde
1749 2143 1817 2199 alibi

1018 2233 1091 2288 idem
1102 2231 1232 2287 Jeremias
1248 2247 1256 2286 ε
1271 2231 1310 2288 Ab
1320 2231 1452 2302 aquilone
1460 2231 1818 2306 pcndctaromncmcium

1019 2321 1109 2391 (ibid.)
1135 2319 1163 2374 id
1194 2325 1235 2374 est
1262 2318 1403 2374 adiabolo
1428 2317 1475 2390 qui
1493 2317 1561 2374 dixit
1578 2336 1585 2372 :
1600 2321 1709 2375 Ponam
1722 2317 1817 2376 sedem

1018 2405 1159 2463 maamad
1174 2407 1344 2478 aquilonem,
1361 2409 1389 2462 ct
1404 2406 1561 2462 crosimilis
1573 2406 1720 2464 altissimo
1735 2408 1814 2477 (laci.

1017 2497 1089 2564 xiv).
1104 2494 1147 2549 Ab
1161 2493 1208 2548 illo
1223 2508 1290 2564 crgo
1305 2492 1504 2548 tribulationem
1519 2492 1574 2549 olla
1584 2493 1713 2549 ebullitio
1722 2491 1819 2550 Eccle-

962 2620 969 2632 .
1017 2583 1076 2648 sia;
1092 2581 1142 2638 sed
1165 2581 1271 2636 Christo
1290 2581 1359 2636 duce
1382 2581 1438 2636 olla
1461 2581 1608 2652 iniquitatis
1628 2582 1729 2637 ardens
1742 2581 1817 2639 iacta

1017 2677 1066 2737 est,
1084 2669 1143 2740 spei
1157 2684 1212 2724 non
1240 2669 1466 2739 consumptionis,
1487 2669 1551 2740 quia
1565 2669 1701 2726 tribulatio
1713 2685 1815 2741 opera-

1016 2765 1059 2812 tur
1072 2756 1231 2828 patientiam
1243 2775 1251 2824 ;
1266 2756 1393 2827 patientia
1409 2771 1475 2812 vero
1489 2756 1697 2828 probationem
1712 2758 1813 2830 proba-

1017 2846 1055 2900 tio
1078 2860 1144 2901 vero
1167 2860 1244 2916 spem
1267 2848 1355 2916 (Rom.
1372 2844 1412 2916 v),
1428 2860 1490 2901 cnm
1507 2845 1644 2901 charitatis
1658 2845 1768 2902 flamma
1783 2846 1815 2901 in

1017 2932 1145 2988 cordibus
1168 2931 1269 2988 diffusa
1291 2931 1368 2988 ardet
1391 2940 1487 2988 contra
1500 2932 1582 2988 ollam
1596 2933 1758 3006 iniquitatis.
1777 2933 1813 2989 m

980 3014 1058 3078 Cast
1084 3019 1291 3088 sensus3Juda,
1320 3019 1348 3073 id
1372 3027 1413 3076 est
1441 3020 1563 3076 Christus
1587 3029 1630 3078 εει
1654 3037 1700 3078 rex
1725 3037 1812 3078 maus.

1016 3107 1097 3176 Quod
1112 3115 1234 3181 regante,
1257 3107 1347 3177 Moab,
1368 3107 1397 3162 id
1415 3115 1457 3163 εει
1470 3109 1585 3164 abutens
1598 3108 1662 3182 lege
1676 3117 1717 3165 est
1731 3109 1814 3180 colla,

1016 3198 1080 3268 quia
1094 3195 1178 3251 insert
1191 3193 1403 3250 tribulationem.
1418 3195 1453 3250 Et
1474 3197 1532 3254 haec
1551 3197 1686 3253 tribulatio
1701 3205 1741 3252 εει
1755 3197 1815 3269 spei

1017 3299 1095 3350 meaa,
1117 3283 1178 3355 quia
1201 3281 1268 3338 iacit
1288 3297 1331 3338 me
1345 3281 1453 3354 plenius
1467 3298 1588 3354 sperare,
1606 3299 1661 3340 non
1674 3283 1808 3341 deiicere.

1017 3370 1068 3426 Vel
1092 3369 1169 3426 Moab
1192 3369 1302 3440 ponitur
1326 3385 1377 3442 pro
1401 3370 1539 3442 gentibus,
1563 3370 1592 3426 id
1609 3379 1650 3426 est
1669 3388 1720 3444 par
1733 3371 1814 3428 Moab

1017 3465 1113 3530 gentes
1128 3457 1326 3530 intelliguntur.
1350 3457 1403 3512 Per
1425 3457 1506 3514 ollam
1520 3457 1679 3531 intelligitur
1692 3459 1813 3516 relectio.

1018 3546 1059 3600 De
1073 3545 1202 3618 gentibus
1225 3559 1300 3612 vero,
1325 3545 1436 3617 qnidam
1451 3555 1515 3601 sunt
1528 3545 1664 3614 conversi,
1679 3554 1706 3602 ει
1718 3545 1747 3602 bi
1761 3545 1815 3603 usti

1019 3640 1081 3687 sunt
1101 3631 1294 3698 tribulatione3
1310 3631 1357 3687 alii
1371 3647 1425 3688 non
1441 3640 1504 3690 sunt
1527 3633 1661 3701 conversi,
1683 3634 1729 3707 qui
1746 3634 1815 3690 alios

1019 3726 1102 3774 urunt
1123 3719 1303 3774 tribulatione.
1319 3720 1430 3792 Utrique
1449 3737 1526 3790 raro,
1543 3721 1648 3778 scilicet
1661 3729 1772 3778 urentes
1786 3729 1814 3778 et

1017 3807 1071 3863 usti
1095 3816 1157 3862 sont
1179 3805 1242 3873 olla,
1267 3806 1296 3862 id
1319 3816 1360 3864 εει
1379 3807 1492 3865 relectio
1515 3809 1617 3866 Christi
1630 3818 1657 3866 ει
1669 3809 1812 3876 Ecclesiae,

1020 3894 1084 3966 quia
1106 3895 1140 3950 de
1163 3894 1231 3950 ustis
1255 3895 1421 3963 consolatur,
1445 3897 1480 3953 de
1494 3897 1635 3954 urentibus
1646 3897 1762 3968 proficit.
1779 3895 1816 3954 Et

1006 3991 1062 4038 ,εει
1077 3999 1175 4039 sensus
1192 4000 1200 4038 ι
1215 3983 1307 4050 Moab,
1323 3983 1403 4040 idest
1416 3991 1523 4058 gentes,
1538 3985 1816 4042 scilicetvelurentes

1020 4070 1088 4126 alios
1106 4069 1296 4138 tribulatione;
1312 4070 1356 4128 vel
1369 4073 1421 4126 usti
1436 4079 1498 4128 snnt
1515 4072 1579 4140 olla,
1604 4072 1632 4128 id
1647 4081 1689 4128 est
1703 4072 1816 4130 reiectio

1021 4173 1080 4228 sper
1098 4173 1177 4227 meae,
1199 4158 1271 4214 unde
1294 4159 1360 4213 mihi
1386 4175 1450 4231 spes
1468 4161 1529 4215 vitae
1551 4166 1603 4216 εει.
1618 4161 1748 4232 Loquitur
1760 4161 1815 4216 Ec·

1020 4245 1129 4303 etesia:

175 4293 356 4352 Christianum
383 4305 496 4346 nornen.
522 4288 600 4345 Unde
624 4285 770 4358 Apostolus
786 4301 793 4339 ι
809 4285 869 4341 Non
894 4285 970 4340 enim

174 4381 364 4441 erubescimus
378 4377 554 4449 evonpclium
577 4376 666 4445 (Rom.
692 4366 800 4444 uslei,
815 4371 967 4438 Manassae,
983 4355 1009 4414 D
1055 4361 1140 4418 Vsus.
1157 4365 1184 4416 a.
1200 4391 1235 4402 -
1252 4383 1263 4412 ι
1279 4361 1310 4417 ln
1325 4361 1473 4419 idumaeam
1487 4363 1631 4420 extendam
1644 4364 1815 4422 calceamen-

174 4471 263 4529 omnis
284 4468 331 4525 ille
354 4473 395 4523 εει
418 4465 464 4537 qui
477 4463 575 4520 oblitus
589 4461 688 4534 prioris
705 4460 775 4527 vitae,
792 4460 819 4516 in
835 4459 973 4516 anteriora
1024 4456 1106 4504 ‘lum
1119 4464 1230 4516 mcum
1245 4449 1312 4505 mihi
1327 4449 1487 4522 alienigena
1500 4451 1601 4508 Subdifi
1615 4459 1687 4508 ⁵⁰⁰2·
1707 4476 1718 4502 ·

174 4575 237 4618 cnm
251 4553 380 4629 apostolo
395 4570 425 4609 se
446 4551 566 4608 extendit
582 4548 697 4622 (Philip.
714 4551 766 4620 ιιι).
783 4547 833 4603 Vel
846 4563 898 4619 per
913 4549 971 4604 Ma·
1058 4563 1090 4619 ρ,
1114 4543 1282 4619 Mammam]
1300 4563 1445 4636 [Cassi0d„
1475 4564 1519 4622 Gl,
1546 4563 1604 4634 inq,
1625 4567 1708 4640 Aug„
1728 4565 1816 4639 nien]

174 4661 285 4704 nossem
312 4640 472 4712 intellimus
500 4638 625 4695 scelesta
651 4637 783 4710 sentium.
814 4652 875 4708 oua
897 4634 973 4707 prius
1022 4649 1187 4720 cuasarum
1203 4651 1282 4706 :nixi
1299 4651 1817 4726 :naeub0r‚dividcmquiaectenrtam

177 4733 275 4792 Sheiilis
303 4728 488 4786 maledictioni
516 4733 543 4782 ei
565 4723 713 4798 opprobrio
734 4723 907 4793 subjacebat}
923 4722 973 4778 Sed
1022 4741 1249 4796 calceamentum
1262 4756 1366 4806 meum,
1382 4739 1410 4796 id
1429 4741 1675 4814 estEyangelium’
1691 4757 1745 4814 quo
1756 4757 1817 4796 mu.

176 4822 268 4892 ¹¹¹0d02
291 4835 354 4876 cum
372 4817 450 4890 pislis
469 4816 524 4886 iam
546 4813 630 4870 ⁰blil⁸
648 4821 691 4868 θεῖ
716 4811 925 4883 ⁰P9l0bli⁰l¹¹ffl
947 4817 973 4866 0¹
1022 4826 1513 4900 niturvitagradientiuminmundo.
1531 4828 1818 4896 sermocinemur

177 4917 343 4992 ignominia.
362 4913 440 4970 Unde
455 4911 541 4968 isaias
556 4927 562 4965 :
579 4911 698 4976 latare,
713 4908 823 4964 sterilis
838 4925 899 4980 qcoe
913 4923 972 4962 nort
1022 4913 1050 4968 id
1060 4923 1101 4970 εει
1119 4913 1314 4972 humanitatem
1329 4915 1436 4985 Christi,
1455 4916 1483 4971 in
1498 4933 1551 4989 qua
1565 4917 1642 4973 latuit
1655 4915 1753 4974 deitas.
1768 4916 1819 4973 Vel

177 5007 266 5082 paris,
282 5005 348 5078 quio
361 5002 539 5076 plorassent
552 4997 973 5069 fittimserraeqcamcjmquoe
1022 5017 1073 5073 per
1095 5003 1318 5070 calceamentum,
1334 5003 1408 5074 qnod
1423 5001 1454 5057 iit
1466 5002 1501 5059 de
1514 5012 1623 5060 mortno
1638 5005 1759 5073 animali,
1775 5005 1818 5060 in-

179 5095 260 5152 hobci
274 5093 368 5149 virum
383 5089 458 5158 (imi.
475 5086 589 5154 xxxiv).
602 5083 973 5141 Coniusionisadclescentiae
1023 5088 1151 5162 telligitur
1163 5091 1255 5161 passio
1269 5089 1379 5161 Christi,
1395 5107 1476 5163 quam
1486 5091 1658 5163 pradicando
1669 5093 1814 5149 extendam

179 5188 231 5237 tuae
246 5175 425 5242 oblivisceris,
440 5182 467 5230 ει
486 5168 625 5245 opprobrii
639 5170 778 5227 uiduitatis
793 5179 845 5226 tnae
860 5186 916 5226 non
930 5187 974 5226 re·
1024 5193 1111 5248 usque
1124 5177 1315 5245 inidumaeam‚
1325 5193 1386 5251 qnae
1394 5178 1576 5251 interpretaur
1586 5185 1711 5249 tenena,
1729 5181 1757 5236 id
1775 5187 1819 5236 cst

181 5265 349 5324 cordaberis.
365 5265 486 5320 Etmcoc
495 5265 538 5318 cst
547 5261 691 5332 Ephraim.
702 5259 832 5330 Ephraim
840 5257 890 5313 init
904 5258 974 5314 alter
1024 5280 1112 5336 usque
1127 5265 1162 5320 ad
1176 5273 1306 5322 terrenos.
1324 5264 1410 5335 Quasi
1423 5267 1494 5323 dicat
1508 5285 1515 5322 :
1532 5268 1567 5323 lit
1580 5267 1603 5322 si
1618 5268 1729 5324 ebulliat
1742 5285 1819 5324 mun-

181 5353 254 5409 hlius
267 5351 378 5421 Joseph,
393 5365 473 5422 quem
488 5346 974 5414 sicvocauit,dicens.·Crcccerame
1025 5353 1075 5406 dus
1094 5352 1238 5422 scandalis,
1262 5361 1354 5410 tamen
1376 5371 1462 5428 usqne
1482 5354 1518 5410 ad
1541 5362 1657 5412 terrenae
1684 5356 1746 5413 vitre
1768 5357 1819 5412 ho·

182 5441 254 5515 [ecit
266 5441 338 5497 Deus
347 5438 379 5494 in
388 5441 465 5493 terro
473 5437 653 5508 paupertatis
663 5435 818 5504 mercidem.
827 5434 975 5500 rutildae
1025 5439 1122 5504 mines,
1155 5442 1297 5496 extendam
1332 5441 1544 5498 calceamentum
1576 5459 1677 5499 meum.
1712 5444 1747 5499 Et
1779 5445 1818 5501 sic

183 5533 377 5602 interpretatur
390 5524 584 5596 fructificatio,
595 5538 678 5595 quam
689 5521 876 5594 iacitgranmn
886 5521 977 5577 fructi·
1025 5529 1130 5586 subdita·
1143 5531 1212 5585 runt
1235 5529 1308 5586 mihi
1323 5531 1500 5603 alimmum,
1518 5530 1712 5604 velfflophyli‚
1727 5532 1773 5605 qui
1782 5531 1817 5588 ad
