3906 6056
188 208 257 262 teat
872 200 974 257 Patet
988 197 1167 256 tourtam
1778 203 1859 256 153⁶

187 329 300 397 minum,
318 336 348 384 ut
362 344 411 386 vos
435 327 523 386 facitis
545 343 616 398 eam,
636 327 800 383 arbitrantes
822 324 988 382 ministerio-
1003 326 1118 388 Aerant
1132 323 1197 380 boni
1212 323 1259 395 qni
1273 323 1351 396 digni
1365 331 1442 380 erant
1456 324 1547 390 laude,
1564 323 1609 380 alii
1622 322 1700 397 digni
1715 323 1859 394 increpa·

185 432 244 472 rum
258 417 464 490 dispensatores
474 432 536 472 esse
546 416 693 491 gratiarum
706 424 842 472 auctores.
864 416 900 470 lta
916 414 987 470 enim
1041 413 1124 469 tione.
1140 413 1205 469 Post
1225 413 1416 469 salutationem
1439 429 1507 485 ergo
1531 413 1649 485 primum
1663 413 1799 485 proponit
1816 413 1856 467 de

185 513 259 562 esset
273 506 397 563 Ecclesia
412 506 563 575 bominum,
582 521 637 560 non
652 505 712 560 Dei.
730 504 804 574 Quos
828 512 919 560 antem
935 503 988 559 Ec·
1039 501 1118 558 bonis
1141 509 1170 556 ut
1198 501 1240 558 lris
1266 501 1327 558 aliis
1350 501 1556 559 conformentur
1580 502 1700 559 dicens:
1728 503 1855 558 Gratias

185 594 296 650 alesiam
311 595 362 650 Dei
375 596 456 664 dicat,
469 594 559 666 aperit
567 594 697 660 subdens,
714 593 817 650 scilicet
827 593 988 662 sanctifico·
1038 606 1099 662 apo,
1115 597 1180 658 eto„
1197 590 1290 656 corde,
1308 589 1402 664 lingua
1425 599 1452 647 et
1466 607 1558 662 opere,
1575 592 1640 660 Deo,
1656 589 1854 663 [Ambrosius]

187 684 236 750 tis,
251 682 280 737 in
294 683 439 754 baptismo,
464 691 491 739 et
509 684 561 739 boc
573 684 605 738 in
622 682 731 739 Christi·
747 685 823 746 iasa,
840 680 867 736 id
882 688 923 736 εει
937 696 987 752 per
1037 694 1122 752 aquo
1147 678 1238 735 omnia
1262 695 1325 735 esse
1346 679 1440 748 credo,
1465 695 1521 735 non
1539 679 1574 735 ab
1594 679 1762 744 hominihus,
1783 696 1853 735 meo

185 771 324 826 Christum
346 772 450 838 iesum,
475 787 530 827 non
553 787 603 842 per
626 771 767 836 homines,
783 769 838 825 imo
852 786 867 824 a
881 768 986 840 pseudo
1037 767 1157 824 omniunt
1182 767 1291 840 quidem
1312 768 1387 824 Deus
1407 774 1541 840 potestate
1555 784 1607 842 qna
1621 776 1706 832 creat,
1723 767 1777 822 sed
1794 783 1851 822 eo-

184 859 273 915 eversi
288 867 360 915 sunt.
375 860 444 931 lpsis
459 859 530 926 dico,
546 861 781 924 cocatisscnctis,
797 858 986 914 idestvocatis
1036 873 1098 912 rum
1120 857 1232 927 proprie
1258 855 1357 914 dicitur
1376 857 1460 923 Deus,
1486 857 1616 928 quicum
1639 855 1767 930 diligunt,
1798 855 1851 927 qui

184 963 234 1019 per
248 947 451 1018 praedioatores,
468 955 495 1003 et
504 947 604 1004 deinde
617 946 703 1003 sancti
720 954 791 1003 sunt.
805 947 863 1012 Vel,
885 947 986 1003 vocatis
1037 961 1099 1000 eum
1123 953 1226 1012 tenent,
1255 945 1300 1017 qni
1323 944 1399 1000 illum
1416 944 1568 1016 possident,
1585 943 1684 1016 quibus
1697 944 1846 1009 subvenit,

185 1035 297 1104 sanctis,
313 1035 342 1091 id
366 1045 408 1092 est
429 1035 580 1107 praeelectis
602 1051 617 1089 a
639 1035 698 1091 Deo
721 1035 755 1090 ad
778 1036 830 1091 hoo
854 1043 883 1091 ut
898 1035 986 1092 sancti
1037 1033 1082 1106 qui
1098 1034 1132 1090 ab
1148 1033 1195 1090 illo
1203 1033 1284 1090 alieni
1294 1049 1348 1089 non
1359 1042 1431 1090 sunt.
1442 1035 1557 1105 Scnrpcr
1565 1052 1618 1105 pro
1631 1035 1711 1099 nohis,
1729 1040 1756 1088 ct
1774 1034 1845 1099 hoc,

100 1131 104 1134 ’
184 1123 246 1178 sint.
263 1123 397 1180 Hocideo
417 1123 481 1179 dicit
495 1131 523 1178 nt
538 1122 663 1179 ostendat
678 1123 716 1179 nil
730 1123 794 1180 boni
809 1140 870 1180 esse
884 1123 919 1178 ah
933 1125 985 1180 ho·
1035 1123 1326 1196 inpatiensque
1349 1121 1474 1178 dotcest
1494 1119 1577 1189 vohis,
1594 1121 1622 1176 id
1637 1121 1754 1177 cstdum
1772 1137 1847 1177 con·

183 1210 265 1276 mine,
283 1210 332 1266 sed
342 1219 451 1266 toturna
463 1213 530 1268 Deo.
541 1213 588 1267 llis
598 1213 708 1284 inquam
723 1213 869 1284 Apostolus
880 1213 983 1279 scribit,
1036 1211 1126 1265 sidem
1140 1211 1266 1282 gretiam,
1283 1211 1310 1266 id
1320 1218 1360 1266 est
1370 1210 1442 1265 dona
1452 1210 1513 1266 Dei.
1522 1209 1590 1279 Quae
1605 1211 1666 1264 data
1680 1218 1744 1264 sunt
1757 1211 1846 1266 vobis

183 1315 249 1355 cum
261 1300 400 1369 omnbus,
416 1299 444 1354 id
459 1309 501 1357 εει
515 1308 542 1356 ει
555 1301 680 1358 omnibns
696 1302 790 1358 scribit
805 1301 985 1373 suffraganeis
1036 1307 1063 1355 ει
1076 1301 1137 1365 hoc,
1153 1299 1186 1354 in
1209 1298 1319 1356 Christo
1333 1300 1409 1365 Jcsa,
1425 1299 1453 1354 id
1467 1298 1649 1354 estaChrlsto
1659 1314 1713 1355 non
1723 1298 1844 1355 aliunde

183 1386 313 1456 Corinthi,
330 1389 376 1461 qni
397 1388 425 1443 in
447 1389 552 1445 eisdem
575 1390 647 1446 vitiis
668 1391 799 1447 laborant.
825 1392 901 1448 Unde
917 1391 984 1447 sub·
1036 1387 1134 1444 ethaeo
1150 1388 1238 1461 gratia
1253 1403 1269 1444 a
1284 1389 1343 1444 Deo
1359 1395 1401 1444 est
1415 1387 1565 1458 multiplex,
1580 1388 1646 1461 quic
1660 1388 1690 1443 in
1705 1389 1844 1444 omnibus

182 1475 221 1531 dit
240 1491 246 1530 :
257 1477 310 1544 Qai
318 1478 349 1532 in
360 1479 439 1534 crnni
451 1480 519 1547 ioco,
534 1479 745 1546 Corinthiorum,
757 1480 885 1553 ipsorum
894 1483 983 1536 ctno-
1035 1477 1124 1543 donis,
1140 1478 1210 1550 [αειι
1227 1479 1295 1533 εειιε
1310 1477 1450 1533 dicitcsin
1459 1477 1519 1542 illc,
1529 1476 1556 1531 id
1566 1484 1606 1531 est
1617 1477 1645 1530 in
1655 1475 1770 1538 Christo,
1782 1492 1844 1532 non

183 1569 253 1631 stro,
270 1566 298 1621 id
313 1575 355 1621 est
370 1567 493 1638 primitus
512 1567 578 1623 mihi
602 1568 758 1636 commisso,
781 1570 915 1626 invocant
930 1585 981 1625 no·
1034 1566 1062 1621 in
1082 1566 1201 1622 homine.
1218 1567 1251 1620 Et
1267 1566 1329 1638 quia
1344 1566 1411 1621 dixit
1424 1566 1453 1620 in
1467 1565 1593 1629 omnihus
1606 1564 1669 1620 iDos
1682 1580 1743 1620 esse
1760 1566 1843 1620 dita-

183 1671 250 1710 rnen
260 1656 385 1720 Domini,
398 1671 453 1711 non
463 1655 638 1723 alindaDeo,
650 1657 697 1728 qui
710 1673 772 1713 vere
783 1656 907 1713 invocant
920 1659 984 1713 dum
999 1662 1086 1742 Btos,
1112 1654 1241 1726 supponit
1263 1661 1354 1725 partes
1378 1653 1492 1726 aliquas,
1515 1653 1619 1710 scilicet
1649 1652 1748 1709 divites
1771 1653 1842 1709 lacti

183 1742 257 1798 servi
271 1742 328 1812 ejus
344 1750 416 1799 sunt.
432 1745 472 1800 De
491 1745 593 1818 'quibus
613 1745 721 1812 dicitur,
737 1761 823 1817 prope
839 1753 880 1801 est
895 1747 984 1801 omni·
1035 1743 1110 1812 estis,
1127 1745 1159 1798 in
1168 1745 1343 1811 omniverbo,
1356 1742 1383 1798 id
1394 1743 1471 1798 estin
1480 1741 1555 1797 omni
1565 1757 1667 1816 genere
1678 1741 1842 1814 linguarum

181 1829 232 1885 bns
247 1829 436 1888 invocantibus
455 1848 518 1887 eum
532 1833 560 1888 in
574 1833 696 1890 veritate.
710 1833 769 1890 lloc
790 1834 863 1889 enirn
877 1834 985 1890 invocat
1035 1832 1087 1898 vel,
1103 1831 1129 1886 in
1145 1831 1219 1886 omni
1234 1831 1328 1898 verbo,
1344 1831 1370 1886 id
1386 1831 1467 1886 estin
1483 1832 1556 1886 onrni
1572 1830 1653 1886 modo
1667 1831 1842 1902 praedicandi

183 1917 283 1991 aliquid
305 1920 379 1991 quod
402 1921 459 1977 vult
482 1922 566 1977 adse
588 1922 692 1978 venire.
704 1921 776 1991 Quid
791 1931 830 1978 est
844 1922 982 1986 invocare,
1035 1919 1139 1976 scilicet
1162 1919 1345 1975 mediocribus
1368 1927 1395 1974 et
1417 1919 1545 1990 perfectis
1567 1926 1594 1974 et
1616 1919 1780 1974 minoribus.
1806 1923 1842 1976 lit

183 2007 237 2062 nisi
252 2007 280 2062 in
295 2024 435 2066 sevocare
453 2024 459 2064 :
476 2009 517 2082 (t)
533 2009 585 2079 Qui
600 2026 666 2082 ergo
682 2013 769 2067 Deum
784 2011 892 2068 invocat
902 2021 930 2067 ut
943 2013 984 2067 di·
1034 2009 1066 2064 in
1083 2009 1161 2064 ornni
1180 2009 1310 2073 scicntia,
1326 2007 1354 2062 id
1369 2015 1411 2063 εει
1425 2007 1624 2080 scripturarum
1638 2006 1789 2064 intellectu.
1808 2009 1843 2063 Et

182 2112 230 2152 ves
247 2095 302 2164 fiat,
318 2098 405 2152 Deum
425 2113 480 2154 non
499 2097 616 2156 invocat.
627 2100 706 2166 Nam,
718 2116 780 2156 curn
793 2099 861 2156 dicis
875 2118 882 2155 :
897 2102 982 2168 Dens,
1033 2095 1061 2152 in
1074 2097 1116 2152 his
1127 2096 1203 2152 ditati
1217 2096 1254 2152 ita
1265 2097 1339 2165 estis,
1350 2096 1424 2168 quod
1438 2096 1476 2152 ita
1490 2097 1598 2163 tenetis,
1613 2099 1689 2152 sicat
1703 2097 1841 2152 testimo-

185 2184 221 2240 da
235 2185 302 2240 mihi
317 2185 435 2254 divitias,
452 2203 507 2242 non
521 2187 562 2245 vis
581 2197 609 2242 ut
624 2188 659 2243 ad
678 2196 705 2243 te
719 2189 810 2244 veniat
825 2189 884 2261 ipse
898 2191 982 2254 Dens,
1034 2187 1117 2242 nient
1129 2186 1235 2242 Christi
1245 2185 1445 2255 confirmatam
1455 2186 1536 2243 estin
1548 2186 1631 2251 υοιίε,
1643 2184 1670 2239 id
1681 2193 1721 2240 est
1732 2186 1842 2241 itaver-
1935 2237 1936 2270 ,

187 2273 235 2328 sed
250 2281 279 2328 ut
299 2273 400 2330 divitiae
423 2275 533 2332 veniant
548 2275 583 2331 ad
600 2284 636 2332 ιε.
661 2277 736 2332 Deus
750 2285 839 2333 autern
854 2278 939 2351 gratis
954 2295 984 2335 se
1033 2274 1067 2329 ba
1084 2283 1110 2330 ει
1125 2274 1267 2330 scientiam
1290 2275 1389 2330 tenetis
1409 2273 1444 2330 de
1458 2289 1491 2329 eo
1506 2275 1579 2346 quod
1594 2274 1629 2329 de
1642 2273 1748 2330 Christo
1763 2290 1841 2346 prae-

182 2361 239 2417 vnlt
254 2361 307 2418 coll
324 2372 350 2418 et
371 2363 457 2437 diligi.
482 2365 540 2421 Hoc
562 2372 604 2420 est
623 2365 695 2420 enirn
722 2375 912 2432 casteamarc,
929 2382 984 2422 non
1034 2363 1133 2430 dicavi,
1159 2363 1228 2419 sicut
1253 2363 1408 2419 testimonio
1439 2363 1633 2434 prophetarum
1662 2361 1838 2419 confirmavi.

183 2450 245 2521 quia
260 2451 306 2506 dat
320 2452 423 2525 aliquid
436 2461 535 2525 praeter
550 2471 590 2520 ae,
607 2454 656 2510 sed
670 2453 734 2526 quia
748 2455 795 2511 det
815 2471 855 2511 se.
872 2455 984 2511 Talibus
1034 2453 1092 2519 Vel,
1109 2452 1185 2508 ditati
1207 2451 1281 2520 estis,
1307 2451 1334 2508 id
1357 2459 1399 2508 est
1413 2451 1492 2507 donis
1507 2451 1613 2524 repleti,
1629 2451 1700 2507 sicut
1714 2453 1840 2508 testimo·
1935 2447 1936 2456 ³

182 2537 248 2594 dicit
261 2541 430 2611 Apostolus3
449 2543 501 2611 Qui
513 2542 649 2600 invocant
659 2560 761 2600 nomen
770 2545 883 2600 Domini
893 2545 985 2601 nostri
1033 2541 1106 2597 nium
1124 2540 1224 2596 Christi
1245 2539 1435 2597 confirmatum
1459 2547 1501 2596 est
1523 2540 1551 2595 in
1569 2539 1657 2608 vobis,
1673 2540 1700 2595 id
1715 2541 1839 2612 estquis

182 2615 248 2684 Jcsr't
263 2628 377 2696 Christi,
394 2629 421 2684 id
442 2638 482 2686 est
502 2631 649 2687 Salvatoris
669 2639 697 2687 ει
720 2632 805 2705 regis,
822 2649 902 2704 quem
918 2649 983 2689 vere
1034 2628 1147 2685 firmiter
1169 2629 1265 2684 tenetis
1289 2627 1370 2685 tidem
1394 2644 1475 2701 qnam
1497 2628 1642 2701 predicavi
1664 2629 1753 2684 vobis.
1769 2629 1839 2686 Dico

181 2713 309 2772 invocant
331 2717 397 2772 durn
415 2719 449 2772 ab
471 2735 505 2774 εο
527 2719 642 2775 credunt
667 2736 697 2775 se
726 2720 826 2777 salvari
849 2729 876 2776 ει
905 2721 978 2795 regi.
1034 2719 1106 2791 quod
1116 2717 1296 2785 divitesestis,
1312 2719 1353 2774 itn
1364 2717 1482 2774 estnihil
1492 2718 1565 2774 desii
1574 2718 1648 2775 vohis
1657 2719 1690 2773 in
1700 2719 1838 2782 citnara-

185 2802 282 2860 Grctic
297 2805 381 2872 vobis,
393 2813 445 2872 etc.
465 2791 534 2863 Ec'ce
549 2805 682 2863 salutatio.
699 2807 782 2877 Quasi
799 2809 870 2865 dicat
887 2827 893 2864 :
910 2810 983 2865 Pau·
1036 2807 1172 2862 ticsancti
1182 2805 1309 2878 Spiritus.
1322 2805 1416 2875 Vobis,
1428 2805 1501 2876 dico,
1514 2807 1759 2878 exspectantibus,
1771 2823 1837 2864 cunr

185 2889 229 2946 lus
241 2899 268 2948 et
285 2892 433 2950 Sosthenes
453 2895 577 2952 scribunt
600 2896 678 2952 vobis
699 2898 769 2953 hanc
783 2897 944 2969 Epistolarn,
957 2906 984 2954 et
1034 2894 1181 2962 desiderio,
1205 2895 1269 2968 qnia
1291 2895 1359 2950 certi
1382 2895 1445 2951 inde
1465 2902 1491 2950 et
1514 2895 1612 2966 parati,
1628 2898 1837 2952 revelationem

181 2987 242 3036 anta
265 2981 318 3037 alia
339 2983 456 3038 salutant
477 3000 536 3055 vos,
559 2992 683 3057 optantes
697 2993 726 3041 ut
739 2987 827 3060 gratia
841 2987 876 3042 sit
894 2987 981 3058 vobis,
1035 2985 1148 3041 Domini
1161 2985 1254 3040 nostri
1267 2985 1333 3041 Iesu
1349 2983 1463 3051 Christi,
1480 2983 1563 3039 idest
1579 2983 1710 3040 visionem
1718 2984 1834 3050 Christi,

183 3069 316 3126 stantibus
331 3080 361 3126 ut
383 3081 520 3140 maneant,
546 3073 631 3145 lapsis
645 3082 675 3129 ut
688 3075 810 3131 redeant.
825 3078 860 3131 Et
874 3093 944 3148 pax,
956 3046 1018 3131 idO
1033 3079 1060 3128 ει
1075 3072 1259 3146 cognitionem
1282 3089 1342 3145 quae
1365 3081 1427 3143 post
1449 3080 1563 3128 mortem
1578 3081 1720 3144 prestatur
1735 3073 1838 3146 cuique

182 3165 223 3212 est
232 3159 331 3215 mentis
339 3161 529 3232 tranquillitas.
541 3163 574 3217 Et
583 3164 635 3219 hoo
645 3181 662 3219 n
672 3165 726 3219 Deo
733 3167 819 3221 Patra
828 3169 856 3221 ct
867 3166 984 3224 Domino
1034 3160 1115 3217 fideli.
1135 3160 1185 3217 Vel
1197 3161 1392 3218 revelationem
1406 3161 1480 3228 dicit,
1497 3178 1557 3233 qum
1571 3162 1622 3216 erit
1636 3161 1664 3216 in
1681 3162 1726 3217 die
1737 3163 1838 3232 judicii

182 3251 280 3304 nostro
294 3250 361 3306 iasa
377 3249 496 3320 Christo,
507 3251 554 3324 qui
564 3251 599 3305 ab
610 3267 642 3307 eo
654 3251 763 3324 quidem
772 3253 910 3322 personali
919 3270 985 3324 pro·
1033 3265 1116 3323 quarn
1139 3249 1216 3321 impii
1240 3251 1344 3306 timent.
1363 3251 1416 3319 Qui
1429 3255 1457 3306 ct
1472 3250 1650 3320 confirmabit
1670 3268 1726 3308 vos.
1750 3250 1837 3320 Quasi

181 3335 296 3406 prietate
318 3337 460 3394 distinctus
476 3346 527 3406 est,
553 3340 602 3396 sed
623 3357 695 3395 unns
720 3357 782 3397 curn
807 3341 867 3412 ipso
881 3343 983 3400 unitate
1032 3338 1105 3395 dieat
1125 3338 1321 3410 :Exspeelelis
1336 3338 1531 3395 revelationem
1557 3338 1666 3406 Christi,
1683 3355 1767 3411 aque
1781 3356 1835 3395 ex-

182 3423 339 3480 substantiae
371 3427 455 3482 Deus.
481 3427 545 3483 ldeo
565 3445 633 3502 ergo
657 3430 765 3485 Patrem
788 3430 935 3488 nominavit
957 3439 983 3488 et
1032 3427 1200 3498 spectatione
1215 3443 1270 3482 non
1285 3425 1430 3483 deficietis.
1448 3429 1509 3500 lpse
1523 3435 1565 3483 est
1579 3427 1651 3483 enirn
1665 3427 1711 3500 qni
1725 3436 1754 3484 et
1768 3444 1837 3485 con-

183 3510 331 3579 Christnm,
347 3515 461 3570 nennio
476 3531 603 3586 personae
614 3516 688 3573 inter
702 3533 749 3574 eos
765 3534 827 3574 εεεε
841 3526 960 3590 putetur.
1032 3514 1147 3570 firmabit
1167 3531 1217 3572 vos
1240 3532 1328 3589 usqae
1351 3517 1383 3572 in
1406 3516 1503 3584 finem,
1520 3516 1662 3589 cujusque,
1678 3517 1716 3572 ita
1730 3525 1759 3571 nt
1773 3518 1835 3572 sitis

217 3601 306 3656 Vites·
325 3604 407 3660 ι-ιι.
431 3634 466 3644 -
484 3605 595 3662 Gratias
610 3623 661 3677 apo
675 3608 982 3682 Deomcoscmpcrpro
1031 3605 1092 3660 sinc
1117 3603 1247 3669 crimina,
1274 3603 1324 3659 etsi
1345 3618 1401 3659 non
1423 3604 1482 3659 sine
1505 3612 1626 3676 peccato.
1642 3603 1832 3671 Conlrrmabit,

181 3689 264 3756 nobis,
276 3690 308 3745 in
315 3692 654 3766 crotichiquoedntncst
663 3695 736 3752 coiis
747 3697 779 3751 in
786 3696 896 3753 Christo
904 3699 979 3765 Jcsu,
1031 3691 1103 3749 dieo·
1119 3693 1211 3763 Usque
1227 3691 1255 3746 in
1269 3691 1360 3760 finem,
1378 3691 1405 3746 id
1421 3700 1462 3748 est
1473 3693 1502 3748 ia
1514 3693 1559 3749 die
1570 3693 1707 3750 αιιειιιιιι
1717 3696 1834 3752 Domini
1935 3723 1936 3742 i

183 3779 249 3851 quia
265 3779 294 3834 in
307 3781 435 3838 omnibns
449 3782 550 3838 divites
566 3784 641 3854 [acti
655 3783 723 3840 estis
736 3785 769 3841 in
783 3785 843 3852 itio,
858 3786 889 3840 tn
903 3789 981 3843 omni
1030 3783 1121 3837 nostri
1131 3781 1196 3837 Jcsa
1212 3779 1328 3837 Christi.
1344 3781 1426 3851 Cujus
1440 3781 1573 3837 adventus
1587 3781 1755 3855 intelligitur,
1770 3767 1835 3838 inm

181 3867 262 3922 carbo
272 3871 300 3922 et
311 3868 343 3923 in
353 3870 572 3937 omniscientis,
582 3873 658 3928 sicat
668 3873 864 3930 testimoniam
875 3874 981 3932 Christi
1030 3869 1128 3941 cuique
1147 3876 1208 3940 post
1229 3876 1345 3924 mortem
1367 3869 1565 3926 manifestatur.
1591 3870 1639 3926 Vel
1663 3870 1710 3939 ita,
1726 3871 1833 3926 confir-

181 3955 383 4023 confirmatam
393 3962 437 4014 cst
449 3959 572 4028 intrabis,
588 3960 630 4016 ita
645 3964 679 4016 at
692 3961 767 4017 nihii
777 3963 850 4019 vohis
861 3961 933 4019 desit
948 3965 980 4020 in
1029 3958 1114 4013 mabit
1129 3974 1187 4024 vos,
1202 3958 1273 4028 dico,
1289 3974 1397 4030 semper
1410 3968 1500 4014 mente
1515 3967 1610 4015 euntes
1624 3959 1652 4014 in
1662 3959 1737 4015 illurn
1745 3958 1832 4028 diem,

181 4043 242 4100 atta
250 4047 580 4119 praticcaspectnntihns
589 4051 791 4107 revelationem
798 4052 910 4108 Dorntni
919 4068 980 4122 nce·
1030 4046 1135 4102 scilicet
1154 4047 1181 4101 in
1196 4047 1270 4103 diem
1284 4047 1417 4103 adventus
1433 4047 1542 4114 Christi,
1557 4056 1610 4104 etc.
1628 4048 1729 4104 Fidelis
1745 4049 1833 4106 Dens.

183 4133 224 4187 tri
229 4133 293 4189 iesu
303 4133 417 4204 Christi,
426 4139 508 4209 quiet
515 4138 694 4209 confirmabit
701 4155 747 4196 vos
756 4157 842 4212 nsque
851 4141 882 4196 in
892 4141 979 4210 tinem
1029 4134 1113 4204 Quasi
1128 4135 1200 4191 dicet
1218 4153 1225 4189 t
1243 4134 1421 4192 Conliunebil
1442 4143 1469 4192 el
1483 4153 1559 4204 vere,
1575 4137 1637 4209 quia
1651 4137 1724 4192 Deus
1739 4145 1781 4192 est
1797 4137 1835 4193 li-

181 4219 244 4276 sina
259 4222 390 4289 crimina,
406 4223 437 4278 in
453 4224 498 4280 dic
513 4226 652 4282 adcantus
668 4228 782 4285 Domini
807 4229 899 4285 nostri
913 4230 980 4285 Jcsn
1029 4223 1107 4292 dalis,
1128 4223 1210 4278 idest
1225 4241 1307 4280 verus
1333 4225 1361 4280 in
1382 4225 1535 4296 promissis,
1560 4241 1612 4298 per
1634 4242 1715 4298 pacm
1738 4230 1834 4282 vocati

134 4322 140 4334 ¹
183 4307 285 4364 Cbisti.
299 4310 403 4367 tidelis
413 4312 486 4368 Dans
495 4330 633 4387 perquam
643 4319 808 4374 ccccticstis
818 4320 850 4373 in
860 4320 979 4375 socicta-
1029 4314 1108 4378 ιιιιι,
1125 4328 1186 4369 cum
1202 4313 1299 4368 esselis
1313 4313 1412 4370 eversi·
1425 4312 1487 4383 'Qui
1500 4329 1569 4388 er30
1583 4329 1693 4370 ³V0f⁵0⁵
1713 4315 1832 4382 ιθιιιῑῑ.

183 4398 788 4471 tcmFitiicjustcsnChristiDomininostri.
804 4406 979 4464 obsecranti-
993 4399 1134 4468 Diacilins
1152 4399 1331 4456 confirmabit·
1359 4402 1480 4472 Vecevil,
1505 4402 1577 4470 dito,
1602 4403 1634 4458 in
1656 4404 1833 4470 societatem.
1935 4407 1936 4466 l

182 4488 239 4541 tarn
248 4503 302 4554 cos,
313 4490 595 4562 tratrespcrnonrcn
603 4494 717 4550 Domini
725 4497 817 4552 nostri
826 4499 891 4554 iasa
902 4495 980 4553 Chri·
1029 4504 1084 4545 110ss
1097 4489 1179 4545 modo
1191 4489 1353 4561 augelorum
1367 4490 1412 4546 vel
1426 4490 1622 4563 apostolom,
1638 4491 1686 4546 sed
1699 4492 1757 4559 filii
1770 4495 1835 4565 ejus
1935 4497 1936 4568 ,

181 4573 230 4640 sti,
240 4575 619 4648 neminemneminer,
627 4585 719 4639 ctncn
726 4583 903 4641 stnttnvctn's
910 4586 981 4642 scit
1030 4578 1143 4636 Domini
1156 4580 1248 4634 nostri
1257 4581 1324 4635 Jesc
1337 4579 1452 4635 christi.
1466 4578 1580 4636 Obsecro
1589 4584 1684 4636 actem
1694 4596 1752 4640 cos.
1768 4584 1834 4653 tra·
1935 4569 1936 4606 l

181 4667 285 4720 emata.
299 4665 368 4722 sitis
378 4670 601 4740 intempersecst
611 4671 642 4726 ιη
653 4672 884 4746 eodgmsemu,es
895 4675 980 4732 mea.
1031 4671 1098 4722 trcs.
1114 4667 1262 4740 lineasque
1281 4668 1369 4724 bonos
1379 4667 1499 4725 laudavit
1517 4687 1523 4723 :
1539 4669 1587 4723 His
1610 4669 1726 4725 laudatis
1739 4669 1837 4725 invitat

182 4752 246 4808 dens
260 4753 392 4811 scicntia.
401 4756 599 4826 Sipnificotam
614 4764 656 4815 cst
670 4763 748 4816 anim
760 4760 832 4816 mihi
847 4762 879 4818 dc
895 4761 978 4832 nobis,
1029 4753 1107 4818 elios·
1119 4754 1155 4810 ad
1165 4756 1263 4811 horum
1272 4756 1368 4812 Simile·
1381 4756 1466 4826 Quasi
1476 4757 1548 4814 dimi
1560 4775 1567 4811 ²
1578 4757 1630 4812 Ριθ
1641 4757 1720 4813 b⁰¹¹i⁵
1729 4759 1834 4830 &³¹5³ss

180 4843 288 4914 fratres
299 4845 365 4909 mci,
377 4845 411 4900 ab
421 4844 464 4901 his
474 4848 522 4919 pai
541 4852 610 4903 sant
627 4848 733 4916 Chlocs,
745 4850 811 4922 qaia
823 4853 980 4910 contentio·
1030 4859 1093 4914 ιιι),
1105 4859 1154 4900 VOS
1169 4852 1271 4912 tillem,
1285 4845 1363 4912 alios,
1381 4861 1397 4900 ⁰
1412 4845 1520 4908 fraires·
1536 4846 1653 4903 Obsecro
1666 4863 1717 4918 par
1727 4865 1832 4904 ιιιιιῑιι
1935 4863 1936 4926 Ῑ

182 4946 232 4987 nes
247 4934 315 4987 sant
324 4933 402 4988 inter
412 4950 468 4990 cos.
477 4935 702 4994 Hocantsmdtco
711 4939 980 5016 qnodusmsqntsqne
1030 4933 1143 4988 Domini
1154 4936 1246 4990 nostri
1260 4937 1326 4991 Jcsn
1337 4933 1452 5002 Christi,
1464 4933 1490 4990 id
1505 4942 1548 4990 est
1562 4935 1585 4990 si
1599 4935 1681 4990 vultis
1696 4951 1760 4991 esse
1774 4937 1834 5006 ejus
1935 4927 1936 4930 ’

181 5023 307 5076 mmm
322 5022 392 5078 dicit
411 5042 420 5079 ,-
439 5025 495 5094 590
510 5026 621 5097 quadem
632 5043 696 5083 mm
706 5029 810 5098 paulu
825 5045 872 5102 ⁶9⁰
883 5033 980 5087 autem
1030 5037 1046 5076 a
1061 5038 1115 5094 quo
1130 5021 1307 5079 nominamini
1324 5023 1481 5091 Christiani,
1497 5029 1531 5081 at
1545 5025 1649 5081 dicatis
1663 5041 1762 5081 omnes
1776 5025 1834 5081 oris
1935 5021 1936 5030 ’

183 5109 305 5181 Apollo:
321 5125 369 5182 epo
385 5128 449 5169 vcro
464 5113 582 5187 Cephoe;
598 5121 752 5186 cponntem
769 5117 885 5175 chrima,
1030 5108 1221 5178 contessione;
1238 5118 1265 5167 et
1280 5111 1391 5168 interius
1405 5112 1530 5168 habeatis
1543 5113 1572 5167 in
1596 5113 1678 5169 corde
1697 5113 1833 5186 idipsum,

220 5198 332 5256 Gratia,
347 5216 408 5274 apo,
425 5209 479 5258 ero,
499 5203 549 5259 1150
563 5204 664 5278 gratias
679 5205 734 5280 agis
756 5206 791 5262 de
815 5207 894 5263 donis
920 5207 980 5264 1110.
1031 5200 1104 5272 qnod
1120 5199 1211 5256 dicunt
1226 5200 1359 5272 predicti,
1371 5205 1399 5258 ct
1412 5200 1832 5266 nonsintincohisschismata,

185 5299 246 5340 rum
261 5287 308 5359 qui
321 5287 385 5345 honi
400 5298 477 5346 erana
491 5291 562 5348 inter
576 5308 634 5348 eos,
652 5294 738 5350 1111113
755 5295 828 5352 enim
841 5296 921 5368 plebe
935 5297 981 5356 alii
1030 5289 1115 5348 idest
1134 5288 1283 5346 divisiones
1296 5307 1303 5360 ;
1319 5291 1368 5346 sed
1383 5292 1447 5348 sitis
1462 5291 1493 5350 in
1508 5291 1603 5348 codem
1622 5307 1727 5360 sensa,
1749 5291 1777 5346 id
1792 5297 1836 5347 εει

216 5454 255 5526 (ι)
275 5460 432 5524 hunnine,
446 5465 471 5516 in
483 5465 545 5532 psal.
559 5479 636 5520 xxxv.
