3882 6064
198 209 249 263 ³83
918 210 1213 270 rnrnrlottsunbr
1320 245 1324 256 ·
1383 258 1386 264 .
1799 225 1852 278 atil

232 331 420 395 putruerunt,
437 337 489 386 etc.
506 311 651 403 [Cassiod]
667 331 874 406 Secundopars,
890 333 937 390 ubi
951 342 993 389 est
1008 333 1157 408 Aimplate
1170 345 1212 394 est
1226 337 1397 396 illusionibus
1409 339 1562 397 diabolicis.
1599 343 1634 396 Et
1648 357 1698 412 per
1711 343 1764 398 boo
1778 343 1853 399 inte-

197 415 325 483 narretio,
341 416 369 472 in
384 434 437 490 que
451 427 646 474 enumerantur
658 419 787 476 miseriae.
806 420 889 490 Quasi
904 422 995 478 disat:
1048 424 1100 479 rim
1117 427 1198 482 :Non
1213 434 1254 482 est
1269 426 1372 484 sanitas
1386 411 1414 482 in
1432 444 1515 484 carne
1535 445 1607 496 mea,
1623 445 1704 502 quam
1719 429 1848 488 diabolus

195 504 355 576 Iniquitates
390 514 453 562 sunt
479 522 669 580 supergresso
695 516 775 579 caput
807 525 916 576 meum,
932 511 997 583 quie
1046 511 1150 586 aflligit,
1167 513 1236 570 sicut
1250 521 1277 570 et
1291 531 1383 586 snpra,
1399 532 1450 586 per
1471 517 1605 590 saggitas,
1627 532 1682 573 non
1697 524 1756 574 erat
1771 517 1798 572 in
1821 534 1853 574 εε

196 594 432 663 cicatricesmete,
449 593 504 666 [Gl.
522 594 582 666 int]
597 594 625 649 id
639 603 681 650 εει
702 596 791 667 plegae
810 606 994 668 peccalorum,
1046 601 1159 657 sanitas.

194 696 245 752 per
267 681 430 752 baptismum
461 690 562 739 senotae
589 687 840 756 computruerunt,
864 701 925 742 eum
938 687 995 756 jem
1082 690 1168 746 Vens.
1184 693 1227 748 tu.
1244 689 1401 748 -Ablictus
1415 708 1476 749 sum
1490 702 1518 748 ει
1533 693 1690 750 humiliatus
1710 709 1770 750 sum
1800 693 1846 749 ni-

194 776 308 840 peocato
324 769 422 825 iterum
430 770 599 826 consentitur
607 775 635 827 et
644 775 869 845 corruptorsunt,
885 774 948 830 dum
959 777 996 830 ad
1048 799 1059 826 ι
1077 778 1138 846 mis,
1156 778 1299 852 rugiebam
1314 795 1331 835 c
1345 781 1449 853 gemitu
1464 782 1557 840 cordis
1575 782 1666 838 mei.»

194 865 283 913 sotum
297 858 455 928 perducitur
479 859 548 928 (il).
562 859 596 913 Et
617 859 670 914 boo
693 867 779 914 totum
793 878 811 915 ε
825 864 899 932 serie
921 863 995 934 insi7
1081 867 1305 936 Affiietussum.
1330 868 1480 942 [Cassiod]
1502 870 1615 926 Duobus
1629 871 1777 943 premissis
1791 871 1848 927 duo

193 946 310 1017 pientiae
322 962 402 1012 meoe,
419 945 447 1001 id
461 953 504 1001 εει
521 962 571 1017 per
593 946 734 1003 stultitiam
747 963 845 1015 meum,
861 949 926 1021 quie
941 967 995 1006 non
1047 953 1146 1020 reddit,
1162 969 1217 1010 non
1231 962 1273 1010 εει
1286 955 1389 1012 sunites
1400 956 1428 1012 in
1443 973 1535 1024 carne,
1555 958 1620 1030 quia
1639 960 1766 1030 afflictus
1780 975 1846 1015 sum

194 1049 255 1088 sum
270 1050 336 1089 usus
351 1033 455 1089 viribus
478 1033 506 1088 in
527 1035 663 1105 baptismo
683 1034 818 1107 receptis:
830 1037 903 1109 quod
918 1038 994 1102 mihi,
1046 1052 1171 1108 corpora,
1182 1038 1273 1094 anima
1294 1039 1422 1111 impletur
1444 1040 1614 1096 illusionibus
1629 1045 1668 1108 et,
1684 1042 1712 1097 id
1726 1050 1767 1098 est
1781 1043 1846 1115 quia

194 1136 249 1176 non
258 1122 317 1176 Deo
331 1121 444 1192 imputo.
460 1123 496 1177 Et
509 1124 561 1177 hoc
576 1123 649 1178 idem
676 1125 750 1195 quod
771 1139 856 1196 supra
879 1125 993 1194 dixerut,
1046 1121 1215 1178 humilietur
1239 1139 1302 1178 sum
1317 1123 1419 1190 animo,
1430 1131 1459 1179 ut
1473 1124 1541 1180 nihil
1556 1125 1583 1179 in
1597 1141 1643 1180 me
1669 1125 1704 1180 sit
1726 1125 1845 1181 liberum

193 1209 289 1265 atacis
304 1217 483 1280 peccatorum
498 1226 634 1266 meorum.
664 1210 720 1282 [Gt.
731 1211 791 1266 εει
806 1212 902 1280 Alter,
919 1214 994 1270 ειεε-
1045 1224 1176 1279 ερεεει
1191 1211 1290 1281 ntmb,
1307 1211 1371 1282 quia
1380 1212 1500 1284 undique
1512 1221 1554 1268 est
1562 1213 1712 1270 calamus.
1724 1213 1773 1269 vel
1784 1214 1823 1270 its
1836 1233 1843 1270 :

193 1295 275 1352 trices
289 1313 367 1363 mete,
384 1298 427 1353 vel
441 1298 541 1353 livores
552 1298 616 1354 mei.
644 1299 705 1354 Alia
732 1299 833 1366 littera,
846 1299 994 1374 [Cassiod]
1045 1296 1180 1369 [G1.int.]
1202 1297 1382 1354 Contristetus
1408 1316 1467 1356 sum
1495 1308 1522 1358 ει
1548 1299 1663 1358 sillictus
1686 1317 1736 1372 per
1751 1302 1845 1373 poeni-

191 1384 273 1440 idest
288 1393 401 1455 peccata
415 1401 478 1442 mea
493 1391 740 1460 computruerunt,
757 1387 853 1460 [Aug]
868 1389 928 1444 aliis
943 1406 994 1460 per
1045 1385 1154 1442 tentiam
1182 1394 1208 1440 et
1230 1387 1387 1464 bumiliatus
1411 1405 1472 1443 snrn
1482 1388 1573 1455 nimis,
1588 1389 1738 1445 humilitate
1752 1390 1845 1460 pmni-

193 1471 358 1544 exemplum.
374 1473 410 1529 Et
422 1481 592 1545 putruerunt,
607 1474 660 1530 alie
674 1474 772 1530 littera.
783 1476 848 1530 llihi
859 1477 911 1548 ipsi
922 1485 996 1549 petet
1045 1473 1128 1542 tendi,
1144 1475 1289 1546 malebam
1303 1477 1437 1546 αιθιιιίἱιι
1450 1477 1543 1533 cord&
1558 1478 1626 1542 mei,
1644 1475 1775 1550 [Ᾱῐθῦίῡι]
1791 1494 1846 1550 ιιθ-

193 1561 323 1632 quianon
338 1568 380 1616 est
395 1561 445 1616 iste
471 1577 563 1628 sonus,
590 1562 655 1634 quie
668 1562 810 1619 cicatrices
824 1565 917 1635 habet,
935 1582 995 1637 quae
1044 1562 1126 1616 mlius
1140 1563 1232 1629 corde·
1244 1563 1350 1634 rugitus
1364 1579 1433 1620 ιῠῦθ
1448 1562 1507 1620 fieri
1527 1564 1607 1621 δΟῙθῑ·
1624 1565 1677 1620 Ῑὸῑθ
1691 1581 1756 1622 vero
1770 1567 1848 1638 rugii

193 1655 355 1719 putruerunt
368 1649 440 1715 aliis,
458 1657 484 1704 et
500 1647 585 1705 fetent
595 1650 658 1719 sibi,
675 1657 704 1704 ut
718 1651 752 1705 ab
767 1651 806 1706 eis
816 1653 907 1708 aversi
922 1653 992 1710 odo-
1007 1665 1061 1744 Ba
1076 1650 1188 1722 gemitu,
1204 1666 1259 1706 non
1277 1651 1306 1706 in
1320 1667 1398 1708 uoce.
1424 1653 1459 1708 Et
1478 1660 1519 1708 est
1541 1651 1694 1726 rugiebam,
1710 1652 1766 1725 [Gl.
1781 1653 1846 1726 int]

193 1751 282 1792 remus
306 1736 451 1791 Sabbatum
489 1745 623 1793 eternum
638 1745 664 1794 ει
688 1754 832 1810 gemamus
851 1746 993 1796 currentes
1045 1738 1074 1793 id
1089 1747 1131 1793 est
1145 1753 1206 1794 cum
1221 1753 1322 1810 magno
1337 1739 1473 1796 desiderio
1488 1740 1644 1812 querebam
1659 1741 1757 1797 animm
1771 1741 1845 1798 rele-

190 1840 251 1879 eum
267 1841 367 1895 sponse
382 1833 443 1896 post
457 1827 569 1881 odorem
588 1836 808 1900 unguentorum
825 1832 931 1901 eserie
945 1832 993 1886 tn·
1044 1826 1172 1882 ctionem.
1191 1825 1376 1899 [Cassiodlrl
1394 1827 1476 1882 simili
1490 1827 1578 1884 leonis
1602 1835 1629 1884 et
1642 1828 1756 1884 aliarum
1781 1829 1844 1885 bel·

191 1914 333 1985 sipientioe
352 1930 431 1981 ment,
447 1930 502 1970 non
525 1922 653 1971 mutetur.
1044 1913 1160 1980 lucrum,
1178 1913 1277 1985 quibus
1292 1923 1472 1986 secomparat
1483 1921 1512 1970 ut
1522 1913 1843 1989 fortiorostendaturge-

228 2001 312 2056 Vsus.
328 2004 355 2056 6.
371 2031 406 2043 -
417 2001 523 2058 «lliser
550 2002 639 2058 iactus
661 2019 722 2058 sum
746 2013 773 2059 et
787 2013 913 2061 curvatus
933 2023 992 2062 sum
1043 2001 1135 2058 mitus.
1150 2003 1184 2058 Et
1199 2002 1245 2058 ille
1258 2003 1367 2074 rugitus
1380 2009 1440 2059 erut
1454 2018 1470 2058 a
1484 2003 1596 2076 gemitu.
1608 2003 1681 2060 Eooe
1694 2003 1778 2058 virtus
1789 2019 1842 2074 pa-

193 2109 204 2136 ·
222 2103 309 2160 usque
323 2087 439 2144 inlinem
451 2108 458 2156 ;
470 2098 525 2145 tots
540 2091 768 2147 dieoontristntus
778 2092 990 2164 ingrediebar.»
1043 2089 1144 2144 tientiae
1168 2091 1319 2147 ostenditur
1346 2091 1418 2163 quud
1441 2091 1468 2146 in
1492 2090 1622 2162 gemitum
1645 2107 1700 2147 non
1715 2091 1743 2146 in
1757 2091 1843 2147 verba

229 2175 311 2234 Miser
324 2180 504 2248 foeturatum.
521 2178 652 2252 [dicuin]
671 2180 744 2234 Dixit
758 2180 876 2252 qualiter
890 2181 992 2254 iniqui·
1043 2177 1204 2249 prorumpit,
1237 2179 1271 2234 Et
1298 2186 1340 2234 est
1358 2195 1456 2234 sensus
1486 2195 1492 2232 :
1521 2177 1614 2251 [Aug]
1642 2179 1842 2236 Desidersbam

191 2273 261 2322 tates
288 2281 487 2340 supergressus,
517 2267 561 2323 hic
583 2267 648 2324 dicit
671 2270 808 2340 quomodo
823 2277 990 2343 aggravetis.
1044 2265 1191 2322 Sabbatum
1206 2274 1231 2322 ει
1244 2267 1410 2338 quaerebsm,
1430 2266 1503 2338 quod
1526 2266 1587 2338 quis
1602 2281 1658 2322 non
1671 2266 1840 2333 obtinebam,

190 2352 274 2421 Quasi
293 2354 366 2409 dieat
391 2372 397 2409 :
420 2354 489 2424 Quia
508 2362 689 2427 putruerunt,
706 2357 768 2413 ideo
791 2360 879 2414 miser
896 2361 991 2430 [netur
1042 2354 1197 2428 gemebam.
1214 2356 1247 2410 Et
1267 2354 1313 2411 ille
1327 2353 1446 2428 gemitus
1459 2361 1517 2409 erat
1544 2353 1637 2410 cordis
1660 2354 1723 2422 mei,
1739 2353 1839 2427 [Hier]

189 2459 262 2511 sum,
276 2441 371 2515 [bug]
384 2443 411 2498 id
426 2451 468 2500 est
482 2443 600 2499 miseriis
609 2443 721 2500 afflictus
733 2461 802 2512 sum,
820 2449 990 2503 eteoruatus
1042 2441 1069 2496 id
1085 2449 1126 2496 est
1141 2442 1262 2497 rationis.
1278 2443 1327 2498 Est
1342 2442 1414 2498 enim
1431 2441 1549 2514 gemitus
1570 2441 1660 2498 carnis
1678 2449 1705 2498 ει
1719 2442 1840 2516 gemitus

108 2517 113 2526 ’
189 2547 263 2597 sum,
279 2531 315 2586 ab
325 2530 455 2602 elatione,
468 2532 531 2604 quis
546 2533 635 2589 omnis
649 2533 694 2606 qui
709 2549 739 2590 se
754 2534 991 2600 exaltathumilis-
1042 2531 1151 2586 mentis.
1177 2529 1273 2586 Omnis
1303 2529 1420 2602 gemitus
1444 2530 1492 2601 qui
1525 2529 1559 2585 de
1583 2529 1762 2584 exterioribus
1785 2538 1838 2594 est,

188 2619 260 2674 bitur
274 2618 444 2691 (Lucrum),
463 2635 477 2674 a
492 2621 551 2676 Deo
574 2621 627 2677 iste
641 2621 799 2678 incurvatus
824 2630 875 2689 est,
891 2629 989 2679 utnon
1041 2617 1259 2690 ceruises13qui
1274 2633 1341 2674 vero
1351 2633 1402 2690 pro
1413 2616 1532 2672 Subbato
1548 2624 1599 2682 est,
1616 2617 1690 2689 quod
1704 2631 1768 2673 earo
1782 2633 1839 2674 non

187 2705 274 2776 possit
288 2721 318 2761 se
332 2707 448 2778 erigere,
475 2708 545 2763 siout
563 2723 645 2765 curva
662 2709 761 2765 mulier
775 2725 858 2782 quam
886 2710 990 2767 inuenit
1040 2706 1151 2773 obtinet,
1167 2705 1258 2762 cordis
1272 2714 1323 2762 est.

187 2793 319 2849 Dominus
335 2794 430 2850 desem
445 2804 472 2851 et
486 2803 548 2852 osto
563 2797 641 2851 annis
655 2812 777 2862 curvam,
789 2813 871 2870 quarn
886 2798 990 2854 inuenit
1076 2795 1161 2851 Vens.
1177 2798 1204 2850 9.
1220 2824 1255 2835 -
1271 2794 1420 2860 «Domine,
1437 2801 1500 2849 unte
1522 2801 1548 2849 te
1565 2809 1644 2849 omne
1672 2793 1839 2850 desiderium

187 2881 320 2937 Dominus
328 2883 423 2938 desem
438 2890 464 2938 et
479 2893 542 2940 neto
553 2884 632 2940 annis
646 2900 766 2952 curvam,
792 2901 873 2957 quam
887 2887 986 2942 erexit.
1042 2904 1053 2935 ι
1070 2898 1160 2938 meum
1173 2902 1180 2950 ;
1193 2890 1220 2938 ει
1242 2883 1360 2955 gemitus
1379 2898 1486 2937 meuse
1508 2890 1535 2938 ιε
1557 2888 1668 2938 nonest
1689 2882 1839 2938 abscondi·

187 2969 245 3036 Vel‚
262 2970 417 3028 incurvatus
432 2988 501 3041 sum,
516 2972 611 3046 [Aug]
626 2973 710 3030 idest
738 2974 853 3031 terrenis
868 2975 985 3031 deditus.
1039 2979 1092 3026 tus.
1108 2992 1118 3021 ι
1820 2987 1823 2994 ·

186 3060 263 3116 Unde
278 3068 306 3115 et
319 3061 402 3116 miser
417 3061 506 3118 iactus
520 3077 591 3132 sum,
603 3062 632 3117 id
642 3070 683 3119 est
691 3062 786 3119 tristis.
795 3063 878 3120 liliser
886 3063 985 3130 lactus,
1072 3061 1267 3118 Domioeonte
1283 3064 1319 3116 te.
1337 3059 1421 3129 Quasi
1434 3058 1505 3115 diost
1521 3078 1527 3114 :
1544 3059 1697 3134 Rugiebam
1707 3074 1724 3115 a
1734 3059 1838 3131 gemitu

188 3148 281 3205 etheo
295 3150 426 3222 usquein
449 3151 548 3219 finem,
567 3150 596 3206 id
610 3159 652 3206 est
670 3167 758 3223 usque
773 3151 801 3206 in
816 3160 942 3219 mortem,
959 3156 987 3209 et
1036 3148 1128 3205 cordis
1143 3149 1207 3217 mei,
1223 3147 1316 3222 [nug]
1333 3164 1415 3220 quern
1429 3148 1561 3221 gemitum
1575 3164 1630 3204 non
1654 3147 1728 3204 novit
1744 3149 1837 3205 homo.

188 3240 248 3293 tota
262 3237 318 3304 die,
333 3237 411 3294 idest
419 3245 473 3294 tota
483 3238 548 3304 rita,
565 3238 776 3312 scilicetjugiter
786 3242 985 3310 contristatus,
1037 3238 1102 3304 Sed,
1117 3254 1133 3294 o
1150 3239 1347 3303 limirensis
1358 3241 1385 3292 to
1397 3237 1443 3308 qui
1454 3236 1530 3292 vides
1544 3251 1600 3304 sor,
1613 3247 1654 3291 est
1668 3253 1750 3293 omne
1765 3238 1839 3293 desi-

188 3323 253 3396 quia
268 3325 380 3380 Sabbsti
394 3341 500 3382 mernor
515 3342 569 3398 quo
594 3327 741 3394 carebam3
755 3329 804 3383 sed
819 3343 874 3383 non
888 3329 987 3399 despe-
1036 3327 1148 3381 derium
1163 3341 1267 3382 mrum.
1288 3325 1318 3380 Si
1331 3324 1498 3381 desiderium
1514 3333 1555 3380 est
1573 3331 1637 3380 ante
1656 3326 1753 3394 Deum,
1770 3341 1838 3397 ergo

186 3427 248 3466 rans
264 3412 452 3484 inprediebor,
473 3413 516 3469 vel
541 3414 723 3482 ambulabam,
745 3415 893 3484 (Cassiod.)
914 3415 986 3472 viem
1036 3421 1063 3469 ει
1087 3412 1205 3486 gemitus
1235 3412 1354 3484 quicum
1368 3427 1401 3469 eo
1433 3421 1484 3469 est.
1514 3413 1687 3470 Desiderium
1716 3428 1782 3468 uero
1796 3422 1839 3469 est

187 3500 267 3569 hujus
282 3500 354 3556 vitre.
371 3499 552 3558 contristatus
576 3519 645 3572 sum,
662 3503 734 3568 ideo,
1036 3501 1123 3557 oratio
1137 3517 1189 3557 nee
1212 3517 1331 3573 unquam
1359 3501 1458 3557 desinit
1476 3517 1562 3570 orare,
1589 3500 1635 3573 qui
1654 3515 1709 3556 non
1737 3501 1838 3557 desinit

223 3597 307 3651 Vnus.
326 3599 369 3651 l3.
386 3625 420 3638 -
439 3617 449 3647 ι
465 3596 600 3666 Quoniam
628 3598 711 3654 lumbi
727 3599 781 3655 mei
809 3599 911 3670 impleti
923 3607 987 3656 sunt
1035 3589 1277 3646 annectentes
1296 3589 1370 3645 enim
1394 3605 1472 3645 amor
1493 3597 1543 3645 est.
1557 3587 1606 3644 Vel
1621 3589 1659 3644 ita
1675 3606 1682 3643 :
1698 3587 1755 3661 [Gl.
1775 3589 1836 3662 int]

190 3683 402 3752 «illusionibus;
419 3693 445 3741 et
461 3701 515 3742 non
531 3694 574 3742 εει
586 3687 690 3742 sanitas
706 3687 733 3743 in
757 3703 839 3744 carna
853 3703 950 3743 mea.»
1037 3676 1124 3733 Omne
1139 3677 1306 3734 desiderium
1326 3693 1427 3745 meum,
1443 3693 1460 3733 ⁰
1474 3676 1600 3745 Domine,
1617 3684 1659 3733 0⁵¹
1676 3683 1740 3732 ⁸1³0
1756 3683 1794 3744 ἴθι
1810 3676 1839 3732 id

221 3773 454 3842 Quoniamtumbt
461 3777 725 3848 mettmptettmnt,
737 3775 986 3850 (Auginum
1035 3765 1155 3822 estnihil
1166 3765 1294 3822 desidero
1313 3765 1366 3821 nisi
1395 3781 1457 3822 εεεε
1480 3773 1544 3821 εειε
1566 3773 1603 3821 ιε.
1620 3765 1654 3820 Et
1668 3771 1781 3820 estante
1796 3771 1834 3830 te,

184 3877 245 3918 men
259 3861 371 3934 impleta
386 3864 802 3937 esrtttmmtpm‚egquonjam
818 3882 877 3924 mm
890 3869 986 3922 03254.
1035 3871 1116 3910 omne
1138 3854 1307 3910 desiderium
1333 3871 1437 3923 meum,
1460 3852 1592 3926 [cision]
1606 3852 1635 3908 id
1659 3858 1701 3908 εει
1717 3851 1769 3909 tale
1794 3863 1837 3909 est

185 3953 264 4007 nitus
279 3952 408 4008 incarne
423 3968 494 4009 meo.
511 3952 591 4008 Etita
615 3961 729 4010 nonest
747 3953 983 4016 intotohomine,
1035 3943 1106 4015 quod
1121 3950 1241 3999 metetur
1255 3958 1318 3998 esse
1332 3950 1394 3998 ante
1415 3950 1451 4012 le,
1470 3941 1535 4014 quit
1544 3957 1595 4014 pro
1611 3940 1732 4012 pecudis
1741 3956 1833 4014 gemo·

183 4035 257 4090 unde
270 4035 307 4091 sit
318 4036 401 4108 plena
415 4036 515 4102 lustitia,
531 4037 620 4094 donec
634 4038 724 4093 anima
739 4045 851 4095 exuatur
875 4037 983 4093 illusio·
1034 4031 1069 4087 Et
1079 4031 1279 4104 ideo,pemitus
1293 4047 1373 4088 meus
1382 4047 1399 4086 ε
1409 4035 1447 4100 ιε,
1459 4030 1553 4104 [Aug.
1567 4027 1686 4101 illenim]
1698 4035 1723 4084 et
1732 4044 1789 4085 non
1799 4030 1835 4085 ab

184 4123 274 4189 nibus,
290 4130 317 4178 ει
330 4138 430 4194 eorpus
443 4123 571 4180 induatur
584 4125 709 4181 ssnitate.
730 4125 874 4182 illusiones
886 4125 984 4181 anime
1034 4119 1201 4186 bominibus,
1218 4136 1276 4176 nort
1291 4119 1534 4202 ministrabitur,
1546 4118 1594 4174 sed
1610 4115 1761 4186 exauditus,
1770 4116 1834 4188 quia

186 4209 381 4277 infinitmsunt,
397 4211 617 4284 quenliquando
630 4212 684 4270 'vix
698 4229 779 4270 orare
794 4214 894 4280 sinunt,
912 4214 983 4268 imn-
1034 4209 1094 4280 pius
1111 4217 1153 4264 est
1172 4223 1222 4280 pro
1244 4207 1404 4264 liberatione
1422 4207 1530 4273 enimse,
1560 4221 1615 4262 non
1630 4219 1681 4277 pro
1709 4206 1834 4272 terrenis,
1887 4241 1892 4250 ·

183 4298 262 4372 gines
277 4313 426 4370 corporum
438 4310 593 4366 occurrunt,
606 4308 632 4355 et
642 4301 741 4357 transis
751 4302 878 4358 dehscin
888 4301 982 4368 illam;
1032 4298 1080 4354 sed
1095 4313 1146 4369 pro
1161 4296 1328 4354 coelestibus.
1345 4297 1420 4351 Alios
1435 4295 1553 4367 gemitus
1567 4309 1623 4350 non
1638 4302 1712 4350 curat
1723 4294 1809 4350 Dens.

182 4392 256 4445 uenit
270 4386 383 4458 oblivio,
399 4387 555 4444 recorderis
569 4389 622 4444 boo
635 4403 685 4460 pro
696 4388 753 4446 illo.
768 4391 803 4445 Ει
815 4390 981 4459 hujusmodi.
998 4403 1024 4464 D
1069 4387 1152 4442 Vens.
1170 4387 1213 4440 lb.
1232 4416 1266 4426 -
1283 4405 1294 4436 a
1319 4385 1373 4440 Cor
1395 4400 1485 4440 meum
1508 4383 1699 4440 conturbatum
1722 4389 1774 4449 est,
1786 4383 1834 4438 de-

182 4477 230 4534 lire
255 4476 391 4548 pellentur
417 4492 478 4533 oum
512 4476 666 4533 ridebimus
693 4477 834 4534 veritatem
872 4485 902 4533 ει
924 4486 978 4534 εει.
1035 4473 1174 4546 «reliquit
1187 4489 1232 4529 me
1250 4473 1336 4530 virtus
1351 4488 1422 4540 mee,
1439 4471 1566 4529 etlumen
1594 4470 1737 4527 oculorum
1750 4486 1830 4527 meo-

181 4565 260 4622 Unde
287 4563 434 4636 Apostolus
460 4583 467 4619 ε
496 4566 562 4634 Quis
590 4582 636 4622 me
663 4566 795 4622 liberabit
822 4566 983 4640 decerpere
1036 4579 1134 4632 rrum,
1150 4571 1177 4620 ει
1195 4561 1286 4634 ipsum
1300 4577 1356 4618 non
1369 4569 1410 4618 est
1428 4577 1565 4620 memma

181 4655 282 4711 stertis
296 4653 403 4725 buJ'ust
426 4655 519 4721 (Rern.
547 4657 612 4722 vu.)
633 4655 732 4711 Gratia
760 4656 820 4713 ltei.
849 4655 898 4710 Vel
926 4656 981 4710 ita:
1070 4652 1122 4708 Cer
1134 4667 1239 4708 mum.
1251 4649 1300 4706 llic
1313 4650 1425 4722 exponit
1438 4649 1546 4707 dolores
1561 4651 1653 4708 enimi.
1672 4655 1724 4712 Cor
1737 4671 1831 4712 meum

182 4742 281 4812 illies,
291 4739 335 4796 Gl.
349 4740 412 4811 int.)
426 4750 455 4796 ει
473 4758 522 4813 per
549 4741 658 4798 lumbos
672 4742 839 4815 accipiamus
863 4744 982 4800 carnali·
1033 4740 1233 4798 conturbatum
1244 4743 1285 4794 est
1295 4739 1327 4794 in
1340 4755 1395 4794 me.
1412 4737 1557 4811 [Cassiod]
1569 4737 1654 4807 Quasi
1662 4741 1733 4798 dicet
1745 4758 1752 4798 :
1765 4743 1830 4800 lude

181 4837 273 4900 telem,
289 4829 317 4885 id
327 4838 370 4885 est
385 4830 602 4899 sensualitatem,
618 4848 679 4904 quse
693 4846 710 4890 a
724 4831 836 4888 diabolo
850 4831 981 4906 fatigatur
1032 4828 1111 4885 dolor
1124 4836 1151 4884 ει
1158 4827 1351 4900 gemitusque
1363 4843 1412 4883 cor
1424 4843 1519 4884 meum
1529 4829 1731 4886 conturbatum
1739 4835 1782 4888 est
1798 4833 1828 4887 ira

179 4927 207 4977 et
227 4935 328 4992 corpus
357 4917 496 4992 adligitur.
514 4917 599 4989 Quasi
624 4919 696 4976 dicet
713 4938 720 4974 :
736 4921 798 4976 Non
814 4920 903 4977 solum
917 4937 980 4976 mea
1030 4934 1084 4974 me.
1100 4914 1195 4989 [bug]
1210 4917 1298 4972 Pavor
1320 4915 1440 4987 undique
1464 4914 1593 4971 incutitur
1616 4925 1644 4972 et
1657 4917 1825 4976 sollicitudo.

178 5007 333 5064 infirmitate
356 5020 451 5078 pecco,
477 5008 527 5062 sed
550 5014 577 5062 et
590 5007 712 5076 diabolo,
728 5007 878 5078 (Cassiod.)
895 5008 922 5065 id
939 5017 980 5064 est
1030 5007 1063 5062 lit
1078 5006 1131 5062 hoo
1154 5005 1226 5074 ideo,
1243 5003 1305 5077 quio
1329 5004 1479 5077 dereliquit
1495 5019 1540 5061 me
1554 5006 1646 5062 uirtus
1659 5022 1732 5075 meo,
1749 5025 1829 5081 quem

180 5111 231 5166 per
244 5094 393 5164 diabolum,
411 5094 457 5168 qui
478 5109 578 5168 corpus
602 5095 697 5171 sllligit
711 5106 739 5152 et
752 5096 871 5152 animam
886 5095 982 5169 latignt
1033 5093 1116 5149 habui
1137 5101 1200 5149 ante
1214 5099 1368 5164 peccatum.
1389 5092 1419 5146 Si
1433 5092 1518 5148 uirtus
1532 5092 1579 5148 illa
1591 5094 1746 5162 mansisset,
1763 5097 1830 5152 nibil

184 5183 266 5238 variis
299 5183 552 5257 imaginationibus.
605 5185 640 5240 Et
681 5186 733 5241 boo
770 5194 812 5241 est
852 5185 982 5258 quoniam
1033 5190 1155 5238 terreret.
1176 5181 1232 5237 Cur
1246 5189 1273 5237 et
1286 5181 1345 5237 baec
1365 5180 1449 5237 virtus
1470 5179 1577 5252 reliquit
1590 5183 1603 5237 ι
1617 5181 1785 5257 [Aug.]quia
1800 5191 1828 5241 ot

182 5269 266 5324 lumbi
278 5271 341 5337 mei,
363 5273 406 5328 vel
428 5272 516 5328 anime
540 5288 609 5343 mea,
638 5274 721 5347 idest
748 5273 895 5330 carnalitas
910 5289 981 5341 mea,
1033 5274 1127 5344 ipsum
1143 5271 1239 5326 lunser
1253 5272 1533 5328 oculorummeorum
1543 5287 1601 5328 non
1614 5275 1787 5338 estmeeum,
1802 5273 1830 5329 id

214 5451 266 5516 (rt)
276 5450 313 5502 Rs
325 5450 399 5514 Greg.
413 5449 437 5501 in
455 5453 605 5516 expositione
616 5458 708 5517 septem
721 5453 881 5516 psalmorum.
