3930 6066
147 247 197 301 ott

583 244 863 304 commentantem
880 245 917 301 IN
932 245 1099 304 rsatuos.
1116 276 1151 290 -
1166 248 1261 304 esst.
1274 249 1345 306 txt.
1738 253 1771 306 tt

145 377 287 424 [eternum.
302 369 336 424 Et
349 369 413 436 hoc,
428 377 490 424 ante
504 368 597 432 lunam
611 367 797 442 generationis
812 375 839 424 ει
854 383 941 440 geue·
956 369 1055 442 Aquas
1069 370 1128 440 ipse
1142 368 1234 424 oriens
1248 369 1347 436 attulit,
1371 385 1431 442 quae
1453 372 1576 442 germina
1597 372 1632 427 de
1642 372 1788 428 stillicidiis

146 454 292 521 rationum,
308 455 372 527 quia
390 455 450 525 ipse
474 462 515 510 εει
538 453 736 526 primogenitus
758 469 793 510 ex
817 454 942 521 mortuis,

145 541 306 612 praecedens
341 541 506 609 Ecclesiam,
538 541 699 598 decessione
729 549 756 597 et
786 541 944 598 accessione

145 628 286 684 hominum
300 637 494 685 transeuntem.
513 628 561 684 Vel
574 627 714 702 generatio
736 629 944 702 generationum

144 715 255 781 dieitur,
270 717 412 788 generatio
427 715 526 783 lutura,
544 716 606 788 quia
621 716 808 772 immortaliter
826 731 943 790 genera-

145 803 245 860 bimur.
261 804 297 858 Et
309 813 352 860 est
365 803 458 858 lunam
477 803 548 869 dico,
575 803 761 878 generationis
784 803 943 877 generatio·

144 907 224 956 num,
233 890 260 946 id
275 898 317 946 est
331 907 392 963 quae
404 890 593 946 immortaliter
607 890 791 963 generabitur,
809 891 836 945 iu
859 907 942 964 rege-

145 977 295 1033 neratione.
311 977 360 1033 Vel
377 979 525 1034 secundum
546 977 627 1033 aliam
648 977 766 1032 litteram
791 978 851 1034 sic:
878 979 943 1034 Per·

145 1065 266 1120 manebit
279 1065 311 1120 in
322 1066 534 1137 concretionem
549 1069 577 1122 et
592 1065 824 1136 concretionem
847 1066 890 1121 vel
911 1067 943 1120 tn

143 1153 283 1208 secutum
296 1151 477 1219 resecaret,
504 1154 535 1208 tn
557 1151 754 1224 generationes
777 1153 941 1223 generatio-

144 1255 225 1306 nem,
243 1239 271 1294 id
285 1247 327 1294 est
341 1239 400 1296 sine
415 1238 477 1294 line.
493 1238 529 1294 Et
543 1246 585 1294 est
600 1237 737 1310 expositio
751 1238 939 1310 praecedentis.

179 1379 262 1434 Pras.
280 1393 319 1433 111.
335 1379 423 1434 Vens.
443 1383 468 1434 6.
484 1409 519 1419 -
536 1400 547 1428 ι
564 1379 719 1434 Descendat
733 1377 802 1434 sicut
812 1377 903 1449 pluvia
913 1378 941 1434 iu

140 1489 152 1512 ι
175 1465 274 1532 vallus,
299 1476 326 1522 et
349 1465 416 1521 sicut
441 1464 578 1522 stillicidia
601 1465 726 1521 stillantia
759 1481 842 1536 super
880 1473 938 1520 ter·

145 1577 156 1599 u
180 1567 252 1608 ram.
276 1574 286 1602 ι

995 457 1169 526 pullularunt,
1186 457 1280 513 dicens
1296 473 1303 512 :

1030 562 1115 618 Vens.
1131 563 1158 616 7.
1184 583 1247 612 -ι
1271 560 1381 618 Orietur
1404 559 1431 616 iu
1463 561 1559 617 diebus
1590 564 1648 632 ejus
1683 563 1787 633 justitia

997 672 1008 697 r
1029 657 1057 705 at
1070 649 1236 704 abundantia
1250 649 1336 720 pacis,
1353 647 1441 704 donec
1455 647 1594 705 auferatur
1607 651 1679 705 luna.
1706 673 1716 698 ε

1031 738 1145 794 Orietur
1155 739 1185 793 tn
1196 735 1292 792 diebus
1302 739 1362 808 ejus
1373 737 1522 807 justitient
1537 737 1715 793 ebundeutre
1732 755 1787 808 po-

993 825 1043 891 cis,
1053 825 1299 895 donecouscretur
1309 825 1378 880 lone
1388 831 1480 878 utnon
1491 822 1535 891 sit,
1545 823 1638 896 [hug]
1648 824 1674 877 id
1685 833 1727 879 cst
1736 839 1789 894 pax

993 910 1045 966 erit
1059 911 1147 968 donec
1163 920 1249 966 morte
1261 911 1410 976 destructa,
1422 911 1479 978 jam
1494 926 1549 965 non
1563 911 1598 964 sit
1612 911 1701 965 carnis
1716 926 1789 966 mor·

993 998 1169 1070 tellusque
1188 1014 1237 1068 per
1259 997 1349 1052 lunam
1376 995 1551 1068 significatur,
1575 1007 1602 1053 ει
1623 1013 1675 1068 per
1697 998 1789 1052 lunam

993 1083 1161 1158 significatur
1175 1085 1309 1150 Ecclesia,
1326 1093 1352 1139 ει
1366 1085 1466 1158 legitur
1487 1084 1540 1139 alia
1563 1085 1660 1155 littera,
1686 1085 1789 1142 seilicet

993 1174 1161 1239 extolletur,
1176 1171 1222 1227 alii
1244 1171 1315 1227 euim
1337 1171 1502 1243 interpretati
1526 1179 1598 1239 sunt,
1626 1174 1786 1243 auferetur,

995 1260 1040 1314 alii
1055 1276 1118 1316 vero
1134 1261 1301 1317 extolletur.
1318 1260 1353 1314 Et
1367 1269 1417 1328 est,
1435 1260 1523 1315 donec
1537 1260 1695 1315 extolletur
1706 1259 1785 1324 tuno,

993 1347 1020 1402 id
1048 1357 1090 1402 εει
1111 1348 1237 1404 Ecclesia
1260 1347 1382 1403 elevatur
1397 1363 1447 1419 per
1472 1347 1586 1419 gloriam
1610 1345 1787 1402 resurrectio-

992 1436 1044 1490 uis.

1029 1542 1113 1596 Vane.
1130 1544 1156 1594 8.
1173 1562 1235 1590 -ι
1260 1541 1294 1596 ιιι
1317 1539 1532 1595 dominabitura
1555 1539 1621 1592 mari
1643 1553 1728 1609 usque
1752 1539 1787 1593 ad

1012 1651 1022 1675 u
1040 1643 1114 1683 mare
1125 1645 1133 1694 ;
1144 1635 1198 1683 ata
1214 1627 1324 1682 humine
1338 1643 1425 1699 usquc
1439 1627 1473 1682 ad
1488 1625 1617 1683 terminos
1631 1625 1705 1680 orbis
1728 1633 1786 1681 tor·

178 1692 343 1751 descendet.
360 1692 505 1764 [Cassiod.,
518 1692 563 1748 Gl.
575 1692 636 1765 int]
654 1693 745 1750 tertia
769 1707 841 1764 pars.
862 1694 979 1765 ¹Eccess
1011 1735 1022 1764 ,
1039 1730 1141 1770 mum,
1161 1735 1172 1764 ,

141 1782 205 1854 quis
220 1789 247 1836 et
261 1781 347 1852 qualis
362 1780 397 1835 sit
410 1797 459 1836 rex
472 1779 519 1836 ille
534 1781 579 1852 qui
599 1780 770 1848 judicaturus
790 1787 840 1847 εει,
867 1781 944 1851 quasi

141 1868 215 1924 dicat
230 1885 237 1922 :
254 1866 397 1935 Quomodo
411 1867 522 1938 incipiet
545 1868 597 1923 hoc
620 1882 736 1938 regnum
752 1868 853 1924 tEcce
874 1867 944 1924 inci-

142 1955 232 2026 pieto
255 1954 367 2022 Judaeis,
389 1962 415 2009 et
438 1954 670 2010 consummabitur
694 1953 882 2026 ingentibus.
909 1955 944 2010 Et

140 2044 196 2098 boc
214 2049 257 2097 est
275 2041 424 2099 descendet
441 2042 514 2098 sicut
532 2042 630 2113 pluvie
656 2043 688 2096 tn
709 2043 808 2098 celtes.
840 2041 943 2097 alludit
1022 2081 1033 2135 i
1074 2082 1113 2136 Η
1271 2079 1342 2134 ..d
1401 2087 1410 2133 t
1533 2077 1644 2133 l'btti
1708 2085 1717 2132 t

141 2128 458 2201 annuentemque
476 2129 505 2184 tn
523 2128 593 2185 libro
608 2129 736 2185 tunicum
753 2128 864 2202 reatus,
896 2129 943 2200 qut
992 2098 1021 2137 ”¹
1035 2097 1073 2136 '²⁶‘
1090 2097 1099 2134 ²
1115 2097 1150 2136 Ψ
1168 2097 1185 2136 ⁰
1202 2097 1321 2144 maer
1369 2095 1399 2135 ⁰⁸
1436 2093 1588 2150 ⁸q¹¹⁰¹⁰
1645 2093 1680 2134 ¹¹⁶
1719 2093 1788 2132 erra

140 2224 314 2288 pugnaturus
323 2223 420 2272 contra
427 2215 587 2270 lladianitas
596 2215 817 2286 petiituDomino
824 2215 942 2272 victoriae

141 2306 254 2377 signum
268 2303 333 2372 tale,
349 2310 378 2358 ut
392 2303 481 2360 vellus
503 2303 563 2360 ovis
585 2303 613 2357 in
637 2318 701 2359 area
723 2304 841 2373 positum
864 2318 940 2358 com-

138 2391 283 2463 plueretur
297 2405 364 2446 area
377 2398 535 2446 remanente
547 2389 619 2446 sicca
632 2408 639 2456 ;
654 2397 681 2446 et
704 2390 742 2445 ita
764 2389 864 2446 lactum
888 2398 938 2446 est.

138 2481 238 2534 Postea
254 2477 338 2548 petiit,
356 2485 386 2532 ut
409 2492 472 2532 area
495 2476 657 2549 irrigaretur
680 2477 754 2532 sicco
775 2475 886 2544 vellere,
914 2485 941 2533 et

138 2567 177 2622 ita
192 2565 243 2621 tuit
254 2565 358 2636 (ludu.
374 2566 425 2634 vr).
442 2565 472 2619 ln
486 2579 541 2634 quo
558 2562 672 2635 mystice
687 2562 867 2637 significatum
888 2572 938 2635 εει,

138 2653 214 2725 quod
237 2652 355 2724 populus
375 2652 532 2708 ludaeorum
555 2651 630 2722 prius
653 2650 823 2724 irrogaretur
853 2651 940 2723 gratia

138 2740 252 2806 Christi,
268 2739 415 2796 siccearea
438 2738 615 2812 gentilitatis3
630 2745 657 2793 ει
679 2747 773 2809 postea
796 2739 937 2810 complue-

138 2836 216 2884 retur
229 2827 378 2901 gentilitas,
394 2825 467 2882 sicco
482 2825 582 2882 vellere
596 2825 762 2882 tudaeorum.
778 2826 832 2881 Par
851 2825 938 2882 vellus

137 2915 214 2971 enim
234 2914 329 2969 iudaea
362 2913 502 2984 accipitur,
527 2929 588 2984 quae
619 2912 777 2970 auctoritate
808 2912 938 2969 doctriua

137 3001 320 3074 exspolianda
334 3007 403 3067 erat,
421 2999 521 3056 utonis
544 2998 654 3056 vellere.
679 2999 729 3056 Vel
750 3000 814 3072 quia
837 2999 937 3070 pluviae

137 3088 291 3146 doctrinam
306 3087 452 3152 demebat,
472 3102 552 3159 quam
575 3086 684 3142 nolebat
704 3086 847 3157 praedicari
869 3103 937 3159 gen-

135 3177 222 3243 tibus,
237 3183 267 3231 ut
281 3174 368 3231 vellus
382 3173 483 3229 detinet
496 3173 625 3245 pluviam.
640 3172 684 3228 sit
704 3189 772 3246 crgo
794 3170 843 3230 rex
865 3173 911 3230 ille
928 3191 934 3230 :

136 3265 215 3320 Prius
229 3262 417 3319 descendetis
431 3261 519 3318 vellus
535 3261 604 3318 sicut
616 3259 722 3332 pluvia,
736 3259 764 3315 id
779 3269 830 3327 cst,
846 3262 937 3334 gratia

135 3350 249 3416 Christi,
279 3349 428 3404 descendet
456 3347 532 3419 prius
556 3347 584 3401 in
608 3347 738 3418 populum
768 3347 934 3403 tensorum.

135 3437 217 3494 Unde
240 3443 356 3491 matrem
378 3435 478 3491 sibiet
503 3434 640 3505 apostolos
662 3434 754 3507 elegit,
781 3435 852 3491 sicca
870 3450 937 3491 area

134 3525 218 3580 totius
232 3523 318 3592 orbis,
336 3523 404 3579 sicut
425 3521 514 3594 pluvia
537 3521 614 3592 prius
637 3522 778 3578 descendit
802 3523 830 3576 in
850 3521 937 3578 vallus

1030 1822 1066 1876 Et
1086 1820 1279 1876 dominabitur
1298 1818 1442 1890 [Cassiod.
1461 1821 1543 1890 Aug,
1567 1817 1704 1889 Cassiod]
1736 1817 1787 1872 llic

993 1905 1110 1962 ostendit
1125 1922 1184 1978 quae
1198 1905 1233 1960 ειι
1247 1905 1396 1977 amplitudo
1411 1904 1499 1977 regni.
1517 1903 1602 1974 Quasi
1623 1903 1694 1960 dicat
1710 1918 1717 1958 ε
1744 1903 1789 1958 Sic

992 1993 1057 2048 utile
1072 2001 1113 2048 est
1127 2009 1252 2065 reguum,
1269 2001 1295 2048 et
1310 1992 1349 2048 sic
1363 1992 1455 2058 latum,
1472 1995 1510 2060 cl,
1526 1991 1553 2045 id
1576 1998 1626 2058 εει,
1652 1989 1716 2062 εειε
1737 1989 1788 2046 do·

991 2183 1078 2240 usquc
1095 2185 1112 2223 e
1127 2183 1215 2233 merc,
1238 2167 1265 2222 id
1294 2175 1336 2223 est
1362 2166 1396 2220 ad
1425 2165 1573 2237 quemlibet
1600 2164 1682 2220 finem
1711 2172 1788 2220 terrae

990 2252 1165 2322 diffundetur,
1177 2261 1233 2308 tam
1240 2253 1293 2310 late
1303 2251 1598 2320 dilatabiturEcclesie,
1606 2259 1632 2306 et
1641 2269 1659 2308 o
1669 2251 1787 2320 flumine

989 2341 1107 2395 Jordane
1122 2339 1313 2404 dominabitur,
1330 2339 1377 2394 ubi
1393 2355 1443 2394 vox
1458 2339 1544 2393 Patris
1559 2353 1640 2408 super
1649 2336 1786 2394 Christum
1805 2343 1810 2348 “

989 2426 1109 2483 ιεεοεειι
1120 2445 1126 2481 :
1139 2430 1187 2483 llic
1199 2432 1240 2483 ert
1253 2428 1341 2482 Filius
1359 2443 1438 2482 mena
1458 2426 1578 2482 dilectus
1598 2424 1708 2496 (hetta.
1731 2425 1783 2492 m).

992 2516 1058 2570 lude
1074 2530 1142 2588 ergo
1155 2515 1275 2570 doctrina
1289 2515 1348 2585 ejus
1361 2513 1453 2584 coepit,
1468 2513 1531 2568 inde
1556 2511 1704 2568 auctoritas
1724 2511 1783 2565 lla-

989 2603 1068 2676 gistri
1085 2602 1306 2674 dilatatururqec
1320 2601 1356 2656 od
1371 2603 1507 2657 terminos
1532 2601 1605 2657 ortis
1630 2603 1783 2661 terrerum,

988 2690 1136 2762 praedicato
1162 2689 1311 2762 Evangelio
1336 2687 1413 2762 regni
1441 2686 1549 2743 Christi.
1589 2685 1654 2740 lnde
1689 2684 1784 2757 regula

989 2776 1117 2848 baptismi
1132 2793 1180 2848 per
1194 2783 1279 2832 totum
1308 2775 1438 2830 muudum
1465 2774 1593 2829 manavit.
1624 2770 1688 2827 luds
1718 2786 1785 2843 crgo

988 2863 1171 2919 dominabitur
1202 2863 1348 2935 usquead
1372 2861 1503 2917 terminos
1533 2860 1608 2916 orbis
1638 2867 1781 2925 terrarum,

988 2952 1198 3022 circumquaque
1211 2950 1264 3006 hcc
1279 2957 1321 3004 est
1335 2949 1408 3019 quod
1421 2948 1496 3019 prius
1505 2947 1580 3014 dixit,
1592 2945 1783 3016 amariusque

952 3037 1024 3102 Cad
1037 3053 1122 3093 mars.
1139 3037 1207 3092 Nota
1223 3035 1285 3107 quia
1300 3035 1393 3106 paucis
1407 3035 1499 3090 verbis
1513 3047 1613 3106 magua
1636 3033 1715 3087 docet
1739 3047 1783 3086 sa·

987 3133 1134 3182 crementa.

1027 3228 1144 3287 155
1155 3229 1239 3283 Vnus.
1250 3231 1276 3282 9.
1288 3257 1323 3268 -
1334 3249 1345 3278 ι
1356 3226 1453 3283 Coram
1463 3225 1511 3280 illo
1521 3225 1660 3296 procident
1675 3222 1780 3278 Ethio-

1008 3339 1019 3366 ι
1036 3333 1085 3388 pes
1103 3335 1109 3370 ε
1125 3324 1152 3371 ει
1166 3315 1267 3371 inimici
1283 3316 1340 3384 ejus
1354 3321 1452 3370 terram
1468 3313 1581 3384 lingent.
1605 3335 1610 3358 ι

1025 3419 1326 3492 Coremtllo[G1.int.,
1345 3421 1426 3492 Aug,
1442 3417 1577 3483 Cassiod,
1596 3415 1677 3488 Aug]
1702 3413 1781 3482 Quod

987 3507 1177 3564 universaliter
1191 3507 1306 3575 dixerat,
1323 3522 1373 3577 per
1394 3513 1487 3577 partes
1510 3503 1637 3569 ostendit,
1662 3501 1779 3558 dicens:

135 3611 290 3668 Gedeouis.
316 3611 350 3665 Et
372 3617 467 3682 postea
505 3609 672 3666 descendent
693 3609 769 3665 amnt
789 3610 937 3666 snlttcma
989 3598 1088 3653 Coram
1103 3598 1153 3652 iilo
1167 3595 1314 3668 procident
1328 3595 1479 3666 AEthtopcs,
1496 3593 1574 3648 idest
1589 3591 1664 3645 illurn
1680 3590 1780 3645 edora-

75 3727 77 3732 -
134 3701 285 3756 ,eumuna
298 3713 384 3769 ‚aper
400 3701 517 3762 terram,
533 3697 619 3752 idest
634 3711 717 3767 super
739 3703 839 3770 gentes
864 3696 937 3752 55000
987 3684 1053 3739 bunt
1067 3683 1215 3753 AEthiopcs,
1234 3683 1354 3752 quisunt
1377 3681 1404 3734 in
1429 3679 1527 3734 finibus
1550 3687 1639 3742 terrm,
1656 3685 1682 3731 et
1695 3682 1780 3731 teter-

133 3787 239 3843 vellere
253 3785 421 3851 Judaeorum,
438 3785 506 3840 sicut
521 3793 615 3855 postea
635 3782 685 3838 luit
708 3783 846 3854 compluta
872 3798 937 3838 area
987 3771 1058 3835 timi,
1074 3770 1101 3825 id
1116 3778 1157 3825 ⁰⁵1
1172 3776 1277 3840 gemis,
1293 3783 1310 3822 ⁸
1324 3775 1401 3838 Parte
1415 3773 1519 3832 ῑθιιιῐῃὶ
1535 3770 1562 3821 ⁶²
1577 3765 1689 3820 inimici
1709 3766 1779 3858 eju.

134 3873 278 3930 Gedeonis
293 3873 366 3928 sicco
381 3871 489 3928 uellere.
506 3872 579 3928 Ecce
601 3871 673 3926 unde
697 3871 817 3941 incipiet,
842 3879 869 3925 et
890 3871 937 3925 ubi
987 3856 1089 3913 scilicet
1103 3856 1257 3928 pertinaces
1276 3853 1451 3922 schismatici,
1477 3852 1523 3924 qui
1546 3850 1667 3906 invident
1688 3849 1783 3921 glcmae

133 3959 371 4017 consummabitur
385 3974 501 4031 reguum
525 3967 552 4015 ει
578 3957 645 4013 illud
673 3972 789 4029 regnum
819 3957 859 4013 sic
888 3957 937 4012 erit
990 3943 1101 4009 Christi,
1130 3945 1222 4016 legent
1244 3947 1361 4007 terrem,
1386 3943 1413 3995 in
1437 3939 1546 3996 modum
1568 3936 1712 4008 serpentis,
1739 3936 1783 3991 cui

135 4049 212 4116 urile,
229 4047 296 4119 quia
310 4047 423 4116 orietur,
447 4053 500 4104 etc,
525 4045 580 4118 [6],
605 4045 666 4111 ina„
691 4044 826 4112 Cassiod„
851 4043 937 4116 nien]
986 4031 1086 4089 dictum
1102 4038 1144 4087 εει
1159 4047 1165 4084 :
1181 4031 1294 4086 Terram
1308 4027 1520 4098 comedesffien.
1533 4025 1585 4096 nr),
1601 4025 1628 4078 id
1643 4031 1694 4120 est,
1707 4035 1782 4078 ama·

134 4135 186 4191 Vel
199 4135 237 4190 ita
250 4143 280 4190 et
293 4133 350 4205 agit
364 4134 398 4189 da
413 4133 550 4188 nativitate
565 4132 665 4188 Christi
680 4132 726 4203 qui
745 4139 809 4188 aute
832 4131 938 4187 dixerat
995 4119 1061 4172 bum
1079 4125 1200 4186 terrena,
1225 4133 1286 4188 qua
1310 4124 1371 4170 δῦθι
1393 4129 1488 4170 mlum
1513 4129 1575 4168 0⁸⁰³
1595 4110 1720 4182 Poessflhss·
1744 4110 1784 4164 ve

133 4219 502 4290 defuturojudj010‚ngsj
525 4220 619 4276 dicat:
645 4219 767 4275 christus
790 4219 817 4273 in
842 4217 932 4274 futuro
986 4206 1090 4279 lingent
1105 4213 1212 4273 terram,
1236 4203 1323 4259 idest
1347 4201 1535 4258 schismaticos
1560 4199 1683 4255 homines
1707 4213 1783 4252 ama-

130 4309 277 4380 judicabit,
293 4315 320 4364 et
334 4309 408 4379 prius
422 4308 451 4361 io
473 4305 625 4362 humilitate
650 4313 676 4362 et
696 4306 806 4362 leuitate
828 4320 936 4360 summa
987 4293 1062 4358 bunt,
1079 4302 1105 4348 et
1124 4307 1222 4347 suaves
1240 4291 1386 4356 habebunt,
1413 4290 1511 4362 quibus
1537 4285 1691 4343 auctoribus
1715 4299 1782 4340 con-

131 4399 236 4454 veniet.
252 4397 288 4452 Et
301 4397 353 4452 hoc
367 4403 409 4450 est
426 4413 433 4449 :
450 4393 603 4450 descendet
617 4393 644 4448 iu
668 4401 778 4449 uterum
802 4393 934 4466 Virginis,
949 4371 1119 4437 Diffidifflssl
1133 4379 1232 4436 divinis
1246 4377 1361 4450 eloVuis·

132 4484 356 4558 coeptavere
372 4482 471 4538 celtus.
488 4481 611 4536 Christus
625 4479 698 4536 anun
712 4495 792 4551 quem
807 4480 935 4535 nihiluti·
1023 4485 1107 4540 Vens.
1124 4487 1166 4539 to.
1183 4505 1243 4534 -r
1260 4483 1352 4556 Reges
1365 4480 1477 4537 Tharais
1501 4489 1528 4535 ct
1549 4482 1643 4538 insulse
1667 4498 1778 4540 mernere

131 4589 188 4646 que
203 4571 340 4627 sustinere
352 4577 455 4640 posset,
472 4569 495 4624 si
517 4567 598 4624 vellet
612 4567 783 4623 manilestela
804 4574 936 4638 potestate
1006 4593 1017 4622 ι
1035 4571 1167 4636 offerent;
1182 4587 1263 4642 reges
1278 4569 1395 4625 Arabum
1409 4577 1435 4623 et
1445 4567 1518 4624 Sabe
1528 4568 1598 4623 dona
1608 4569 1751 4627 adducunt.
1767 4592 1778 4621 s

131 4658 276 4732 cognosci,
307 4655 392 4713 voluit
420 4655 516 4712 leniter
542 4654 571 4709 in
598 4662 705 4710 uterum
733 4653 853 4726 Virginis
877 4654 936 4710 siue
1022 4661 1105 4732 lteqes
1130 4660 1251 4715 Pheraia
1277 4655 1422 4730 [Cassiod.,
1443 4657 1524 4728 hug„
1551 4655 1668 4724 alcuin,
1692 4659 1778 4725 Hier,

133 4748 228 4818 aliquo
248 4743 373 4815 strepitu,
400 4743 470 4799 sicut
492 4741 583 4814 pluvia
604 4742 632 4796 iu
655 4741 741 4797 vellus
757 4741 934 4811 descendere,
986 4747 1030 4802 Gl.
1047 4746 1107 4818 int]
1123 4745 1232 4800 Tnarsis
1246 4745 1440 4814 interpretatur
1454 4745 1655 4814 contemptatio
1678 4744 1705 4798 ιε
1725 4761 1779 4816 qua

133 4842 162 4890 ut
180 4833 267 4906 magis
287 4829 444 4886 ostenderet
467 4829 594 4886 virtutem
618 4828 640 4883 ει
665 4844 724 4884 εειε
745 4835 933 4898 temperasset.
985 4833 1031 4889 fixi
1046 4841 1108 4889 sunt
1123 4831 1234 4898 fideles,
1250 4831 1296 4904 qui
1311 4830 1428 4887 offerunt
1445 4845 1575 4896 numera,
1591 4829 1655 4885 dum
1679 4831 1779 4888 devoto

132 4923 169 4978 Et
194 4928 235 4976 εει
260 4932 385 4990 ccngma
407 4915 565 4972 similitudo.
587 4916 659 4970 Lena
682 4915 754 4971 enim
775 4913 934 4986 accipiendo
987 4921 1079 4976 auimo
1094 4919 1223 4976 serviunt.
1240 4919 1273 4973 Et
1287 4927 1329 4974 est
1349 4933 1470 4973 sensus:
1494 4919 1578 4990 lthcs
1606 4919 1726 4987 l'horsis,
1752 4917 1779 4974 id

133 5023 236 5080 aquarn
250 5021 305 5062 non
319 5005 463 5076 rumpitur,
480 5003 528 5059 sed
542 5003 648 5075 integra
662 5009 772 5069 manel;
793 5002 831 5058 sio
855 5011 883 5058 et
905 5001 932 5056 iu

134 5097 247 5167 Virgine
260 5093 404 5166 integritas
418 5099 480 5148 aute
495 5097 611 5162 parturn,
628 5089 656 5144 iu
669 5097 762 5162 partu,
784 5098 845 5160 post
867 5105 932 5160 par-

132 5192 203 5237 tum.
220 5183 285 5236 Post
302 5181 369 5235 illud
392 5179 464 5234 idem
487 5177 540 5233 alia
564 5176 739 5233 similitudine
762 5177 931 5248 comprobat,

133 5269 256 5325 subdens
275 5287 281 5323 :
305 5269 341 5323 Et
357 5267 506 5323 mscertdct
520 5267 595 5322 sicut
616 5265 766 5322 stillicidio
787 5265 932 5320 stillantia

131 5373 219 5430 super
236 5361 352 5421 merem,
369 5371 430 5427 εειε
444 5353 471 5409 in
486 5354 596 5409 modum
611 5353 682 5408 roris
697 5368 803 5407 summa
823 5351 933 5407 lenitate

129 5445 313 5502 descendunt.
331 5442 397 5511 Quis
413 5457 491 5516 ergo,
507 5449 569 5512 post
583 5449 638 5496 tam
653 5448 762 5512 apertas
777 5438 931 5494 similitudi-

130 5559 195 5610 nes,
211 5541 316 5598 dubitet
332 5541 366 5596 de
385 5547 464 5612 partu
489 5538 616 5612 Virginis.
638 5536 742 5592 Deinde
766 5535 930 5607 exsequitur,

986 5017 1028 5063 εει
1039 5006 1133 5062 fideles
1149 5007 1176 5060 ia
1191 5005 1417 5076 contemplatione
1433 5003 1488 5070 fixi,
1506 5005 1552 5076 qui
1584 5003 1710 5061 dicuntur
1734 5021 1778 5060 re·
1845 5021 1848 5026 ·
1913 5022 1919 5033 ·

985 5111 1045 5169 ges,
1062 5095 1125 5166 quia
1139 5101 1198 5147 sunt
1214 5093 1397 5148 dominatores
1412 5091 1547 5157 vitiorum,
1565 5099 1591 5146 ct
1614 5092 1726 5161 inculte,
1751 5093 1779 5147 id

985 5189 1036 5248 est,
1052 5181 1097 5254 qui
1112 5181 1176 5235 vitia
1191 5181 1282 5234 muudi
1307 5177 1518 5235 circumfluentia
1532 5194 1547 5233 a
1571 5195 1600 5234 se
1624 5179 1777 5245 excludunt,

987 5267 1246 5338 muncrooffercnt,
1263 5267 1346 5322 idest
1371 5266 1486 5336 seipsos,
1511 5266 1574 5321 dum
1596 5268 1693 5323 dcvotc
1716 5284 1777 5323 ser-

986 5357 1069 5422 viunt,
1086 5373 1163 5426 repes
1179 5356 1311 5420 drotum,
1329 5359 1356 5410 et
1375 5353 1455 5410 Sabe.
1474 5355 1523 5410 llce
1544 5354 1638 5432 patriae
1662 5355 1777 5411 diversis

987 5444 1117 5501 odoribus
1131 5459 1210 5498 nares
1225 5443 1352 5510 mulcent,
1378 5450 1404 5498 et
1423 5440 1558 5512 significat
1580 5457 1627 5499 eos
1651 5443 1696 5515 qui
1721 5452 1777 5499 tar-

987 5548 1054 5588 rcna
1066 5530 1246 5587 delectatione
1261 5546 1291 5587 se
1305 5537 1418 5589 tractant
1432 5529 1555 5588 molliter.
1573 5531 1626 5588 Sed
1638 5531 1694 5602 jam
1719 5541 1780 5589 sunt
