3946 6070
185 173 238 224 aar
869 164 970 220 PETRI
983 163 1163 222 hortulum
1188 169 1195 181 '
1787 173 1840 226 988

217 293 301 346 Vnus.
321 293 362 346 la.
379 319 413 330 -
431 313 440 336 ιι
459 289 564 354 Nonne,
582 297 609 344 tu
624 289 697 344 Deus
709 289 756 361 qui
771 288 893 360 repulisti
908 287 981 344 nos?
994 289 1164 350 Acouuarro
1180 305 1209 346 ru
1233 303 1361 346 rstuuuu
1384 303 1462 344 nvrr:
1490 312 1501 336 ιι
1527 303 1656 345 rantruu
1678 305 1731 346 con
1756 305 1835 348 unuh

183 401 194 430 ι
216 380 250 433 Et
260 394 314 433 non
329 376 426 443 exibis,
444 378 529 444 Deus,
545 377 573 431 in
587 377 729 433 uirtutibus
743 377 854 434 nostris.
1330 403 1341 426 ιι
1363 393 1443 445 uuus,
1464 387 1540 435 nete.

216 485 323 549 Nonne,
337 488 369 539 to
383 482 508 542 Domine.
525 481 609 538 iacies
621 485 683 549 hoc,
701 483 805 540 scilicet
825 486 872 556 qni
895 499 982 556 repn—
1069 503 1154 557 vm,
1168 505 1254 558 q,...,
1265 503 1743 560 paragqmwmwmggsumgm
1760 504 1834 576 quod

184 573 248 629 listi
259 588 318 628 nos.
334 571 482 644 [Cassiod]
498 570 642 626 Pluraliter
667 571 732 627 dicit
752 587 813 638 nos,
839 571 903 643 quia
924 572 983 628 haec
1033 587 1087 627 non
1101 580 1142 628 ost
1156 573 1184 628 in
1196 573 1320 640 Hebraeo,
1337 573 1429 629 sedin
1444 573 1630 645 Septuaginta,
1647 575 1683 630 ad
1706 574 1748 630 rei
1772 592 1832 632 em-

183 661 306 716 Christus
321 676 384 716 cum
398 659 529 715 membris
543 659 661 730 petitur;
678 659 777 730 etipse
800 659 871 716 enim
894 660 983 731 repel-
1032 642 1149 713 Phiiimr
1166 643 1397 716 l⁰⁰dilitl¹10²i0⁵
1418 643 1587 699 idfflfflifflffl
1610 651 1663 700 0⁵¹·
1688 645 1749 700 ‘flii
1771 663 1832 718 qum

180 748 282 815 luutur,
298 749 363 803 dum
377 747 595 804 tribulationibus
609 756 792 818 exponuntur.
810 748 899 819 Supra
917 764 983 804 vero
1033 712 1133 840 {affl
1147 716 1274 771 v¹d⁰⁰²¹¹r
1299 715 1459 796 mmmm
1485 714 1628 770 mmmm
1652 723 1714 770 ⁵⁰⁰²
1737 723 1768 798 ¹¹?
1780 733 1833 800 pq·

1136 825 1143 850 ,
1159 787 1266 856 psalmo
1280 801 1336 853 nrx,
1352 787 1399 841 ubr
1412 786 1484 841 adem
1499 801 1595 840 versus
1620 795 1683 841 sunt
1719 803 1766 859 qur
1791 789 1836 846 brc

180 837 343 908 loquebatur
357 836 531 908 singulariter
554 835 680 903 dicende,
710 835 828 892 deducet
850 852 904 902 nee,
929 843 981 892 etc.
1033 855 1157 926 „quinto
1172 857 1207 911 aq
1229 857 1343 913 calcem,

179 927 283 981 litnon
298 924 460 998 egredieris,
476 927 557 991 Dens,
571 926 602 980 in
616 923 892 980 uirtutibnsnostris.
1069 944 1154 998 qus,
1172 947 1215 999 ιο,
1231 976 1265 985 ..
1283 967 1294 996 «
1316 947 1404 1002 Unum
1426 943 1621 1008 adnotandum,
1644 945 1716 1016 quod
1739 925 1835 1006 Hiero.

216 1031 302 1085 Vens.
321 1035 362 1087 la.
375 1053 433 1082 -ιι
451 1032 491 1086 Da
505 1030 585 1085 nobis
600 1029 728 1084 auxilium
741 1030 775 1084 de
800 1029 982 1093 tribulatione,
1034 1029 1130 1098 filimi}
1152 1014 1187 1068 ld
1207 1016 1322 1100 sumini
1342 1023 1369 1070 0²
1393 1013 1538 1094 Flileuam
1559 1013 1746 1098 immitium,
1762 1018 1836 1074 mihi

1033 1075 1201 1155 oieeneqenoe
1217 1087 1323 1141 subdote
1333 1089 1412 1150 sunt,
1429 1092 1457 1138 ut
1472 1101 1498 1137 m
1508 1085 1709 1169 Latmolegrtur
1720 1087 1774 1154 bro,
1786 1089 1839 1142 ba-

191 1141 201 1166 t
226 1134 287 1190 ‘lma
302 1135 370 1173 Vana
386 1118 458 1174 Silus
473 1119 599 1173 h⁰¹¹¹i¹¹¹⁸·
620 1141 630 1165 ¹‘
1033 1155 1092 1210 beri
1108 1155 1135 1208 in
1149 1155 1247 1211 Graeco
1263 1164 1289 1212 et
1304 1156 1419 1210 llebraeo
1436 1172 1442 1208 :
1473 1154 1540 1209 Mihi
1564 1157 1650 1210 amin
1666 1158 1739 1226 socii
1753 1163 1834 1222 sant,

217 1226 302 1278 Vens.
321 1228 363 1280 13.
376 1245 433 1275 -ι
452 1225 480 1278 ln
496 1225 554 1279 Deo
573 1223 706 1279 iaciemus
722 1223 858 1291 virtutem,
875 1230 901 1278 et
925 1223 984 1294 ipse
1033 1225 1140 1350 psalmo
1164 1235 1253 1281 autem
1286 1241 1343 1292 arx,
1367 1226 1472 1281 subditi
1495 1228 1577 1280 sant.
1599 1225 1670 1281 Dicit
1693 1227 1765 1282 enim
1780 1229 1834 1292 hie,

186 1334 197 1362 ι
214 1312 249 1366 ad
266 1312 376 1366 nihilum
393 1312 509 1367 deducet
523 1312 650 1367 inimicos
664 1319 783 1367 nostros.
803 1331 814 1361 s
1044 1296 1088 1367 egi
1103 1296 1239 1379 ἕφῖλωῦαν,
1250 1298 1277 1352 ld
1292 1305 1333 1353 ⁶⁸2
1348 1296 1435 1352 “miii
1449 1295 1522 1366 filiii
1539 1299 1620 1350 Will-
1653 1295 1738 1367 ldque
1762 1299 1836 1369 almd

217 1420 613 1490 ι
629 1419 727 1490 ιιι
743 1419 779 1473 ιι

181 1507 407 1563 demeiinirnieos
431 1511 553 1572 nostroe,
577 1505 673 1578 [hug]
702 1506 748 1577 qui
770 1521 854 1576 supra
877 1505 905 1559 in
929 1505 984 1561 alio
1034 1521 1099 1588 cuiq
1114 1524 1259 1596 utrobique
1273 1523 1433 1590 habeamus,
1449 1522 1628 1604 ὑπετάγησαν.

180 1595 287 1664 psalmo
297 1595 360 1650 dicti
372 1603 433 1650 sunt
447 1594 616 1650 tribulantes
633 1595 736 1649 Horum
752 1593 872 1650 omniurn
897 1609 983 1665 expo-

181 1681 292 1739 sitiones
307 1683 418 1754 requiro
431 1683 460 1736 iu
473 1683 578 1754 psalmo
595 1697 672 1737 nxtx.

761 1846 1048 1954 ostentis
1090 1849 1261 1950 CVlll.

186 2084 286 2124 rsnnur
301 2084 417 2124 rtrunus
433 2086 440 2122 :
459 2090 470 2118 ι
489 2083 518 2122 ιε
533 2082 620 2122 eruere
634 2081 758 2124 nstitutus
783 2081 834 2122 rest
858 2081 954 2121 otvru.
976 2090 988 2116 ιι
1003 2065 1093 2137 Bais,
1110 2065 1183 2136 quod
1193 2072 1284 2121 autem
1294 2064 1375 2120 dolus
1395 2073 1519 2137 erumpat
1540 2066 1567 2121 in
1583 2081 1688 2136 rocem,
1710 2066 1836 2122 ostendi-

222 2196 293 2250 Dens
306 2193 418 2249 laudern
439 2209 541 2248 menno.
560 2191 687 2248 Titulus:
706 2192 738 2246 ln
762 2190 848 2260 finem
858 2191 985 2264 proluens
1035 2163 1080 2209 ²¹¹?
1094 2169 1156 2210 ⁰⁰³¹
1169 2161 1228 2208 ³¹⁸²

182 2283 270 2339 Dauid
281 2283 365 2352 (tta).
381 2281 486 2336 Titulus
500 2288 582 2352 patet,
599 2279 720 2350 psalmus
739 2280 790 2334 istc
806 2286 856 2344 est,
873 2278 985 2350 quintus
1073 2260 1157 2315 VERS-
1174 2262 1200 2316 ²·
1213 2289 1247 2299 “
1260 2279 1271 2309 ‘¹
1284 2259 1377 2314 L⁰⁰¹¹⁸i
1393 2267 1455 2314 ⁸⁰⁰¹
1469 2255 1614 2315 adversum
1627 2275 1671 2316 ΜΘ
1685 2259 1841 2333 linium·

182 2386 277 2426 eorum
293 2370 339 2441 qui
353 2369 434 2424 latius
449 2369 483 2424 de
498 2368 599 2423 Christi
614 2367 741 2439 passione
756 2374 848 2438 agunt.
865 2366 985 2436 Prophe·
1038 2370 1048 2396 ‘¹
1071 2348 1140 2416 ¹⁰⁵⁸,
1157 2355 1184 2402 θῑ
1199 2345 1369 2403 sermonibus
1383 2347 1441 2446 Odii
1461 2347 1698 2404 Circumdederunt
1721 2364 1786 2414 ¹¹¹0:
1810 2357 1837 2403 θῑ

182 2459 303 2514 tiaenim
319 2458 362 2513 hie
378 2458 412 2512 de
436 2457 543 2511 Christo
566 2473 628 2511 esse
651 2455 805 2510 ostenditur
826 2455 854 2508 in
875 2453 985 2510 Actibus
1038 2455 1049 2485 ι
1072 2443 1297 2508 expugnaverunt
1312 2449 1356 2490 ’ΠΕ
1371 2442 1498 2508 ΗΜΛ

181 2547 377 2618 apostolorum,
394 2544 488 2616 [hug]
504 2545 549 2598 ubi
573 2545 607 2598 de
630 2523 698 2598 suda
719 2544 909 2614 prophetatum
933 2542 985 2596 boc
1071 2542 1248 2597 loentisnnt
1259 2541 1468 2612 lingendolora‚
1481 2541 1619 2598 dicentes:
1630 2541 1724 2615 [hug]
1738 2543 1840 2613 liegis-

181 2650 243 2689 esse
259 2633 333 2704 quod
347 2633 391 2687 hio
407 2632 536 2704 legitura
552 2634 630 2687 Petro
641 2631 750 2695 dicitur,
776 2629 880 2686 scilicet
902 2629 985 2700 Epir·
1037 2632 1090 2699 tor,
1107 2630 1212 2684 seimus
1227 2628 1293 2700 qnia
1304 2644 1391 2684 uernc
1402 2645 1440 2697 es,
1457 2637 1510 2685 etc.
1524 2630 1634 2697 (linitio.
1646 2633 1731 2700 xxti).
1742 2631 1776 2685 lh
1786 2631 1840 2688 boc

181 2725 314 2792 coponem
328 2721 389 2790 eins
404 2721 526 2790 ‹rccipint
539 2719 694 2788 nlterhlct.
707 2719 737 2787 r).
755 2718 795 2771 De
819 2731 872 2788 quo
893 2723 985 2771 tamen
1036 2716 1083 2772 init
1097 2716 1243 2772 aduersum
1258 2732 1312 2782 me,
1328 2715 1390 2787 quia
1405 2716 1558 2772 insidiando
1572 2717 1624 2774 hoc
1644 2717 1781 2774 dicebant.
1806 2720 1842 2774 Et

180 2808 240 2864 solo
254 2823 309 2863 non
333 2807 423 2862 omnia
447 2823 507 2878 quae
532 2806 577 2862 hic
599 2806 724 2862 dicuntur
747 2811 862 2875 possunt
885 2803 983 2873 accipi,
1035 2805 1135 2860 deinde
1149 2803 1454 2861 mrenmdedernntrne
1468 2807 1642 2862 sermonibus
1664 2807 1722 2862 odii
1743 2814 1841 2878 aperte

179 2897 228 2952 sed
243 2896 277 2950 de
305 2911 405 2967 genere
430 2894 601 2950 inimicorum
625 2893 734 2958 Christi,
757 2892 985 2964 ingratorumque
1036 2893 1209 2948 clamantes:
1241 2892 1387 2964 crucifige,
1420 2894 1551 2965 crucifige
1578 2894 1670 2964 (loon.
1694 2893 1765 2963 xix).
1802 2896 1839 2950 Et

179 2985 346 3040 ludaeorum.
363 2984 398 3039 Ut
412 2983 484 3037 enim
509 2984 604 3037 Petrus
626 2989 719 3052 typum
747 2980 879 3036 Ecclesiae
903 2979 983 3050 gerit,
1035 2983 1325 3054 eepnqnnoerontme
1340 2982 1440 3052 gratis,
1452 2988 1480 3036 et
1500 2981 1559 3036 sine
1579 2981 1653 3050 justa
1673 2996 1767 3036 causa.
1783 2982 1843 3038 Sic·

179 3073 217 3128 ita
230 3072 315 3127 ludas
330 3086 465 3143 personas
485 3069 656 3126 inimicorum
681 3068 779 3124 Christi
800 3075 899 3138 portat,
925 3067 985 3138 qui·
1036 3077 1065 3124 nt
1081 3068 1153 3124 enim
1168 3067 1220 3139 piis
1234 3083 1283 3139 per
1297 3083 1327 3123 se
1349 3068 1439 3138 placet
1463 3068 1586 3139 aequitas,
1610 3069 1649 3124 sic
1671 3068 1762 3140 impiis
1786 3069 1841 3124 ini-

181 3163 232 3216 bus
247 3168 436 3232 congruuntur
451 3159 533 3214 etiam
549 3174 582 3214 ea
610 3174 671 3229 qum
698 3157 733 3213 de
755 3157 827 3212 ludu
854 3170 985 3227 expressa
1038 3157 1135 3230 quites.

183 3258 256 3316 ⁵⁰⁰⁸,
273 3257 301 3304 ¹¹¹
312 3248 380 3303 illud
397 3265 404 3302 ²
421 3248 659 3319 Eissiiiwllam‘m
679 3249 739 3318 ilii
758 3246 881 3317 “mim
898 3245 983 3300 mii·
1073 3265 1159 3319 Vsus.
1171 3266 1198 3317 3.
1210 3292 1245 3302 -
1257 3285 1268 3310 ιι
1280 3263 1331 3317 Pro
1346 3278 1379 3318 eo
1395 3269 1424 3318 ut
1438 3279 1481 3318 me
1493 3261 1650 3336 diligerent,
1660 3262 1844 3320 detrahebant

183 3335 329 3410 [Cassiod]
345 3334 470 3390 Intentio.
486 3337 577 3389 llonet
591 3333 668 3388 ludae
682 3333 811 3387 malitiam
834 3331 982 3396 declinare,

183 3432 209 3480 et
239 3422 337 3478 Christi
360 3421 539 3476 humilitatem
562 3420 672 3475 imitari.
683 3420 793 3475 .lll0dus
807 3419 984 3490 :Tripertitus
1000 3441 1024 3501 0
1073 3459 1127 3512 Pro
1137 3473 1168 3513 30
1183 3460 1215 3511 ut
1230 3473 1274 3511 me
1288 3457 1450 3530 ‘spument'
1466 3456 1560 3530 [Aug]

187 3521 228 3567 est
242 3511 373 3582 psalmus.
390 3510 479 3564 Primo
500 3507 633 3579 incipiens
657 3507 780 3562 Christus
798 3523 814 3561 e
831 3522 912 3577 prece
940 3507 985 3562 in-

184 3607 280 3670 crepat
298 3598 416 3664 Jndaeos,
434 3597 480 3669 qui
504 3597 620 3652 reddunt
643 3596 716 3651 mala
739 3609 788 3666 pro
810 3594 899 3650 bonis.
933 3595 985 3650 Se-

180 3689 271 3744 cundo
286 3688 430 3758 prophetet
445 3702 506 3757 quae
523 3685 585 3739 mali
607 3684 739 3754 recipient
763 3699 814 3754 pro
837 3681 984 3754 impietate,

182 3773 220 3830 ibi
236 3774 368 3840 239,
385 3775 528 3830 constitue
540 3789 626 3845 super
649 3788 723 3828 oum.
746 3771 837 3827 'lertio
848 3778 985 3841 precatur,

124 3932 127 3938 1
185 3871 211 3917 ut
227 3863 456 3918 resurrectionem
471 3869 662 3932 consequatur,
680 3866 705 3915 et
728 3859 831 3914 inimici
855 3859 985 3925 dedecus

180 3951 227 4021 ibi,
244 3953 277 4006 at
294 3956 325 4006 tn
341 3952 466 4006 Domine.
479 3947 629 4022 [Cassiod]
645 3947 768 4003 Christus
793 3962 861 4019 ergo
885 3961 986 4001 seeun-

182 4041 246 4094 dum
262 4040 335 4110 quod
350 4040 432 4093 bomo
448 4053 530 4092 orans
540 4037 573 4092 ud
585 4038 690 4091 Patrem
704 4036 741 4091 ait
758 4052 764 4090 :
782 4035 805 4090 0

221 4162 306 4216 Vens,
324 4165 349 4215 l.
366 4182 426 4210 —«
450 4161 532 4224 Deus,
551 4159 662 4214 laudem
686 4174 785 4212 meam·
799 4173 833 4212 ne
859 4156 986 4222 tacueris,

186 4273 197 4297 ιι
216 4249 279 4320 quia
308 4264 340 4304 os
354 4247 508 4320 peccatoris
521 4254 548 4300 et
563 4263 595 4302 os
609 4247 698 4303 dolosi
714 4261 852 4317 superma
863 4251 989 4315 apertum

188 4361 199 4389 a
217 4347 268 4393 esi.
291 4359 301 4388 a

219 4447 302 4512 Dens,
327 4443 422 4517 [Aug]
437 4444 482 4516 qui
497 4444 572 4499 solus
587 4457 669 4500 verax
685 4457 714 4498 es
728 4457 760 4496 ex
771 4449 806 4506 te,
819 4456 855 4495 ne
867 4441 990 4496 tanneris

182 4533 296 4590 landem
309 4549 444 4589 rnenrnex
467 4541 504 4598 te,
530 4532 574 4588 cui
597 4529 721 4587 laudanti
747 4529 913 4584 credendum
938 4533 989 4582 est.

181 4623 254 4677 Vera
268 4629 309 4676 est
325 4621 397 4676 enim
413 4621 471 4675 laus
487 4620 594 4676 veracis
618 4619 678 4688 Dei,
702 4618 737 4673 ita
761 4632 826 4672 vero
851 4615 991 4687 impletum

179 4717 263 4765 estut
289 4717 356 4776 orat,
383 4725 446 4765 curn
469 4709 635 4780 praedicatus
659 4714 700 4763 est
724 4705 881 4778 unigenitus
906 4703 992 4758 Filius

180 4798 231 4853 Dei
245 4813 316 4861 esse,
334 4801 400 4870 quin
415 4815 444 4855 os
465 4798 633 4870 peccatoris.
650 4793 797 4869 [Cassiod.
815 4791 898 4865 Aug]
914 4793 986 4848 Ecce

179 4887 279 4943 decora
295 4886 450 4941 diuersitas.
464 4884 547 4954 Quasi
563 4885 636 4941 dicat
653 4903 660 4938 :
678 4884 743 4938 ldeo
758 4897 793 4937 ne
808 4889 901 4937 taceas
923 4880 987 4934 leu-

179 4975 251 5042 dem,
270 4975 331 5046 quia
345 4974 429 5046 iniqui
446 4990 500 5029 non
514 4981 605 5029 tacent
619 4972 794 5042 vituperium.
810 4971 843 5024 Et
858 4970 911 5024 hoc
933 4975 985 5028 est.

179 5065 242 5136 quia
256 5081 285 5120 or
299 5064 456 5136 peccatoris
472 5065 499 5117 et
527 5061 616 5117 dolosi
630 5061 915 5133 supermemoratorum
934 5059 984 5111 est.

180 5152 418 5208 Dumvirtusmce
432 5157 529 5222 operta
543 5157 592 5213 est,
621 5149 697 5220 quasi
722 5146 794 5219 qnod
817 5144 881 5201 dolo
906 5152 984 5216 tege-

179 5239 269 5307 batur,
284 5256 300 5292 a
314 5239 409 5295 doloso
424 5239 514 5310 erupit
527 5239 556 5292 in
571 5253 685 5304 rocem3
703 5236 752 5292 sed
768 5233 794 5292 ci
817 5232 985 5291 credendum

181 5342 235 5383 non
251 5335 302 5392 est,
319 5328 382 5398 qnia
398 5327 468 5382 laisa
489 5326 651 5398 vituperatio
666 5333 707 5380 est
731 5321 872 5380 mendacis
895 5319 987 5376 homi-

216 5504 288 5576 (tta)
302 5505 338 5557 lla
348 5506 469 5569 Cassiod,
479 5507 504 5556 in
515 5505 622 5558 conclus.
635 5505 733 5569 psalmi.

1039 3373 1050 3402 e
1069 3351 1153 3417 mihi;
1170 3366 1223 3423 ego
1236 3356 1327 3406 autem
1342 3351 1466 3406 orabam.
1482 3375 1492 3400 ι

1576 3457 1604 3512 id
1615 3465 1714 3529 estpro
1723 3473 1757 3514 eo
1768 3459 1843 3530 quod

1037 3543 1846 3618 debebantmediligere‚dctrnhebantmihi,negantesmc

1038 3651 1098 3690 esse
1114 3633 1209 3688 Filium
1225 3631 1285 3698 Dei,
1299 3640 1327 3687 et
1340 3633 1460 3690 dicentes
1475 3635 1548 3706 quod
1563 3635 1592 3689 in
1614 3634 1767 3691 Beelzebub
1792 3637 1845 3704 eji-

1038 3724 1080 3780 cio
1095 3720 1228 3778 daemonia
1244 3721 1319 3786 (luc.
1337 3724 1389 3786 xri.
1415 3721 1464 3778 Vel
1489 3723 1638 3778 secundum
1662 3721 1743 3778 aliam
1768 3723 1846 3778 litte-

1039 3826 1098 3867 rum
1117 3828 1124 3865 ε
1141 3813 1194 3866 Pro
1204 3827 1235 3866 eo
1246 3817 1278 3868 nt
1290 3825 1334 3864 me
1343 3809 1505 3880 diligerent,
1515 3808 1726 3879 interficiebant
1738 3827 1793 3880 me,
1817 3816 1847 3866 et

1039 3897 1228 3956 detrahebant
1242 3899 1322 3955 mihi.
1339 3899 1403 3955 ldeo
1417 3898 1490 3952 enirn
1504 3897 1704 3963 interfecerunt,
1713 3897 1776 3969 quia
1791 3899 1847 3954 de-

1040 3995 1188 4042 traxerunt.
1206 3988 1269 4043 Plus
1284 3987 1357 4043 enim
1371 3994 1469 4042 nocent
1492 3986 1519 4040 in
1544 3987 1674 4042 membris
1695 3986 1848 4042 detraben-

1039 4084 1081 4130 tes
1101 4075 1218 4142 Christo,
1235 4076 1282 4146 qui
1310 4074 1415 4129 animas
1442 4074 1640 4130 crediturorum
1669 4072 1846 4143 interficiunt,

1041 4179 1123 4234 quam
1147 4163 1194 4234 qui
1221 4165 1281 4232 ejus
1309 4177 1418 4219 carnem
1446 4177 1508 4217 mox
1537 4170 1749 4218 resurrecturam
1778 4179 1847 4232 per—

1040 4259 1173 4306 emerunt.
1192 4253 1224 4306 Et
1239 4259 1280 4306 est
1294 4265 1391 4306 sensus
1406 4267 1413 4305 :
1435 4250 1487 4306 Pro
1510 4251 1582 4306 bono
1597 4250 1666 4305 mala
1681 4250 1846 4316 reddebant,

1041 4340 1114 4411 quod
1130 4347 1171 4395 est
1185 4339 1316 4395 deterius.
1332 4338 1375 4393 llli
1385 4339 1572 4404 detrahebant,
1586 4355 1633 4411 eqo
1643 4343 1748 4404 nutem,
1765 4353 1848 4394 econ-

1042 4437 1086 4483 tra
1099 4429 1223 4495 orohum,
1234 4428 1313 4482 etiam
1328 4443 1379 4498 pro
1395 4425 1471 4498 ipsis,
1488 4443 1544 4482 non
1555 4427 1643 4482 solum
1657 4441 1708 4498 pro
1722 4424 1776 4482 lide
1798 4425 1848 4481 di-

1043 4515 1220 4586 scipulorum.

1080 4623 1165 4677 Vane.
1177 4625 1203 4678 l.
1216 4647 1272 4670 -ιι
1285 4625 1321 4678 Ει
1330 4628 1478 4694 posuerunt
1488 4620 1636 4676 adversum
1650 4619 1781 4688 me,mala
1791 4635 1846 4690 pro

1047 4733 1057 4762 ι
1079 4709 1177 4777 bonis;
1193 4711 1326 4766 etodium
1341 4725 1390 4782 pro
1406 4709 1552 4766 dilectione
1566 4723 1638 4764 mea.
1657 4729 1668 4759 r

1074 4819 1287 4890 tepescerent.
1300 4817 1396 4888 (hug.)
1404 4815 1488 4885 Quasi
1499 4815 1571 4872 dicat
1583 4833 1590 4870 ε
1602 4815 1761 4871 Reddebam
1770 4815 1844 4869 bona

1038 4921 1088 4976 pro
1101 4904 1192 4971 malis,
1209 4904 1261 4976 ipsi
1275 4904 1453 4960 detrahebant
1463 4903 1540 4968 mihi,
1554 4903 1599 4975 qui
1610 4903 1724 4958 orabam
1734 4917 1783 4974 pro
1793 4902 1848 4958 eis.

1039 4993 1073 5047 lit
1088 4993 1124 5047 ita
1138 4997 1296 5064 posuerunt
1306 4993 1384 5048 nata
1393 5009 1444 5066 pro
1455 4989 1542 5057 tonte,
1561 5007 1622 5062 quae
1636 4991 1707 5046 mala
1721 5006 1772 5061 pro
1787 4990 1846 5060 qui·

1039 5082 1091 5136 bus
1106 5081 1211 5136 bonis?
1224 5081 1296 5136 Ecce
1311 5098 1317 5134 :
1334 5085 1362 5136 et
1378 5081 1473 5136 odium
1481 5095 1533 5152 pro
1547 5081 1782 5136 dilectionemeu.
1793 5077 1847 5133 llic

1041 5177 1083 5224 est
1097 5169 1186 5224 omnis
1201 5177 1227 5224 et
1241 5185 1357 5240 magnus
1370 5176 1461 5224 reatus
1482 5183 1587 5224 eorum.
1612 5167 1675 5222 Non
1699 5166 1771 5222 enim
1790 5181 1846 5220 no-

1041 5273 1105 5313 cere
1120 5265 1267 5327 potuerunt
1281 5264 1488 5329 persequentes,
1512 5271 1567 5312 non
1590 5255 1762 5321 necessitate,
1795 5254 1846 5309 sed

1044 5345 1182 5401 voluntate
1215 5345 1387 5415 morientem,
1417 5344 1465 5400 sed
1502 5351 1585 5400 toturn
1612 5343 1717 5400 crimen
1744 5357 1845 5414 perse-
