3946 6070
174 243 242 297 1037

609 246 892 303 consummant
907 245 944 300 ΙΝ
959 245 1126 303 Psttttos
1142 278 1177 287 -
1191 247 1287 303 eset.
1304 249 1414 304 cxvtt.

1757 253 1825 307 1038

213 367 299 422 Varis.
320 371 366 424 tc.
385 399 420 410 -
450 394 461 417 ιι
480 371 537 428 Vox
547 371 734 428 exsultationis
750 380 777 428 et
793 371 887 428 salutis
902 371 929 426 in
944 373 1018 434 trs-A
1031 371 1154 444 sequimi
1168 371 1268 443 lapide.
1297 374 1331 428 Et
1345 382 1408 428 nota
1426 373 1469 428 bic
1491 373 1542 428 trie
1563 373 1704 446 distingui,
1722 373 1826 432 scilicet

177 477 189 506 e
212 455 368 511 bernacutis
379 457 522 526 justorum.
543 483 554 506 ιι

213 545 269 600 l'oe
279 546 484 603 exsultationis
492 551 520 604 et
530 549 634 605 solutis
644 551 675 604 m
686 550 877 606 tabernaculis
883 552 974 622 justo·

173 647 248 698 rum,
263 631 359 704 [dags]
379 633 407 688 id
433 644 475 690 est
497 635 524 690 iu
546 637 658 692 secretis
682 637 803 692 cordium
827 637 970 706 bonorum,

173 719 219 774 ubi
233 727 259 774 et
276 720 299 774 si
313 729 390 776 extra
405 721 496 778 afflicti
511 731 583 789 sunt,
595 723 805 796 gaudiahabent
819 741 867 796 spe
877 725 972 784 tutari.

172 823 232 880 quae
251 808 406 865 nescientes
423 810 487 865 mati
507 811 553 882 qni
577 812 605 867 in
628 828 723 868 eorum
741 828 858 884 corpora
878 813 973 870 serie-

172 895 246 964 bant,
261 911 309 952 eos
323 895 427 952 tristari
442 906 546 969 putant,
570 915 624 956 non
648 900 795 956 sentientes
817 917 913 957 eorum
928 901 971 956 in-

171 983 284 1051 teriora,
311 983 418 1042 scilicet
435 986 547 1060 gaudis.
588 989 665 1044 Unde
690 990 853 1060 apostolus:
888 991 972 1058 Queri

173 1071 282 1138 trister,
301 1088 411 1145 semper
429 1077 526 1129 autem
549 1075 704 1146 prudentes
726 1079 763 1148 tlt
789 1079 848 1134 Cor.
874 1078 922 1146 vr),
946 1084 972 1132 st

171 1157 237 1214 illud
253 1160 414 1216 Gloriumur
428 1163 460 1216 irr
481 1163 710 1220 tribulationibus
734 1166 822 1237 (Rom.
840 1169 879 1234 v).
892 1164 971 1238 [Cas-

171 1246 254 1320 siod]
270 1247 375 1304 Deinde
390 1249 506 1320 qualiter
519 1249 554 1305 sit
573 1251 704 1306 Dominus
725 1252 809 1309 tactus
825 1253 877 1308 sibi
892 1251 971 1308 torti-

171 1334 237 1390 tudo
252 1343 279 1390 et
293 1334 377 1402 satus,
392 1337 510 1393 ostendit
520 1339 615 1394 dicens
631 1357 637 1393 :

207 1441 292 1496 Vsus.
310 1445 353 1497 to.
378 1463 441 1494 -ι
461 1445 579 1500 Dextera
604 1445 713 1500 Domini
736 1445 801 1503 tecit
830 1446 969 1514 virtutem,

1028 475 1083 532 qua
1098 460 1222 526 intretur,
1239 460 1343 532 etquid
1358 459 1430 515 intus
1445 461 1500 528 liat,
1516 469 1544 517 et
1559 461 1606 533 qui
1619 461 1729 516 intrent.
1741 461 1826 530 Quasi

1027 547 1100 604 dictu
1116 565 1124 602 t
1140 549 1174 604 tlt
1184 548 1228 602 itta
1239 549 1384 604 hereditas
1399 547 1487 618 possit
1500 549 1640 620 cognosci,
1661 551 1830 621 oprophetar

1028 643 1053 690 et
1069 635 1194 707 apostoli,
1211 635 1256 708 qui
1270 636 1382 707 portatis
1395 636 1486 691 clares
1508 637 1587 708 regni
1602 636 1744 704 coelorum,
1759 639 1829 710 Ape·

1028 726 1082 780 rite
1096 724 1168 780 mibi
1180 729 1278 797 portus
1284 725 1409 796 justitior
1423 723 1570 796 [Cassiod.,
1582 722 1666 797 nup]
1681 724 1762 781 idest
1777 727 1831 782 do·

1028 811 1141 868 utrinam
1156 827 1243 869 saorra
1258 811 1405 882 Scripturas
1420 827 1480 884 quse
1493 811 1572 867 docet
1585 811 1728 880 justitiam.
1757 815 1829 870 Eece

1027 901 1146 957 ostendit
1161 916 1215 971 qua
1230 900 1354 970 intretur,
1372 908 1397 956 et
1409 904 1497 972 quasi,
1517 899 1577 972 quis
1592 909 1729 971 quaereret
1741 918 1747 954 :
1759 899 1828 970 Quid

1027 989 1099 1044 intus
1118 989 1210 1054 faciet,
1226 989 1394 1059 respondet:
1424 989 1569 1060 loprerrus
1594 989 1625 1044 ira
1647 1005 1695 1045 eos
1709 989 1829 1059 coufite-

1027 1077 1074 1133 bor
1086 1079 1210 1142 Domino,
1226 1075 1376 1146 (Cassiod.)
1391 1076 1419 1131 id
1434 1085 1476 1132 est
1485 1075 1612 1132 laudabo.
1630 1077 1681 1132 Per
1693 1077 1827 1134 basanim

1027 1173 1120 1235 portas
1137 1164 1269 1220 doctrinae
1284 1163 1402 1237 ingressi
1422 1179 1487 1219 vere
1501 1164 1620 1232 laudant,
1644 1171 1720 1220 extra
1734 1167 1829 1222 ostho-

1026 1252 1106 1309 ticam
1117 1252 1268 1308 Ecclesiam
1284 1267 1337 1306 non
1352 1259 1393 1306 est
1408 1250 1466 1306 laus
1481 1251 1541 1306 Dei.
1556 1251 1621 1308 Haec
1634 1260 1723 1308 autem
1743 1263 1829 1324 portu

1026 1355 1122 1396 omnes
1131 1341 1233 1396 ducunt
1246 1340 1281 1394 ad
1296 1355 1376 1394 uuam
1392 1347 1507 1410 portam,
1518 1355 1579 1411 qum
1591 1347 1632 1394 est
1642 1339 1776 1396 Christus.
1793 1342 1826 1398 Et

1027 1427 1085 1486 beer
1100 1436 1142 1484 est
1159 1433 1242 1500 portu
1270 1428 1393 1493 Domini,
1423 1427 1523 1498 (Hiemi
1550 1426 1578 1481 id
1606 1435 1646 1484 est
1666 1435 1744 1498 porta
1768 1429 1827 1486 troec

172 1527 450 1585 «tertianorum
477 1531 603 1588 exuram
632 1549 693 1600 mm
723 1534 834 1590 dextera
862 1535 971 1592 nomm
1026 1515 1371 1587 consuetissimum
1387 1513 1440 1570 11¹ae
1453 1514 1574 1582 ducuntr
1603 1515 1676 1570 unde
1690 1515 1749 1586 inse
1763 1516 1824 1571 arr:

172 1615 422 1674 «tecierirtutem.
442 1643 453 1666 ιι
1025 1604 1278 1677 qusumortium,
1303 1619 1356 1676 per
1370 1603 1549 1676 quodriquir
1562 1605 1709 1660 introierit
1731 1606 1823 1662 saluo·

204 1705 329 1761 „mm
343 1708 466 1763 pomini,
496 1706 641 1780 [Cassiod.,
671 1710 943 1783 Μωρωρρρωρ
960 1723 1008 1783 ,Β
1025 1691 1261 1794 bilaritatem).
1287 1689 1393 1746 Etalibi
1412 1708 1419 1745 :
1438 1690 1523 1747 Nemo
1551 1693 1628 1747 oepit
1648 1691 1684 1747 cd
1708 1695 1825 1751 Patrem

65 1765 74 1774 ’
168 1792 235 1848 inde
250 1793 377 1865 gaudium
393 1801 444 1860 est,
461 1795 523 1865 quin
538 1796 829 1866 deuteruDomirrl,id
842 1799 971 1855 estChri·
1022 1781 1146 1853 ''iiiii’'
1159 1795 1203 1835 mi
1216 1780 1309 1851 (5⁰all·
1322 1777 1393 1850 ¹¹Vl·
1423 1779 1487 1834 flae⁰
1509 1787 1588 1849 Diffi
1615 1787 1655 1834 0⁵¹
1668 1795 1720 1851 Dei
1740 1796 1822 1854 quam

169 1887 238 1945 stus,
253 1879 299 1952 qui
314 1888 355 1936 εει
370 1881 484 1938 dextera
499 1883 597 1950 Patris,
613 1887 848 1956 secitoirtulem;
863 1903 942 1959 quarn
957 1887 972 1942 t
1017 1867 1191 1938 lusiiissifflnt
1201 1867 1229 1922 in
1243 1866 1352 1924 coelum·
1369 1867 1447 1924 Unde
1462 1866 1569 1922 ³¹¹bdi²²
1584 1869 1820 1927 'mummium

169 1983 232 2025 eece
248 1970 392 2026 :Dextera
408 1972 520 2028 Domini
535 1974 676 2029 exultavit
690 1990 745 2030 me.
775 1975 870 2047 ttegun
885 1976 970 2032 virtus
1020 1957 1052 2056 in
1067 1971 1139 2023 tam,
1156 1957 1252 2055 (Auis
1268 1955 1406 2054 mimi)
1434 1956 1462 2054 id
1491 1962 1664 2054 ‘illistam
1685 1958 1823 2058 intrabunt

167 2063 210 2111 est
224 2056 344 2112 exaltare
359 2058 499 2126 humilem,
516 2059 644 2116 deificare
660 2062 797 2118 bominem
813 2063 969 2132 mortalem,
1020 2061 1049 2100 ¹1¹
1062 2044 1172 2110 θα31111Ῑῆ
1188 2043 1234 2100 ⁰¹³¹
1253 2058 1307 2100 ¹¹⁰⁰
1318 2059 1376 2114 lam
1391 2043 1496 2141 b⁰¹¹¹¹0²
1511 2043 1574 2099 mall
1588 2051 1667 2142 ilum
1685 2053 1819 2145 Pilffllssfl·

167 2145 293 2214 prebere
307 2145 341 2200 de
356 2145 513 2203 infirmitate
524 2147 736 2220 perfectionem,
753 2150 787 2206 de
802 2152 970 2221 subjectione
1020 2133 1093 2189 3⁰⁰⁰
1106 2132 1263 2230 deulwttue
1274 2131 1549 2230 ⁵ae⁰i¹⁰m⁹¹¹i¹⁰¹¹0m
1563 2130 1635 2188 seffl-
1644 2133 1678 2187 Εῑ
1688 2150 1753 2205 <tuli
1762 2135 1820 2192 haec

168 2232 297 2303 gloriam,
325 2234 359 2290 de
374 2235 503 2306 passione
520 2235 672 2304 victoriam,
692 2239 807 2294 terrenis
836 2240 899 2296 dere
915 2257 972 2297 ειε-
1019 2221 1364 2292 P0l¹⁸⁶hs¹⁵²¹1⁵³t>0l¹¹¹ir

168 2320 236 2375 turn.
253 2319 332 2389 Quod
347 2323 454 2394 repetit,
473 2323 552 2394 quasi
567 2324 676 2393 mirum,
701 2327 819 2384 dicens:
844 2330 971 2385 Dextera
1055 2343 1143 2400 vm,
1162 2346 1206 2400 20,
1222 2373 1256 2384 ..
1279 2364 1291 2394 ,
1308 2341 1466 2399 confitebor
1479 2344 1528 2398 fibi
1543 2343 1671 2416 quom
1686 2345 1819 2402 θηριώδη

170 2409 283 2466 Domini
294 2411 364 2480 serit
378 2411 522 2478 virtutem,
552 2414 704 2470 noubomo
718 2416 899 2484 seexattavit,
915 2432 970 2472 non
1023 2430 1592 2498 4,1¹03eqchqusesmihqimluoem·„

166 2511 198 2552 se
212 2497 336 2567 periecit,
351 2513 407 2554 non
426 2499 499 2566 vicit,
523 2515 578 2555 non
596 2500 648 2556 sibi
662 2501 779 2574 gloriam
795 2504 838 2559 vet
853 2504 969 2560 salutern

164 2583 250 2640 pepp,
271 2587 305 2640 E,
320 2587 446 2643 eumhoc
461 2588 505 2656 sn,
1058 2545 1213 2614 confitebor
1241 2545 1301 2609 tilri,
1331 2544 1427 2616 (Aug.)
1451 2544 1479 2600 in
1501 2544 1582 2602 laude
1608 2545 1686 2602 laetns
1715 2549 1820 2621 gratias

1020 2649 1115 2705 agens.
1128 2633 1192 2689 Ideo
1207 2634 1340 2706 quorriom
1351 2635 1497 2690 exaudisti
1510 2651 1565 2702 me,
1579 2634 1606 2689 in
1621 2634 1738 2692 adventu
1749 2637 1818 2706 Filii,

203 2691 289 2746 vm·
306 2693 349 2746 Π·
360 2722 395 2734 ““
407 2714 419 2743 ⁸
432 2694 613 2766 N⁰¹¹¹¹¹⁰si³fr
631 2697 680 2753 sed
689 2697 794 2764 vivam;
810 2706 836 2752 2¹
850 2698 970 2754 ”mm
1020 2722 1129 2793 priores
1143 2721 1216 2778 enim
1227 2721 1294 2791 justi
1307 2721 1452 2777 adventum
1468 2722 1568 2777 Christi
1582 2723 1717 2793 patebant,
1743 2730 1772 2781 et
1785 2725 1821 2780 ita

172 2801 184 2829 ι
202 2793 288 2850 opera
304 2780 421 2836 Domini.
441 2805 452 2830 i

1021 2813 1117 2882 sactus
1132 2814 1175 2866 ert
1190 2809 1243 2876 rel,
1260 2825 1289 2866 er
1309 2809 1381 2866 milri
1395 2811 1574 2867 insolutam.
1592 2812 1736 2868 Etrereiu
1750 2813 1821 2870 sein·

200 2867 261 2924 Non
276 2870 393 2936 morior,
415 2869 561 2942 [Cassiod.,
579 2873 663 2947 tuq]
690 2873 755 2930 dicit
777 2873 911 2940 Ecclesia,
941 2883 971 2930 ut
1020 2906 1085 2966 tem,
1101 2912 1174 2969 nam,

166 2963 258 3026 putas,
274 2965 469 3028 opersecutor,
492 2959 541 3016 sed
562 2961 663 3028 vivom,
689 2961 717 3016 id
732 2970 772 3016 est
795 2961 971 3033 multiplicata

166 3043 282 3099 durabo.
313 3043 393 3100 l‘utat
415 3046 488 3101 enim
513 3057 673 3118 persecutor
699 3056 821 3123 stragem
845 3050 970 3106 funerum

166 3130 268 3204 ubique
286 3130 388 3188 iaciens
402 3150 432 3189 se
453 3133 547 3192 delere
561 3153 662 3192 nomen
687 3137 879 3204 Christianum,
907 3154 969 3194 oum

165 3219 376 3293 potiusaugeat.
393 3220 539 3294 [Cassiod.,
557 3225 600 3281 Gt.
617 3225 678 3298 int]
704 3225 763 3292 Vel,
784 3241 837 3282 non
858 3227 969 3293 moriar,

168 3315 258 3364 morte
273 3317 385 3377 aeterna,
402 3311 451 3366 sed
466 3311 555 3368 vivam
571 3313 624 3369 vita
639 3330 721 3386 quarn
739 3316 838 3382 nescis,
854 3319 883 3371 et
899 3332 970 3370 nur-

167 3396 246 3462 robo,
259 3397 379 3468 quaudiu
393 3398 438 3454 hic
462 3415 520 3466 ero,
547 3417 631 3473 opera
661 3403 781 3466 Domini,
811 3411 840 3457 ut
854 3419 905 3474 per
918 3403 971 3460 boc

166 3493 303 3558 augeatur
317 3486 452 3543 Ecclesia.
483 3487 578 3561 [augi
604 3491 763 3547 curantem
787 3499 861 3547 tanta
874 3499 970 3562 pertu-

163 3569 226 3628 lerit
249 3581 343 3630 sancta
365 3575 488 3632 Ecclesia
514 3577 632 3648 populus
669 3578 824 3658 adoptionis
853 3579 968 3646 indicat,

165 3659 287 3718 dicens:

201 3768 286 3824 t'sas.
305 3772 347 3822 ta.
364 3799 398 3810 -
415 3793 426 3818 ιι
441 3771 584 3843 castigans
600 3773 744 3846 castigavit
768 3789 812 3828 me
827 3773 968 3840 Dominus,

166 3877 177 3900 ι
196 3862 223 3910 ει
237 3855 318 3911 morti
341 3873 397 3912 nnn
415 3858 526 3914 tradidit
545 3875 600 3916 me.
620 3884 631 3909 ι

202 3961 350 4032 Gorthorre
361 3965 512 4036 custiqorit
529 3981 572 4021 me
588 3967 733 4023 minos.
751 3967 897 4040 [Cassiod]
913 3969 970 4025 Hac

166 4048 352 4120 geminatione
372 4051 495 4123 signetur
522 4055 692 4110 cousuetudo
713 4055 799 4126 ipsius
826 4055 893 4124 Dei,
923 4072 970 4127 qur

170 4137 322 4206 consuevit,
339 4137 443 4195 scilicet
456 4140 599 4213 castigare,
617 4149 645 4196 ut
655 4141 692 4196 ibi
707 4143 874 4199 benedicerer
889 4144 970 4201 berre·

167 4221 245 4279 dicut
259 4223 347 4295 (Paul.
363 4227 471 4298 cxxxi),
502 4229 580 4300 quasi
594 4231 647 4286 hoo
661 4229 786 4301 permisit
809 4233 883 4288 Deus
902 4233 970 4288 mibi

164 4309 225 4366 fieri
237 4311 272 4366 ad
287 4313 495 4371 correctionem.
521 4316 610 4372 Etiam
633 4317 741 4374 eversio
763 4328 805 4374 est
818 4319 852 4374 ad
872 4328 969 4378 caute-

163 4397 228 4454 laru.
245 4397 339 4473 [dum]
363 4399 502 4475 Quidquid
529 4404 601 4460 enim
624 4404 736 4472 iaciunt,
762 4407 904 4479 castigatio
925 4415 966 4464 est
979 4422 1125 4500 Dnomiui
1139 4452 1190 4513 esp
1216 4445 1244 4500 id

163 4486 281 4544 Domini.
297 4489 371 4544 Nihil
381 4505 449 4562 ergo
459 4490 511 4546 sibi
521 4491 822 4566 vindicentimpii.Non
831 4496 966 4553 habereut

163 4575 237 4632 enim
252 4577 324 4634 hano
338 4585 512 4650 potestatem,
528 4580 582 4636 nisi
596 4581 636 4637 eie
651 4589 725 4638 esset
739 4583 832 4639 datum
845 4583 965 4656 desuper

163 4663 257 4735 (loorr.
274 4666 349 4736 xix),
374 4671 403 4722 et
425 4669 513 4725 morti
526 4685 583 4725 rroo
600 4670 721 4726 tradidit
742 4688 797 4727 me.
817 4671 964 4746 [Cassiod]

164 4840 238 4894 enirn
248 4849 325 4913 pater
337 4858 517 4916 pernequam
532 4860 628 4902 servos
655 4847 782 4904 emendat
794 4847 874 4916 filios,
901 4863 964 4905 cum

163 4935 256 4984 tamen
263 4928 317 4985 illis
326 4945 444 5002 pmnam,
460 4932 519 4988 istis
533 4943 668 5006 praeparet
683 4934 880 4993 hereditatem.
896 4935 965 5005 Qus

163 5023 256 5072 autam
268 5017 303 5073 sit
316 5019 463 5077 baereditas
477 5021 534 5090 itta,
551 5037 585 5078 ει
598 5037 632 5079 eo
646 5031 736 5094 potest
746 5025 877 5098 cognosci
891 5025 963 5097 quod

162 5105 301 5177 sequitur.

1058 3011 1142 3067 Vens
1165 3014 1210 3067 at.
1241 3041 1275 3052 --
1306 3012 1465 3084 «Lapidem
1498 2995 1579 3086 quem
1608 3014 1823 3086 reprobaverunt

1025 3119 1036 3150 ι
1055 3096 1230 3164 aedificantes,
1246 3099 1291 3154 hic
1304 3098 1391 3154 tactus
1406 3109 1446 3156 est
1460 3099 1487 3154 in
1503 3109 1583 3172 capnt
1599 3101 1702 3174 angoti.
1721 3125 1732 3152 ι

1059 3213 1192 3286 Lapidem
1207 3229 1290 3286 quem
1314 3213 1544 3286 reprobaverunt.
1573 3214 1681 3284 (Cass,
1703 3217 1823 3290 Mcuin.)

1022 3301 1095 3358 Ecce
1109 3317 1253 3374 perquem
1269 3300 1414 3358 tactusest
1441 3301 1469 3356 in
1494 3302 1618 3371 satutem,
1643 3303 1746 3362 scilicet
1774 3323 1824 3378 per

1022 3387 1143 3460 lapidem
1157 3389 1326 3461 angularem,
1343 3388 1370 3443 id
1386 3397 1427 3445 est
1442 3390 1587 3446 Christum.
1614 3391 1664 3447 Vel
1678 3392 1714 3448 ita
1729 3394 1764 3449 ab
1779 3395 1826 3452 illo

1022 3477 1084 3534 loco
1100 3494 1107 3530 :
1123 3478 1250 3550 Aperite.
1266 3477 1301 3532 Et
1330 3493 1379 3548 per
1401 3486 1495 3550 portas
1523 3478 1655 3551 accipitur
1668 3496 1753 3548 mors,
1777 3499 1828 3554 per

1024 3579 1106 3637 quam
1121 3565 1238 3621 intratur
1247 3564 1283 3620 ad
1292 3564 1447 3620 Dominum.
1463 3566 1540 3622 Unde
1554 3567 1702 3639 Apostolus
1718 3587 1725 3624 ε
1743 3572 1827 3645 Cupio

1022 3652 1177 3718 dissolvier
1204 3669 1343 3710 esserum
1365 3653 1476 3710 cbristo
1505 3654 1641 3729 (Philipp.
1656 3658 1708 3728 tri).
1734 3659 1826 3717 Sancti

1023 3740 1096 3795 enirn
1109 3757 1158 3812 per
1172 3741 1244 3797 benc
1258 3748 1364 3812 portam
1377 3741 1474 3796 mortis
1488 3742 1571 3797 sitam
1585 3743 1724 3801 inveniunt
1746 3755 1825 3804 aeter·

1022 3843 1096 3884 nam.
1113 3827 1199 3897 Quasi
1213 3829 1285 3884 dieat
1302 3845 1308 3883 :
1324 3830 1358 3884 tu
1369 3829 1434 3900 quia
1448 3829 1580 3886 Dominus
1589 3845 1643 3886 non
1655 3833 1764 3890 tradidit
1779 3852 1824 3892 me

1022 3915 1112 3982 morti,
1130 3931 1208 3990 ergo,
1225 3931 1304 3972 oros
1326 3925 1527 3986 persecutores,
1543 3917 1653 3988 instate,
1677 3924 1823 3995 etupertte

962 4055 968 4066 ,
1021 4005 1094 4060 milri
1103 4007 1199 4077 portos
1212 4004 1342 4076 iustitie,
1371 4003 1400 4060 id
1414 4013 1455 4060 est
1465 4012 1558 4075 portas
1578 4007 1675 4063 mortis
1689 4025 1739 4081 per
1753 4027 1822 4084 quas

1017 4092 1082 4162 justi
1095 4091 1198 4147 intrant
1212 4092 1247 4148 od
1262 4091 1393 4164 requiem.
1419 4093 1451 4147 Et
1466 4109 1519 4166 ego
1534 4095 1679 4167 impressus
1705 4099 1737 4153 ire
1761 4115 1819 4168 eos,

1020 4180 1101 4236 idest
1116 4195 1227 4251 pereas
1242 4179 1276 4234 ad
1291 4179 1384 4236 vitam.
1401 4180 1559 4250 confitebor·
1573 4185 1699 4254 Domino,
1716 4185 1821 4245 invoce

1019 4267 1206 4324 exsultationis
1221 4275 1247 4324 et
1262 4268 1452 4339 confessionis,
1476 4269 1536 4326 soni
1547 4270 1690 4342 epulantis,
1707 4269 1819 4348 quaeest

1021 4355 1159 4412 beatitudo
1172 4363 1347 4425 sanctorum
1365 4365 1391 4413 et
1399 4356 1559 4426 confitebor,
1590 4361 1654 4432 quia
1668 4363 1727 4420 baec
1740 4373 1818 4434 porta

1269 4453 1311 4501 est
1333 4447 1391 4502 haec
1413 4454 1493 4517 porta
1508 4455 1550 4502 est
1565 4463 1618 4518 qua
1636 4448 1690 4504 itur
1712 4451 1747 4506 ad
1762 4453 1818 4509 Do—

1012 4532 1126 4600 minum,
1155 4532 1198 4590 vel
1219 4548 1274 4605 qua
1301 4533 1435 4589 Dominus
1448 4533 1531 4589 exivit
1556 4535 1591 4590 de
1609 4537 1720 4593 mundo.
1738 4539 1816 4598 Unde

1013 4620 1077 4676 alibi
1107 4638 1113 4675 :
1138 4623 1175 4678 at
1202 4621 1316 4678 Domirrl
1337 4623 1449 4678 Domini
1476 4624 1574 4679 exitur
1601 4627 1701 4683 mortis
1725 4627 1813 4699 (Prot.

236 4751 242 4763 ,
295 4753 300 4764 ,
572 4757 578 4769 ,
648 4757 674 4770 ,,
1013 4707 1112 4780 nxvn),
1124 4716 1151 4764 et
1168 4709 1234 4778 justi
1249 4709 1383 4764 imitantes
1397 4717 1477 4781 eaput
1496 4711 1646 4780 Christum,
1676 4715 1815 4773 intrabunt

163 4751 244 4808 ttortr
258 4768 330 4810 emm
352 4769 407 4811 non
431 4755 512 4811 detur
537 4772 614 4827 capus
628 4766 694 4814 vrtra
707 4768 868 4832 purgantur.
885 4761 964 4833 Saepe
1012 4796 1041 4852 in
1055 4813 1125 4864 eam,
1142 4796 1170 4852 id
1185 4805 1228 4853 est
1241 4813 1290 4869 W

1304 4813 1365 4853 eam
1376 4797 1411 4852 ad
1425 4798 1518 4854 vitam.
1547 4799 1608 4855 Dixi
1622 4801 1774 4860 confitebor
1788 4814 1814 4861 ει

1013 4886 1248 4955 vereeorrfitelor,
1264 4886 1386 4960 inquam,
1401 4887 1461 4955 libi,
1484 4902 1501 4943 o
1522 4887 1657 4958 Domine;
1674 4891 1770 4965 (Aug.)
1785 4893 1813 4950 id

1013 4981 1054 5030 est
1067 4973 1187 5029 laudabo
1206 4981 1232 5029 te
1247 4974 1274 5029 in
1299 4975 1436 5045 praesenti,
1465 4976 1534 5032 etin
1552 4974 1650 5046 tuturo,
1680 4982 1813 5052 quonium

1013 5059 1159 5119 exaudisti
1173 5078 1228 5130 me,
1243 5069 1269 5117 et
1279 5065 1374 5134 tuctur
1389 5067 1441 5129 est,
1454 5063 1497 5120 vet
1511 5080 1540 5120 er
1551 5065 1622 5121 milri
1635 5065 1663 5120 iu
1678 5067 1811 5125 solutam.

1013 5148 1081 5219 Quis
1095 5158 1137 5206 est
1146 5149 1222 5206 salus
1235 5149 1249 5204 t
1264 5165 1328 5206 ecee
1342 5151 1421 5221 lapis,
1452 5151 1556 5208 scilicet
1583 5153 1714 5225 Christus,
1731 5173 1813 5229 quem
1895 5170 1898 5178 ’

200 5207 282 5264 Pffl·
299 5222 339 5265 ¹¹¹·
353 5211 438 5270 VBRS·
455 5215 499 5268 ¹⁹·
515 5243 550 5254 ··
574 5214 711 5286 «Aperite
724 5215 789 5270 mihi
804 5217 963 5288 Ρθῐῑθὲιῑῑῦ·
1013 5237 1234 5309 reproboocruut
1248 5239 1432 5308 oedificantes,
1456 5239 1484 5294 id
1499 5247 1541 5295 est
1554 5239 1650 5298 tudaei.
1667 5241 1813 5319 {Cassiod}

163 5317 175 5342 «ι
194 5294 271 5364 titioe,
299 5296 440 5371 ingressus
466 5300 495 5354 in
518 5317 566 5357 ets
584 5300 881 5374 confiteb0tD0mi¹103
905 5307 964 5364 hoe⁰
1014 5325 1158 5388 Sotieuim
1173 5325 1260 5382 lndaei
1281 5342 1364 5382 unum
1393 5325 1481 5382 Deum
1497 5327 1619 5386 colentes
1640 5331 1814 5391 edificabant

163 5403 176 5434 r
193 5391 272 5455 porta
282 5385 400 5456 Domini,
415 5387 481 5458 justi
494 5388 634 5446 intrabunt
649 5391 754 5449 ineam.
772 5412 784 5443 ι

198 5490 313 5564 Aperite
336 5494 409 5551 milri
434 5500 540 5567 portos.
571 5495 726 5569 [Cassiod.
756 5499 845 5574 sup]
873 5500 964 5559 tertio

1014 5429 1045 5471 se
1059 5421 1085 5470 et
1099 5413 1167 5471 alios
1177 5413 1205 5469 in
1219 5413 1291 5471 cultu
1304 5413 1407 5482 divino,
1432 5415 1492 5471 aliis
1505 5433 1555 5489 per
1568 5417 1747 5478 idololatriam
1761 5423 1813 5481 de-

1015 5502 1141 5572 structia3
1158 5501 1269 5559 sednon
1291 5503 1475 5575 perfecerunt,
1503 5504 1566 5576 quia
1592 5507 1730 5570 Christum
1745 5527 1814 5569 oon-

163 5585 258 5651 portas
271 5580 422 5670 Jemsatetu
434 5585 535 5658 aperiri
550 5583 603 5644 sibi
612 5585 695 5660 cupit,
704 5586 752 5645 ubi
761 5587 841 5646 etiam
855 5587 921 5648 dicit
930 5590 965 5648 de
1014 5599 1192 5666 tempserunt.
1209 5591 1311 5665 (item.)
1341 5593 1400 5662 Vel,
1429 5591 1595 5654 aedifimntes
1610 5595 1637 5654 iu
1653 5597 1724 5657 mato
1738 5599 1814 5658 soci-
