3878 6322
115 128 181 185 tell
445 127 698 186 COLLECTANEA
717 125 755 183 ΙΝ
773 122 886 202 EPiST,
903 123 938 179 D.
958 123 1074 180 Pauli.
1090 155 1124 168 ·-
1139 126 1176 183 IN
1194 127 1248 182 tte.
1268 128 1280 182 l
1299 121 1346 183 AD
1366 126 1446 187 cho.
1705 129 1775 187 llll!

115 253 181 308 dum
196 251 298 326 aliquid
313 267 375 308 eum
388 251 528 308 nesciebat
546 269 552 307 :
570 251 671 309 sciebat
698 250 808 323 quidem
833 249 956 321 spon-A
970 247 1026 315 illa,
1056 249 1105 305 sed
1128 249 1187 322 ipse
1212 250 1347 308 laudetur.
1378 252 1443 308 ideo
1472 261 1583 310 causam
1611 253 1771 326 ostendens,

116 358 178 396 sum
193 349 295 398 essert
310 340 408 396 Filium
423 341 482 409 Dei,
500 341 548 397 sed
568 340 707 397 nesciebat
730 347 820 394 utrum
845 345 918 394 esset
969 351 1054 409 quare
1069 353 1123 393 noa
1138 337 1166 392 iu
1183 339 1314 409 sapientia
1329 339 1416 406 verbi,
1433 341 1518 408 addit,
1534 348 1563 396 ut
1579 357 1633 397 nou
1656 357 1775 398 evacue-

115 431 230 486 daturus
258 429 319 485 aliis
345 437 508 502 potestatem
536 427 683 502 baptismi,
718 444 754 484 an
774 427 918 500 proprium
968 432 1012 480 tur
1039 441 1106 482 crux
1135 427 1245 497 Christi,
1275 428 1344 484 sicut
1371 430 1603 500 pseudoapostoli,
1633 447 1668 487 ne
1698 431 1772 486 stulti

115 519 281 591 baptismum
296 527 368 574 esset
385 518 536 585 habitums,
552 526 579 575 et
602 517 732 591 baptismi
754 524 917 589 potestatem
968 513 1124 570 viderentur
1137 515 1317 587 prudentibus
1331 518 1436 584 mundi,
1451 518 1480 573 in
1496 518 1629 591 sapientia
1655 521 1770 574 humana

115 615 283 680 recepturus.
302 607 356 663 Sed
369 609 422 664 boc
436 623 486 679 per
502 607 631 679 Spiritum
645 606 748 672 didicit,
774 605 847 663 velut
869 621 918 677 per
969 603 1105 659 Christum
1123 604 1310 676 praedicabant
1333 605 1484 677 dupliciter,
1508 607 1611 664 scilicet
1636 608 1771 680 eloquen-

113 697 269 754 columbam
284 696 497 754 descendentem
512 704 538 752 et
553 704 707 752 manentem
730 711 814 767 super
835 693 917 750 Chri·
967 692 1011 748 tiae
1026 693 1176 761 studentes,
1197 701 1223 749 et
1238 710 1300 767 quae
1324 695 1441 750 mundus
1466 696 1546 751 stulta
1566 697 1678 765 judicat.
1703 697 1772 754 Evi-

114 785 286 842 stum.Unde
301 786 335 838 ad
350 785 440 856 ipsum
455 785 577 840 dicitur:
600 785 689 857 Super
712 800 793 857 quem
815 782 917 839 uiderit
968 781 1184 836 tantesrerbum
1206 782 1289 838 euim.
1320 783 1404 852 Quasi
1432 783 1503 840 dicat
1519 803 1527 840 :
1543 783 1610 853 Quis
1639 793 1771 856 quaereret

114 875 253 946 Spiritum
264 873 344 947 quasi
354 875 512 946 columbam
521 877 685 929 manentem
700 877 729 929 et
745 872 917 928 descendeu-
968 885 1002 926 aa
1022 879 1202 926 evacuaretur
1225 887 1291 928 crux
1313 871 1442 927 Christi?
1465 872 1635 944 respondet:
1660 873 1768 945 Utique.

118 967 183 1031 tem,
199 962 244 1019 tu‘e
263 966 307 1019 εει
324 965 372 1036 pai
390 963 517 1034 baptizat
533 961 634 1034 (ibid).
648 961 793 1034 baptizavi
807 963 914 1016 autem.
972 957 1087 1014 Verbum
1101 960 1189 1029 enim,
1205 958 1231 1014 id
1241 967 1283 1014 est
1293 960 1555 1031 praedicatiocracia
1565 962 1694 1018 stultitia
1704 962 1769 1034 qrat-

117 1051 203 1120 Quasi
222 1051 319 1107 dicat:
345 1051 407 1106 Non
427 1050 517 1106 solum
540 1049 603 1104 illos
624 1050 770 1121 praedictos
794 1049 916 1120 baptiza·
967 1047 1030 1102 rtem
1045 1051 1097 1117 εει,
1109 1047 1137 1103 id
1152 1055 1193 1104 εει
1208 1064 1269 1104 εεεε
1284 1049 1591 1123 videturpereuntidus,
1607 1048 1636 1105 id
1660 1058 1703 1105 εει
1721 1065 1770 1106 sa-

115 1139 210 1207 verim,
226 1140 275 1195 sed
289 1139 372 1194 etiam
386 1138 521 1210 baptizavi
537 1138 687 1212 Stephanae
702 1138 825 1205 domum,
840 1137 917 1192 idest
967 1135 1104 1206 picatibus
1120 1136 1316 1205 hujusmundi,
1342 1153 1458 1209 quorum
1482 1138 1616 1208 sapientia
1637 1137 1718 1209 perit,
1743 1146 1770 1194 et

115 1227 189 1284 illius
202 1235 335 1284 matronae
351 1225 483 1283 familiam
498 1243 559 1299 quae
570 1242 624 1282 nou
639 1234 680 1281 est
694 1227 729 1282 de
744 1227 794 1282 bac
804 1234 917 1283 conten·
967 1223 1035 1279 falsa
1050 1225 1211 1291 ostenditur,
1227 1234 1254 1280 et
1269 1225 1333 1281 inde
1357 1226 1410 1297 ipsi
1433 1226 1581 1281 damnandi
1605 1234 1678 1282 sunt.
1692 1227 1772 1282 ldeo·

115 1316 198 1373 tione.
213 1316 362 1384 Caeterum,
373 1315 451 1388 quasi
459 1316 550 1372 dicat:
569 1317 608 1371 De
619 1315 661 1371 his
672 1323 833 1372 certassem
844 1315 917 1387 quod
967 1329 1019 1384 que
1033 1328 1084 1384 pro
1099 1329 1132 1368 eo
1147 1315 1220 1386 quod
1243 1315 1360 1370 debebat
1383 1314 1474 1372 dicere
1497 1313 1675 1387 sapientibus,
1703 1315 1771 1370 dixit

115 1405 309 1477 baptizaverim
319 1421 377 1460 eos.
395 1405 528 1461 Caeterum
540 1406 634 1461 neseio
644 1406 670 1461 ει
679 1405 859 1477 quematium
872 1419 916 1460 ve·
966 1403 1153 1472 pereuntibus.
1170 1405 1217 1459 liis
1242 1408 1348 1460 autem.
1375 1402 1459 1473 Quasi
1482 1403 1563 1470 dicat,
1591 1403 1768 1474 pereuntibus

116 1500 219 1564 rtrum,
240 1495 286 1567 qui
303 1493 336 1548 sit
360 1494 394 1549 de
414 1492 602 1560 contentiosis,
623 1494 835 1566 baptizaverim.
856 1493 916 1549 Nou
966 1491 1079 1546 verbum
1095 1491 1185 1548 crucis
1200 1493 1312 1547 stultitia
1327 1499 1377 1548 est.
1400 1492 1455 1548 Sed
1474 1493 1517 1547 his
1538 1494 1667 1566 puisatui
1680 1493 1766 1564 fiunt,

116 1585 203 1639 euim.
215 1582 294 1639 llatio
303 1582 346 1639 hic
357 1582 566 1638 ostenditurcur
576 1590 630 1638 tam
647 1598 750 1654 paucos
770 1579 914 1652 baptizavi.
928 1606 953 1666 Β
966 1579 996 1636 te
1006 1583 1049 1636 εει
1060 1581 1146 1647 εοιὶε,
1160 1580 1264 1638 scilicet
1279 1581 1462 1648 credentibus,
1480 1583 1571 1638 virtus
1581 1583 1631 1638 Dei
1639 1587 1691 1650 εει,
1704 1582 1768 1656 quia

117 1671 202 1741 Quasi
221 1671 294 1728 dicat
310 1671 393 1728 :ldeo
415 1679 468 1726 tam
489 1686 592 1742 paucos
617 1670 759 1743 baptizari,
785 1670 917 1743 quianon
969 1669 1114 1725 credentes
1129 1669 1157 1724 in
1171 1685 1253 1726 cruce
1274 1670 1374 1726 Christi
1390 1670 1517 1726 virtutem
1532 1670 1583 1727 Dei
1604 1670 1768 1744 intelligunt,

116 1761 248 1816 matema
260 1760 389 1816 Christus
399 1761 553 1831 baptizare,
566 1759 638 1831 quod
654 1775 670 1814 a
684 1759 836 1814 minoribus
860 1756 919 1814 heri
969 1757 1033 1813 dum
1049 1757 1137 1814 sciunt
1147 1759 1220 1830 quod
1230 1759 1335 1816 occisus
1350 1759 1488 1830 diabolum
1503 1759 1576 1828 vicit,
1597 1759 1770 1816 ethominem

116 1856 214 1921 potest,
230 1865 265 1905 ne
279 1849 468 1905 retardaretur
480 1864 496 1902 a
510 1847 712 1920 praedicatione,
729 1848 763 1904 de
778 1863 833 1920 qua
852 1847 918 1902 sub·
968 1845 1102 1903 liberavit.
1119 1846 1178 1916 Vel,
1198 1847 1284 1903 virtus
1307 1847 1358 1903 Dei
1381 1855 1421 1904 est
1444 1848 1472 1903 id
1497 1855 1548 1915 cst,
1573 1848 1700 1904 virtutem
1722 1849 1768 1904 dat

117 1939 166 2009 dit,
182 1938 231 1996 rud
244 1939 448 2010 curtupeltaare.
464 1938 522 2009 (to)
536 1936 658 1994 Perfecte
682 1937 755 1992 enim
779 1936 917 2008 baptizare
969 1935 1151 2006 credentibus,
1167 1952 1322 2010 perquam,
1338 1953 1400 1993 cum
1420 1953 1464 1993 res
1478 1937 1572 2010 exigit,
1596 1935 1663 1993 fiunt
1684 1937 1768 1994 mira-

116 2029 196 2084 etiam
211 2027 300 2083 minus
314 2027 388 2084 docti
402 2035 525 2098 possunt,
541 2025 663 2098 perlecto
677 2034 767 2082 autem
796 2042 917 2100 evange·
968 2023 1042 2079 cula.

116 2117 196 2172 lizare
210 2116 296 2172 multo
309 2114 467 2172 difficilioris
485 2122 512 2171 et
526 2114 639 2171 rarioris
660 2122 701 2170 est
725 2114 826 2187 operis.
853 2115 917 2170 ideo

116 2205 212 2262 doctor
225 2204 346 2278 gentium
361 2204 484 2277 pluribus
499 2203 675 2262 excellentior
688 2204 876 2278 evangelizare
887 2220 917 2260 sc

116 2295 230 2350 missurn
244 2294 318 2361 dicit,
334 2309 389 2350 εοε
409 2293 558 2365 baptizare.

1003 2167 1240 2233 Vaxs.19,ii.-
1252 2167 1397 2240 Scriptum
1413 2171 1456 2224 εει
1471 2168 1569 2225 enim:
1586 2169 1707 2226 Perdam
1724 2187 1770 2227 aa·

966 2255 1109 2327 pientiam
1128 2257 1312 2326 sapientium,
1331 2261 1359 2312 et
1378 2255 1564 2329 prudentiam
1582 2258 1769 2331 prudentium

153 2383 211 2440 Hoc
225 2392 316 2438 mmm
343 2382 507 2439 necessitate
532 2381 613 2440 69
631 2382 748 2438 instante
777 2381 917 2438 interdum
967 2341 1125 2442 reprobabo.
1139 2343 1766 2418 Utisapieae,ubircrttu,utiiuquisitcrlru

118 2471 183 2546 egit.
199 2473 259 2530 Noa
267 2474 297 2528 in
308 2473 460 2544 sapientia.
473 2471 558 2540 Quasi
567 2471 641 2528 dicat
657 2489 663 2526 :
680 2471 748 2528 Dico
763 2470 836 2543 quod
861 2470 915 2525 mi·
962 2433 1120 2532 mmuh
1132 2436 1143 2488 '⁹
1153 2433 1378 2536 mmmm
1403 2434 1475 2536 sm?
1498 2436 1571 2537 ΒΨ
1595 2437 1769 2536 sapientiam

118 2561 206 2616 sitme
221 2559 419 2634 evangelizare,
435 2575 489 2616 εοε
504 2559 607 2633 utique,
623 2559 652 2614 in
674 2559 805 2630 sapientie
829 2561 915 2626 certi,
968 2519 1052 2623 hujus
1062 2519 1266 2577 maumam
1282 2537 1348 2594 ΨΜ
1363 2523 1467 2625 ΜΨ
1485 2527 1627 2594 ‘⁹⁰an
1645 2539 1704 2626 ’Ψ
1720 2539 1770 2581 ⁶⁰*

116 2649 144 2706 id
159 2656 201 2706 est
213 2649 242 2704 in
258 2648 391 2720 sapientia
408 2648 644 2720 philosophorum,
668 2664 728 2721 quae
747 2647 846 2705 dicitur
868 2663 916 2703 sa·
966 2613 1061 2679 ⁹²²⁰²¹²²
1075 2609 1199 2666 mmm
1217 2625 1269 2684 ΡΜ
1282 2611 1455 2681 mmmmm
1473 2613 1572 2678 ΨΜ
1591 2613 1702 2684 plum
1715 2615 1770 2670 ΒΜ

116 2738 220 2809 pientia
242 2737 328 2804 verbi,
350 2727 414 2810 quia
437 2736 535 2792 dicitur
560 2736 694 2808 sapientia
721 2737 773 2792 etsi
798 2751 854 2794 non
869 2736 913 2792 sit.
965 2699 1185 2803 mmmmm
1195 2699 1409 2803 proefstfamm
1423 2700 1515 2757 'alm
1537 2703 1633 2773 mm
1652 2701 1769 2806 mm

967 2789 1164 2859 tca,puomam
1175 2788 1267 2845 tader
1278 2791 1484 2861 stpnapetuut,
1505 2793 1534 2846 et
1546 2788 1634 2846 Graeci
1653 2805 1771 2862 rapten-

118 2825 168 2883 Vel
182 2826 244 2882 ideo
253 2825 351 2883 dicitur
366 2825 498 2897 sapientia
511 2825 599 2894 verbi,
614 2825 679 2897 quia
692 2825 824 2881 verbosos
840 2824 914 2896 lacit,
987 2875 992 2886 ,

116 2916 179 2972 ideo
193 2930 248 2970 non
262 2914 334 2970 misit
347 2930 391 2970 me
405 2913 433 2968 in
448 2913 582 2985 sapientia
595 2913 681 2980 verbi,
694 2917 726 2970 ut
735 2929 792 2970 aare
803 2929 915 2970 evacue-
968 2877 1040 2930 Μ
1050 2879 1193 2947 qmm‘

117 3009 166 3060 tur
178 3020 253 3060 cruc
269 3003 384 3059 Christi.
396 3002 453 3074 (ιι)
477 3003 528 3058 Per
555 3001 630 3058 illam
658 3001 731 3058 enirn
758 2965 957 3073 εεείεειίεεεο
1003 2998 1198 3071 scriptumest
1217 3000 1303 3056 cutm.
1316 2998 1401 3068 Quasi
1420 2999 1514 3056 dicat:
1539 3001 1605 3057 Ideo
1619 3017 1674 3056 non
1697 3001 1771 3057 misit

116 3109 182 3151 cmx
196 3091 305 3158 Christi,
321 3091 350 3146 id
364 3099 406 3147 est
420 3106 495 3148 mors
510 3091 609 3148 Christi
624 3098 780 3165 eyacuatur,
806 3097 833 3146 et
862 3090 917 3146 im·
968 3102 1012 3142 me
1027 3085 1178 3157 praedicare
1201 3086 1228 3141 in
1255 3087 1398 3158 sapientia,
1424 3087 1487 3159 quia
1512 3088 1675 3160 predixerat
1697 3089 1770 3163 quod

116 3180 246 3253 possibile
274 3179 422 3237 secundum
450 3187 575 3236 naturam
600 3179 747 3249 judicatur,
778 3185 807 3233 ut
843 3179 918 3234 Deus
968 3189 1030 3229 earn
1046 3189 1099 3229 noa
1115 3174 1251 3246 reciperet
1264 3175 1293 3229 in
1307 3173 1500 3247 praedicatione
1525 3176 1703 3248 evangelica3
1720 3177 1770 3234 sed

118 3269 277 3325 immortalis
291 3276 452 3325 moreretur.
470 3268 529 3336 Vel,
549 3275 695 3324 evacuatur
716 3283 784 3324 crux
808 3266 916 3335 Christi,
968 3263 1107 3334 perderet,
1133 3271 1159 3319 et
1178 3264 1339 3336 reprobaret
1362 3264 1397 3341 de
1420 3263 1536 3337 collegio
1559 3265 1769 3336 praedicatorum

117 3359 140 3414 si
155 3359 302 3430 quomodo,
319 3357 363 3414 vel
376 3357 447 3414 bona
462 3365 570 3424 natura,
584 3356 628 3414 ret
643 3356 696 3413 alio
720 3356 811 3429 aliquo
834 3356 918 3411 modo
968 3365 1089 3417 suorum,
1106 3358 1133 3407 ει
1146 3352 1199 3409 hoc
1213 3359 1255 3409 εει
1268 3352 1341 3425 quod
1354 3351 1406 3408 ait:
1423 3353 1568 3426 Scriptum
1583 3357 1626 3410 εει
1643 3355 1719 3412 enim
1741 3356 1770 3411 in

117 3454 215 3519 praeter
237 3463 298 3502 eam
320 3445 448 3503 credatur
471 3461 533 3501 esse
550 3445 656 3516 justitia
677 3451 704 3501 ει
727 3445 783 3501 vita
804 3452 915 3500 eterna.
967 3439 1055 3495 anaia
1070 3457 1076 3494 t
1093 3441 1214 3498 Perdam
1227 3443 1402 3515 sapientiam
1416 3443 1592 3515 sapientium
1612 3443 1715 3513 saeculi,
1742 3447 1771 3501 et

117 3535 316 3607 acutequippe
330 3534 528 3591 videnturbaec
556 3534 620 3600 dici,
651 3534 700 3590 sed
728 3533 755 3588 in
785 3532 918 3605 sapientia
966 3529 1770 3604 prudentiamprudcnttumreprobabo,idestsapientiem

118 3623 275 3696 verbique
303 3631 451 3679 evacuatur
478 3639 544 3680 crux
574 3622 683 3678 Christi.
707 3622 768 3678 Non
797 3628 838 3677 est
866 3621 918 3676 ista
967 3617 1144 3685 mundanam,
1162 3627 1188 3674 et
1201 3619 1373 3691 prudentiam
1388 3619 1583 3676 eliminabunt
1603 3621 1770 3692 predicato-

119 3707 252 3778 sapicntia
267 3706 412 3763 desursum
425 3706 609 3763 descendens.
632 3705 661 3760 Si
681 3721 746 3776 ergo
768 3704 917 3760 secundum
968 3705 1043 3761 ribus
1057 3706 1211 3780 Evangelii,
1235 3715 1264 3762 ut
1287 3707 1355 3763 tales
1379 3708 1517 3779 sapientes
1541 3709 1612 3763 inter
1634 3709 1771 3780 praedica-

120 3795 273 3868 Scripturas
289 3795 436 3867 sapiamus‚
465 3811 520 3850 non
549 3793 675 3868 cogimur
702 3801 798 3850 contra
818 3792 918 3848 Christi
968 3802 1041 3850 tores
1056 3795 1264 3867 nonrecipiam,
1281 3803 1307 3850 et
1322 3795 1417 3852 siaest
1431 3796 1545 3853 lactum.
1569 3797 1615 3855 tttt
1630 3805 1672 3852 est
1697 3797 1770 3853 enim

119 3883 234 3955 gratiam
244 3883 394 3955 disputare,
411 3891 437 3940 et
460 3899 492 3939 ea
504 3882 593 3938 dicere
615 3881 713 3954 quibus
730 3883 917 3937 demonstrare
968 3885 1091 3957 sapiens,
1102 3884 1174 3940 inter
1189 3884 1381 3956 predicatores
1395 3885 1409 3940 i
1423 3884 1495 3942 inter
1508 3901 1578 3959 quos
1593 3885 1616 3942 si
1636 3901 1698 3942 esse
1719 3903 1769 3944 ro·

121 3988 251 4029 conemur
278 3979 404 4029 naturam
431 3972 587 4042 humanam,
617 3987 705 4044 aeque
733 3970 760 4025 in
797 3969 918 4042 parvulis
967 3971 1057 4039 luerit,
1074 3971 1234 4044 sapientiam
1249 3972 1322 4028 illam
1345 3972 1464 4043 abjicere
1486 3975 1613 4046 oportuit.
1638 3975 1673 4030 Et
1696 3975 1770 4032 Nota

119 4063 226 4119 medico
240 4062 375 4136 indigere,
398 4061 460 4134 quia
488 4077 554 4117 sana
581 4068 631 4128 est,
661 4067 688 4115 ει
714 4059 743 4114 ia
770 4059 918 4129 maioribus
969 4061 1043 4132 quod
1060 4061 1179 4133 primum
1195 4061 1271 4134 ponit
1285 4076 1391 4134 geuus;
1418 4061 1517 4119 deinde
1535 4062 1627 4119 subdit
1650 4064 1766 4136 species,

120 4151 172 4206 sibi
186 4151 221 4207 ad
241 4151 382 4222 justitiam,
413 4151 437 4206 si
464 4151 557 4218 velint,
586 4164 668 4221 posse
696 4147 830 4205 sufficere.
861 4148 917 4219 (ll)
968 4148 1064 4206 dicens
1080 4165 1087 4203 ε
1104 4151 1150 4208 ttti
1164 4150 1256 4206 scriba
1272 4151 1345 4207 aaut
1368 4151 1521 4225 inquisitor
1541 4152 1626 4226 hujus
1646 4154 1769 4210 seculi!

120 4239 253 4309 Quocirca
267 4255 321 4296 uon
336 4239 476 4312 praesrmit
490 4238 636 4310 Apostolus
650 4237 677 4292 ia
692 4236 822 4309 sapientia
841 4235 919 4291 verbi
969 4237 1085 4308 Sapiens
1100 4254 1188 4310 genus
1203 4246 1244 4294 εει
1259 4238 1411 4312 utriusque,
1429 4240 1532 4297 scilicet
1555 4241 1653 4298 scribae
1675 4250 1701 4299 et
1725 4242 1770 4296 in-

119 4329 276 4401 predicare,
300 4329 347 4384 sed
372 4329 571 4401 scripturarum
596 4325 753 4382 auctoritate
776 4330 919 4381 contentus
934 4323 1122 4399 unisitoris.
1143 4325 1239 4383 Scriba
1255 4335 1296 4383 est
1311 4327 1358 4399 qui
1372 4328 1454 4384 etiam
1474 4330 1508 4386 de
1533 4330 1653 4386 moribus
1676 4337 1703 4386 et
1726 4346 1770 4386 ar-

119 4416 282 4489 simplicitati
296 4418 396 4486 studet,
421 4416 511 4489 potius
538 4431 620 4488 quam
650 4413 759 4469 tumori.
786 4413 837 4470 Vel
864 4429 920 4469 nou
969 4415 1041 4470 tibus
1054 4424 1190 4487 praecepta
1206 4417 1262 4472 dat.
1279 4417 1453 4490 Conquisitor
1468 4426 1509 4474 est
1523 4418 1569 4489 qui
1589 4426 1695 4476 secreta
1717 4435 1770 4476 na·

119 4507 191 4562 misit
206 4522 249 4562 me
263 4506 415 4578 praedicare
436 4506 463 4561 iu
491 4504 623 4576 sapientia
650 4503 736 4569 verbi,
768 4501 795 4557 id
824 4509 865 4558 est
891 4502 920 4556 in
969 4511 1036 4559 turae
1051 4503 1173 4560 rimatur.
1193 4503 1272 4562 Tales
1287 4506 1360 4562 enim
1375 4505 1471 4578 recipit
1486 4507 1560 4562 Deus
1574 4506 1644 4563 inter
1667 4507 1768 4580 praedi-

120 4594 213 4666 lepore
229 4603 255 4651 et
270 4602 368 4650 ornatu
389 4594 543 4661 verborum,
570 4592 634 4665 quie
656 4590 814 4663 praedicatio
837 4589 919 4645 Chri·
969 4600 1087 4661 catores,
1118 4593 1167 4649 sed
1194 4594 1291 4650 stultos
1311 4593 1383 4652 lecit.
1414 4595 1492 4651 Unde
1521 4594 1641 4651 subdit:
1671 4597 1769 4654 Nonae

121 4683 209 4738 stiana
222 4698 277 4738 non
296 4682 400 4754 indiget
427 4697 537 4754 pompa,
568 4689 595 4738 et
623 4681 696 4738 cultu
723 4679 856 4736 sermonis
884 4695 919 4734 ne
969 4682 1529 4754 stultamsectttleusaapt'erttiambajut
1537 4685 1769 4743 muuditllelita:

119 4770 244 4826 videatur
265 4786 326 4826 esse
355 4785 389 4826 ex
413 4771 540 4838 versutia,
569 4776 596 4826 et
622 4767 766 4825 calliditate
794 4769 919 4824 humanae
970 4768 1105 4841 Scriptum
1120 4778 1161 4825 est
1174 4770 1257 4826 enim.
1275 4770 1358 4840 Quasi
1371 4771 1443 4828 dicat
1465 4771 1635 4841 :Benedico,
1648 4789 1768 4846 pereun-

121 4857 261 4930 sapientiae
275 4873 331 4914 non
351 4873 387 4914 ex
416 4858 538 4915 veritate.
568 4857 749 4930 [Ambrosius]
777 4857 818 4912 lbi
845 4856 918 4912 euim
968 4857 1060 4926 tibus;
1076 4859 1114 4916 sic
1130 4859 1202 4915 enim
1218 4859 1353 4931 Scriptum
1368 4868 1419 4928 est,
1445 4859 1549 4918 scilicet
1572 4861 1645 4934 quod
1666 4863 1768 4935 prode-

120 4946 281 5018 compositio
303 4947 450 5004 verborum
475 4946 612 5020 quaeritur,
638 4945 685 5002 ubi
707 4952 777 5002 teste
801 4945 918 5002 Veritate
969 4954 1018 5014 ret,
1036 4955 1062 5004 et
1076 4947 1224 5019 reprobam
1234 4947 1385 5022 falsamque
1400 4948 1502 5006 taceret
1518 4949 1678 5022 sapientiam
1689 4952 1768 5021 hujus

119 5036 222 5108 ipsese
237 5051 292 5092 εοε
316 5035 487 5092 commendat
511 5035 618 5092 Veritas
644 5035 713 5091 sicut
735 5034 763 5088 in
786 5033 919 5106 sapientia
969 5035 1062 5091 mundi
1080 5051 1086 5091 :
1102 5045 1129 5093 et
1143 5037 1195 5093 hoc
1210 5045 1260 5105 est,
1276 5037 1400 5109 perdam,
1425 5039 1454 5094 id
1477 5046 1518 5095 est
1543 5039 1645 5095 irritam
1669 5038 1767 5097 faciam

119 5124 266 5180 mundana.
284 5124 337 5194 Qui
351 5140 417 5198 ergo
440 5123 522 5181 fidem
551 5123 651 5180 Christi
680 5121 773 5180 verbis
783 5138 918 5180 exornare
969 5124 1129 5197 sapientiam
1145 5125 1316 5196 sapientium.
1333 5127 1474 5201 [August]
1490 5128 1551 5184 Non
1576 5128 1768 5201 utiquemeam

120 5213 186 5281 vult,
217 5213 347 5272 obscurat
360 5212 435 5270 illam
459 5213 606 5286 splendore
627 5212 784 5282 verborum,
813 5220 842 5268 ut
863 5227 919 5270 non
968 5213 996 5269 iu
1011 5213 1051 5270 eis
1064 5213 1188 5287 perdam,
1205 5215 1254 5272 sed
1269 5215 1344 5271 illam
1357 5233 1418 5288 quae
1431 5225 1474 5273 est
1497 5232 1590 5274 eorum
1612 5233 1692 5291 quam
1714 5217 1766 5275 sibi

166 5389 208 5459 to)
226 5393 390 5457 ιεεεειιεεε,
403 5391 633 5457 εεειεειειεειεεε
1003 5383 1058 5455 (ιι)
1076 5388 1190 5455 luent,
1202 5387 1458 5448 contralelldanun.

169 5459 211 5528 tt)
230 5459 383 5529 subrutus,
395 5459 430 5516 lte
441 5461 530 5515 natare
540 5462 565 5514 ει
575 5455 665 5525 aratia.
