3878 6322
139 235 209 289 1573
459 229 713 287 COLLEGTANEA
732 230 769 286 IN
786 227 896 286 aelst.
916 228 950 283 D.
971 226 1083 284 PAULI.
1098 253 1133 282 a·
1152 227 1190 283 IN
1207 227 1262 284 EP.
1287 226 1365 283 lAD
1384 223 1464 283 COR.
1721 225 1790 282 tata

141 354 241 412 minati
256 354 403 422 nudantur,
420 353 511 411 salvus
525 354 560 410 sit
575 353 614 410 eis
628 369 687 410 non
711 352 838 408 amissus.
854 353 885 407 ln
899 351 980 414 dieA
995 349 1030 406 do
1045 366 1079 406 ex
1095 351 1212 422 AEgypto
1226 349 1362 425 fugientes
1376 367 1450 406 mare
1471 349 1590 407 Rubrum
1615 347 1790 404 transiemnt.

142 443 263 511 Domini,
281 442 385 500 scilicet
411 441 439 498 in
463 441 507 498 die
528 442 632 512 judicii.
661 441 721 498 Nisi
744 441 816 496 enim
841 441 944 511 ejectus
995 440 1075 496 Nunc
1090 438 1175 512 ligura
1190 439 1237 494 illa
1251 439 1411 511 prophetica
1425 439 1454 494 in
1468 437 1581 495 veritate
1596 437 1791 508 completaest,

139 532 258 600 fuisset,
275 547 330 586 non
354 529 432 586 lieret
457 530 550 586 salvus
571 530 679 602 spiritus
701 529 834 586 Ecclesiae
858 529 884 584 iu
900 528 944 584 die
995 544 1057 585 oum
1073 527 1143 584 sicut
1164 527 1224 583 ovis
1249 527 1283 582 ad
1308 527 1501 595 immolandum
1523 527 1633 583 ducitur
1657 525 1790 592 Christus,

141 621 247 691 judicii.
265 619 417 676 Desercbat
431 619 503 674 enim
518 634 613 676 omnes
628 617 867 674 contaminationis
884 633 945 674 cau·
995 617 1073 687 cujus
1087 615 1220 690 sanguine
1234 615 1309 671 illitis
1324 616 1447 686 postibus
1469 617 1579 683 nostris,
1594 615 1622 670 id
1647 622 1688 670 εει
1715 615 1793 685 cujus

143 725 185 779 sa,
200 716 229 765 ut
243 708 272 764 in
287 707 451 765 Diellomini
465 707 532 764 nudi
545 706 671 779 aSpiritu
686 716 780 764 sancto
792 706 947 764 inveniren-
995 706 1076 779 signo
1091 703 1180 761 crucis
1196 703 1311 777 signatis
1325 703 1459 758 frontibus
1482 703 1591 770 nostris,
1608 719 1625 758 a
1639 703 1794 774 perditione

142 805 199 854 tur.
995 794 1075 864 hujus
1091 793 1185 850 sanun
1199 800 1326 864 anquam
1339 807 1356 847 a
1370 791 1527 863 captivitate
1541 791 1700 864 Egyptians
1722 791 1795 847 libe-

995 898 1099 949 ramur,
1117 889 1144 936 et
1172 881 1381 936 saluberrimum
1403 879 1546 935 transitum
1575 879 1682 951 agimus
1702 895 1794 936 cuma

178 940 264 1041 anis.
277 940 337 1038 9-8·
351 966 389 1040 ⁸.
405 938 466 993 N⁰t²
481 938 524 993 ιιι
539 937 753 1009 l⁰i⁰⁹³⁰²i¹⁸ii⁰
768 941 871 993 vasam.
890 937 945 992 Νι·
995 970 1103 1027 aranoro
1127 969 1275 1025 transimus
1303 968 1337 1023 aa
1353 968 1501 1024 carisium.
1523 967 1565 1023 aa
1592 967 1646 1022 mo
1674 967 1794 1023 insuam

143 1026 640 1098 scetaspnramodtcumsermcntnm
652 1029 740 1082 totam
751 1041 946 1082 massamcor-
996 1059 1096 1115 mulo
1110 1058 1145 1113 ad
1160 1057 1219 1126 ejus
1242 1056 1463 1112 fundatissimum
1485 1071 1612 1129 regnum·
1642 1055 1706 1112 [deo
1721 1055 1795 1110 enim

146 1116 258 1186 rumpit
268 1116 451 1216 mmmm
466 1117 545 1214 ‘fem
559 1116 746 1216 fe'smemfn’
756 1117 789 1168 ω
799 1114 863 1169 Μ’
873 1129 946 1169 '¹⁰⁰⁶
996 1148 1030 1203 ad
1046 1153 1252 1218 permanentem
1268 1143 1521 1214 Deumtmnsimus,
1533 1160 1567 1200 ne
1580 1160 1643 1201 cum
1654 1145 1706 1200 hoc
1715 1160 1794 1199 muu-

146 1217 316 1304 ⁰⁰mpqr⁵²ffi
333 1204 408 1257 ”cut
422 1203 491 1256 Μ
510 1217 612 1302 “m''
630 1200 862 1273 mmmmm
878 1216 945 1256 '⁸⁰⁸'
996 1236 1032 1292 do
1047 1242 1205 1290 transeunte
1231 1241 1417 1288 transeamus.
1451 1232 1558 1287 Pascha
1579 1231 1727 1288 immolatio
1741 1238 1792 1298 est,

146 1294 225 1393 frum
241 1291 405 1346 mmmm
414 1293 457 1390 “f
469 1289 606 1388 Chmtuff'·
616 1289 711 1361 [ΜΨ
721 1290 879 1392 epulemur,
886 1302 945 1343 '¹⁰⁷²
996 1339 1050 1380 non
1071 1322 1200 1378 transitus
1211 1321 1281 1378 sicut
1295 1320 1460 1395 quibusdam
1474 1320 1591 1375 videtur.
1610 1318 1793 1392 [Ambrosius]

146 1395 179 1434 m
195 1380 453 1450 [mmmmm
470 1391 559 1448 mque
575 1392 608 1431 Μ
625 1377 945 1448 smmwmammt
994 1411 1074 1466 Prius
1089 1411 1162 1466 enim
1176 1411 1276 1481 pasclta
1292 1415 1391 1476 est,et
1420 1407 1458 1463 sic
1483 1407 1622 1473 transitus,
1639 1408 1703 1479 quia
1732 1414 1795 1462 ante

147 1466 294 1540 '‘equita‘’
309 1465 356 1522 'ed
370 1466 402 1520 in
416 1465 522 1536 ⁰⁷⁶me
537 1465 715 1521 ‘immam
727 1465 905 1521 mmmm·
995 1499 1151 1570 exemplum
1167 1506 1207 1554 est
1223 1497 1380 1566 salvatoris,
1396 1504 1423 1551 et
1437 1495 1477 1552 sic
1491 1495 1573 1552 solus.
1590 1496 1696 1568 ltaque.
1709 1493 1796 1565 Quasi

182 1591 242 1646 Non
253 1590 322 1646 bono
338 1592 390 1644 est.
407 1587 492 1658 Quasi
506 1587 579 1644 dicat
591 1605 597 1644 :
609 1588 643 1643 Et
665 1587 729 1660 qnia
743 1587 804 1644 talis
827 1587 942 1643 fornica·
994 1587 1067 1644 dicat
1085 1588 1142 1642 :Et
1159 1586 1223 1658 quia
1238 1585 1363 1642 Christus
1377 1584 1530 1640 immolatus
1554 1590 1596 1640 est
1618 1585 1720 1655 pascha
1739 1599 1793 1640 no-

147 1686 190 1734 tor
203 1677 275 1732 inter
289 1692 339 1733 vos
354 1683 404 1746 est,
420 1675 504 1747 igitur
518 1693 577 1732 non
600 1676 672 1732 bona
686 1680 728 1732 est
741 1677 873 1749 gloriatio
888 1692 981 1764 aes-B
999 1685 1094 1746 strum,
1108 1678 1203 1748 itopne
1219 1676 1368 1748 epulemur
1382 1691 1440 1730 non
1450 1675 1482 1730 in
1497 1675 1639 1745 fermento
1649 1673 1747 1739 aeteri,
1764 1672 1792 1727 id

150 1768 206 1831 tra,
218 1781 271 1837 qua
281 1764 369 1834 justos
383 1778 432 1821 vos
446 1779 507 1819 esse
518 1763 625 1832 iactatis
650 1762 696 1834 qui
710 1763 788 1820 talem
808 1763 879 1820 inter
894 1779 944 1820 vos
996 1772 1038 1821 εει
1048 1765 1076 1818 in
1090 1763 1262 1834 corruptione
1273 1762 1367 1829 veteri,
1377 1761 1439 1834 quia
1450 1760 1529 1818 aliter
1538 1777 1594 1817 non
1603 1761 1790 1817 transiremus.

147 1851 288 1924 patimini;
303 1859 330 1908 et
344 1851 367 1906 si
378 1867 445 1923 ergo
455 1851 483 1906 in
492 1851 552 1906 aliis
564 1851 629 1906 boni
644 1850 704 1906 sitis
715 1853 774 1908 haec
784 1859 875 1908 tamen
887 1852 944 1926 glo
994 1852 1100 1909 Deinde
1119 1851 1283 1908 fermentum
1304 1849 1485 1921 corruptionis
1504 1865 1555 1922 per
1575 1857 1669 1922 partes
1693 1849 1791 1904 distin-

149 1940 227 1997 riatio
241 1939 314 1995 mala
329 1947 379 2009 est,
394 1939 456 2011 quia
470 1940 528 1996 haec
542 1939 632 1994 omnia
652 1939 725 1995 boae
739 1939 860 2011 impedit,
877 1942 944 2014 quio
994 1941 1062 2014 guit,
1079 1939 1107 1996 id
1131 1948 1174 1996 εει
1197 1955 1286 2012 nepae
1309 1940 1344 1994 ia
1371 1942 1513 2011 sarmento
1541 1939 1672 2005 malitie,
1689 1955 1751 2010 quae
1765 1938 1792 1993 in

148 2028 289 2085 modicum
302 2030 485 2099 sementum,
507 2027 534 2082 id
549 2035 590 2082 est
604 2043 756 2084 consensus
782 2029 862 2098 hujus
876 2043 942 2100 pec·
995 2029 1080 2085 alium
1097 2035 1258 2085 exerceatur
1270 2045 1277 2094 ;
1294 2030 1323 2084 ει
1337 2028 1482 2100 nequitiae,
1499 2042 1582 2098 quam
1596 2027 1623 2082 in
1633 2043 1662 2082 εε
1674 2027 1735 2100 quis
1745 2026 1792 2083 lra-

150 2117 221 2188 cati,
238 2115 312 2189 quod
331 2116 469 2189 cognitum
484 2131 539 2172 non
561 2116 693 2188 arguitur,
715 2121 805 2173 totam
819 2134 943 2174 acassam
994 2118 1049 2174 bet.
1067 2116 1169 2173 Malitia
1184 2116 1257 2172 enim
1273 2123 1314 2172 est
1329 2115 1458 2188 iniquitas
1473 2131 1535 2188 quae
1549 2114 1578 2171 fit
1592 2115 1621 2171 in
1635 2115 1727 2186 alium,
1742 2132 1792 2172 ne-

149 2205 316 2278 corrampit,
342 2203 526 2276 [Ambrosius]
544 2204 572 2260 id
601 2213 643 2260 εει
657 2221 752 2261 οιεεεε
767 2205 941 2272 contaminat,
995 2206 1079 2278 quitis
1094 2213 1135 2262 est
1151 2205 1278 2278 iniquitas
1294 2219 1375 2275 quam
1391 2203 1418 2258 in
1433 2219 1463 2259 sc
1486 2203 1547 2276 quis
1571 2204 1722 2261 committit.
1738 2204 1792 2262 Sed

148 2294 195 2367 qui
205 2309 267 2349 curn
276 2292 381 2364 possint
390 2309 507 2364 arguere
518 2292 698 2348 dissimulant.
712 2293 860 2366 Partiolpes
870 2292 943 2349 eninr
994 2297 1026 2350 ia
1040 2296 1147 2368 azymis
1161 2294 1339 2350 sinceritatis
1354 2297 1383 2349 et
1397 2277 1538 2359 scribatis,
1555 2291 1582 2347 id
1597 2300 1638 2348 εει
1653 2293 1680 2348 in
1702 2293 1791 2349 since-

150 2389 227 2438 erant
238 2382 300 2436 darn
315 2389 473 2452 paterentur
488 2397 575 2437 reum.
592 2381 647 2437 Sed
662 2381 686 2436 si
705 2382 767 2454 quis
781 2389 943 2453 potestatem
993 2383 1073 2438 ritate
1089 2382 1190 2438 avitiis
1203 2389 1230 2437 ει
1244 2383 1358 2440 veritate
1380 2381 1511 2436 bonomm
1531 2396 1644 2452 operum
1666 2398 1727 2453 quae
1742 2399 1792 2453 per

148 2470 295 2525 nonhabet
309 2485 390 2541 quem
404 2469 473 2526 sicut
488 2486 564 2525 reum
580 2469 699 2539 abjicere
709 2470 751 2527 vel
761 2471 878 2542 probare
888 2486 943 2526 non
994 2487 1104 2543 mymos
1120 2468 1319 2542 significantur.
1336 2469 1395 2535 Vel,
1410 2469 1438 2524 in
1452 2470 1554 2542 azynris
1573 2469 1746 2537 sinceritatis,
1763 2470 1791 2526 id

148 2558 230 2626 valet,
246 2557 375 2613 immunis
389 2565 440 2624 est,
457 2566 484 2614 ει
502 2557 604 2627 judicis
618 2573 672 2614 nou
692 2567 733 2614 est
757 2559 815 2614 sine
835 2574 945 2616 accusa·
993 2568 1036 2616 εει
1049 2575 1128 2616 novae
1142 2559 1214 2624 vite,
1232 2565 1259 2614 et
1274 2557 1405 2628 veritatis,
1421 2565 1451 2612 ut
1466 2557 1524 2614 sine
1538 2557 1612 2614 omni
1639 2557 1734 2614 fraude
1749 2559 1789 2615 si-

147 2654 207 2703 tore
222 2647 363 2714 damnare,
380 2653 410 2702 ut
428 2661 480 2702 nec
503 2646 626 2702 Christus
645 2647 743 2702 iudan
755 2647 863 2718 abjecit,
880 2647 943 2720 quia
993 2665 1063 2719 mus,
1080 2648 1163 2703 idest
1185 2654 1215 2701 ut
1238 2645 1381 2702 sinceritas
1405 2646 1537 2702 mundam
1562 2647 1644 2704 uitam
1658 2646 1747 2716 laniat,
1763 2654 1791 2704 et

149 2743 257 2792 nonest
270 2741 425 2791 accusatus.
445 2734 505 2800 Vel,
526 2735 663 2791 modicum
674 2734 848 2804 termentum,
859 2735 887 2790 id
902 2743 943 2792 εει
992 2737 1095 2792 veritas
1108 2750 1217 2791 omnem
1238 2733 1360 2791 fraudem
1374 2734 1507 2790 excludat.

148 2840 219 2880 unus
233 2823 381 2880 saminator
390 2821 459 2878 alios
474 2837 523 2878 suo
539 2823 664 2895 exemplo
678 2823 714 2878 ad
734 2831 877 2896 peccatum
892 2831 944 2879 tra-
1030 2825 1115 2880 Vnus.
1132 2827 1214 2879 s-ta.
1227 2823 1372 2896 -Scripai
1387 2822 1461 2879 vobis
1473 2822 1506 2878 ia
1520 2823 1640 2896 epistola
1651 2844 1660 2881 .-
1671 2826 1709 2881 Νε
1722 2841 1793 2883 corn

149 2912 250 2978 hendo,
266 2919 352 2968 totam
375 2925 493 2965 massam
509 2911 667 2981 corrumpit,
685 2911 763 2966 idest
783 2927 879 2968 omnes
896 2911 943 2983 qui
993 2914 1174 2970 misceamini
1201 2912 1379 2984 fornicariis.
1413 2913 1474 2968 Non
1503 2912 1602 2985 atique
1629 2917 1794 2985 [cannariis

149 3008 249 3056 norunt
259 3007 286 3056 et
298 3015 353 3056 non
363 2998 493 3054 devitant.
507 2999 542 3054 Et
561 3013 597 3053 an
610 2999 728 3055 nescitis
739 3000 820 3066 thoe,
837 3015 943 3071 expar-
995 3001 1080 3072 bajas
1095 3000 1206 3065 mandi,
1224 3002 1276 3055 εει
1286 2999 1380 3055 neoris
1394 3003 1446 3054 εει
1460 3000 1623 3071 rapacibus,
1643 3006 1696 3057 εει
1711 3003 1793 3059 idolis

148 3092 222 3160 pote.
240 3087 324 3156 Quasi
336 3087 408 3144 dicat
424 3104 432 3142 :
446 3088 481 3142 Ει
493 3087 558 3159 quia
571 3086 707 3142 modicum
717 3085 880 3142 fermentum
894 3055 978 3142 vasG
994 3087 1191 3154 servientibus,
1217 3088 1345 3159 alioquin
1368 3086 1528 3143 debueratis
1550 3086 1583 3142 de
1611 3087 1661 3146 boe
1686 3090 1792 3148 mando

149 3176 305 3248 corrumpit,
321 3191 399 3250 ergo,
416 3183 567 3248 expurgate
590 3190 649 3239 vos,
670 3174 835 3244 ejiciendos
854 3174 941 3240 vobis,
993 3177 1192 3234 cannabinas
1210 3178 1308 3231 antem
1325 3176 1426 3246 scripsi
1443 3175 1517 3231 uobis
1532 3192 1589 3231 aon
1604 3179 1792 3235 commisceri.

148 3267 426 3336 retrusermentam,
439 3261 625 3338 [Augustinus]
641 3261 668 3318 id
683 3270 724 3318 est
742 3278 804 3318 eum
824 3263 870 3335 qui
886 3277 944 3319 cor·
993 3267 1023 3323 Si
1036 3266 1062 3322 is
1076 3267 1124 3338 ont
1137 3267 1230 3336 frater
1245 3265 1413 3319 nominator
1422 3263 1501 3320 inter
1510 3279 1555 3319 vos
1566 3268 1609 3320 est
1622 3265 1791 3336 fornicator,

150 3353 251 3425 rumpit
261 3368 321 3419 vos,
338 3352 383 3425 qul
398 3359 439 3408 εει
466 3352 620 3408 membmm
644 3352 744 3408 veteris
758 3351 886 3420 hominis,
917 3359 944 3407 et
994 3358 1046 3412 εει
1060 3370 1172 3420 oneras,
1188 3356 1239 3409 nat
1253 3353 1336 3409 idolis
1350 3353 1548 3421 serviensem
1563 3353 1729 3423 maledicus,
1741 3361 1793 3413 εει

151 3442 254 3498 acidus.
271 3441 366 3510 Ejecto
381 3440 464 3512 igitur
479 3440 525 3496 illo
548 3440 802 3496 lomicatorevetus
829 3439 945 3496 lermen·
994 3444 1129 3510 ebriosas,
1145 3445 1197 3498 εει
1211 3457 1314 3514 rapas,
1343 3457 1408 3498 cam
1435 3441 1596 3514 hujusmodi
1620 3459 1672 3500 aec
1700 3446 1794 3502 cibam
1843 3463 1851 3482 c

150 3538 206 3586 tum
220 3529 334 3599 ejicitur.
354 3530 524 3602 Expurgate,
541 3528 783 3598 dico,ntsitis,id
798 3537 840 3585 est
854 3544 945 3601 perse·
994 3549 1115 3590 ramere.
1133 3531 1204 3599 Quid
1232 3531 1309 3587 enim
1332 3530 1404 3587 mibi
1428 3531 1462 3588 de
1483 3533 1528 3588 lais
1554 3533 1603 3606 qni
1624 3534 1695 3604 soria
1725 3539 1794 3591 snat

150 3617 260 3684 verotis,
277 3632 348 3674 nono
359 3618 528 3689 conspersio,
540 3617 569 3672 id
583 3625 624 3673 est
646 3617 770 3674 innovati
799 3617 945 3674 virtutibus
991 3620 1795 3696 judicaretdonnedebnpniintnssantvosindicatist

152 3706 251 3763 etsine
267 3704 572 3777 conuptionepeccati,
587 3705 831 3774 contentarum
849 3706 877 3761 in
900 3705 946 3761 ba·
995 3712 1066 3768 Nam
1080 3727 1125 3768 eos
1140 3709 1187 3780 qni
1205 3709 1276 3780 foris
1301 3711 1371 3765 sant
1398 3710 1472 3766 Deos
1495 3709 1647 3781 judicabit.
1675 3710 1793 3782 inserte

151 3794 251 3867 ptismo
265 3794 366 3867 nnymi,
397 3793 481 3850 idest
504 3810 522 3849 a
550 3793 724 3866 cormptlone
746 3794 851 3866 peccati
873 3794 943 3866 puri.
995 3801 1105 3856 malam
1119 3814 1156 3854 ea
1170 3798 1244 3854 vobis
1258 3797 1336 3869 ipsis.
1776 3849 1780 3856 .

152 3882 318 3955 conspersio
338 3882 412 3938 enim
435 3889 476 3938 est
504 3881 593 3940 larino
606 3898 657 3954 per
680 3897 778 3954 aquam
801 3883 942 3954 glutinata,
1031 3886 1138 3960 Scripsi
1148 3887 1231 3943 vobis.
1245 3883 1330 3955 Quasi
1338 3884 1410 3940 dicat
1426 3902 1433 3940 z
1449 3886 1546 3942 Moneo
1556 3901 1606 3942 vos
1616 3886 1651 3942 ah
1662 3886 1715 3944 hoc
1731 3905 1794 3960 pur-

150 3972 209 4028 sine
225 3970 358 4028 termento
371 3989 377 4026 :
391 3971 463 4028 idem
473 3979 514 4028 est
524 3979 550 4027 et
571 3986 676 4044 azyma.
704 3971 767 4027 Vult
793 3987 860 4044 ergo
873 3974 947 4044 Apo-
996 3990 1073 4049 gare,
1096 3981 1123 4031 ει
1152 3974 1211 4029 εἰεε
1239 3973 1292 4031 hac
1319 3973 1502 4030 admonitione
1522 3974 1676 4031 debueratis
1691 3975 1791 4045 lacere,

152 4060 238 4117 stolus
254 4069 282 4115 ut
294 4060 339 4115 isti
354 4060 407 4116 sint
422 4075 494 4118 nova
508 4060 678 4132 conspersio,
695 4059 723 4115 id
738 4061 946 4132 estunumquid
997 4063 1129 4136 quiajam
1144 4063 1176 4119 in
1190 4061 1245 4118 alia
1261 4063 1395 4134 Epistola,
1412 4063 1509 4134 scripsi
1534 4063 1625 4131 tobis,
1643 4067 1694 4121 troc
1716 4065 1793 4122 scili-

150 4149 398 4221 perdilectionem,
415 4157 442 4205 et
457 4149 660 4221 acormptione
679 4148 786 4221 peccati
800 4148 861 4220 puri
876 4149 947 4205 siout
997 4159 1040 4210 cet
1056 4169 1063 4207 :
1079 4152 1141 4208 lion
1158 4151 1400 4208 commisceamini
1418 4152 1593 4223 seminariis.
1609 4151 1792 4228 [Ambrosius]

150 4237 417 4310 inbaptismo,sicut
431 4237 495 4295 iacti
516 4239 623 4311 azymi,
639 4238 667 4294 id
694 4245 736 4294 est
749 4236 853 4303 mundi,
887 4237 947 4294 sine
997 4239 1180 4314 significatae
1201 4239 1278 4312 prius
1300 4239 1445 4313 scripsisse
1473 4241 1513 4297 eis
1541 4241 1620 4298 aliam
1643 4242 1792 4315 Epistolam

150 4325 335 4398 corruptione.
348 4329 432 4398 Zyma
446 4327 519 4382 enim
538 4343 640 4401 graece,
656 4326 737 4382 latine
769 4326 870 4382 dicitur
884 4328 946 4398 ser·
997 4329 1044 4384 ulti
1058 4329 1161 4385 monuit
1174 4329 1236 4385 illos
1250 4329 1443 4403 sejungerent
1458 4347 1488 4386 se
1502 4331 1582 4388 malae
1595 4331 1657 4389 ritas
1671 4331 1792 4388 homini-

151 4420 290 4472 mentum.
303 4417 416 4472 Etenim
431 4415 489 4486 (54)
504 4415 582 4488 quasi
601 4416 674 4472 dicat
690 4433 697 4470 :
715 4416 779 4472 ldeo
802 4415 864 4486 puri
886 4431 947 4471 esse
962 4411 1067 4486 Dbus3
1083 4425 1110 4474 et
1125 4417 1187 4491 quia
1202 4435 1257 4474 non
1267 4417 1456 4476 intellexerant
1470 4436 1531 4492 quae
1559 4419 1707 4493 scripserat
1720 4438 1792 4495 qua·

151 4503 292 4572 debemus,
307 4505 413 4562 etenim
428 4504 456 4560 id
471 4512 513 4561 est
527 4504 591 4577 quia
619 4503 748 4561 Christos
770 4504 944 4571 immolator,
996 4507 1059 4563 liter
1073 4506 1231 4578 accipienda
1246 4506 1308 4576 sint,
1324 4507 1488 4568 determinat
1502 4526 1509 4563 :
1525 4509 1691 4583 Nonntipae
1700 4512 1793 4583 sorni

152 4609 235 4664 quem
248 4592 352 4650 scilicet
364 4594 446 4650 edere
461 4593 602 4660 debemus,
628 4597 672 4650 est
690 4591 797 4665 parebo
815 4596 947 4650 nostram
997 4595 1083 4652 coriis
1102 4595 1187 4669 bajas
1198 4597 1310 4664 mandi,
1327 4595 1410 4652 idest
1433 4596 1590 4670 gentilibus,
1607 4598 1654 4671 qui
1667 4606 1728 4672 post
1743 4615 1794 4656 va-

152 4680 256 4737 sallicet
268 4697 318 4753 per
340 4697 422 4754 quem
446 4682 561 4738 transire
583 4681 716 4738 debemus
738 4681 773 4736 de
796 4681 898 4738 mundo
912 4681 947 4737 ad
996 4684 1052 4740 rias
1065 4683 1300 4756 concupiscentias
1315 4701 1379 4740 suas
1393 4692 1487 4741 euntes
1511 4685 1681 4743 fornicantur
1693 4703 1710 4744 a
1724 4689 1793 4760 Deo,

153 4769 270 4826 Patrem.
287 4771 392 4828 Pascha
405 4770 479 4826 enim
499 4787 554 4827 non
570 4769 641 4827 sicut
663 4769 773 4842 quidam
795 4769 949 4826 existimant
997 4773 1096 4846 quibus
1110 4773 1220 4830 misceri
1235 4789 1290 4830 non
1316 4773 1464 4846 prohibuit,
1481 4773 1550 4833 sicut
1562 4775 1607 4832 isti
1620 4775 1697 4848 prius
1712 4776 1794 4835 intel-

153 4857 279 4916 Grmcum
291 4875 392 4915 nomen
407 4868 457 4927 est,
475 4860 524 4916 sed
537 4859 693 4916 Hebraeum.
710 4857 947 4930 Opportunissime
997 4863 1131 4919 texerant.
1147 4866 1200 4919 Aut
1215 4879 1249 4919 ne
1263 4863 1496 4920 commisceamini
1514 4866 1618 4932 ouans,
1640 4870 1692 4922 εει
1709 4883 1794 4939 rapo·

152 4961 233 5003 omen
245 4949 365 5004 occurrit
378 4948 406 5003 in
420 4949 473 5004 hoc
486 4947 596 5004 nomine
617 4947 743 5020 quaedam
770 4947 949 5020 coagmentis
997 4952 1085 5018 cibata
1101 4955 1152 5008 εει
1167 4952 1250 5008 idolis
1269 4953 1467 5009 servientibus.
1484 4953 1548 5009 Hac
1562 4961 1589 5010 et
1603 4953 1631 5009 in
1646 4953 1693 5010 illa
1707 4953 1791 5026 Epis·

153 5034 949 5120 utrorumqaelinguameuiaenimpati,Graeceniqaa
998 5040 1053 5096 tola
1067 5039 1249 5112 prohibuerat,
1266 5057 1327 5114 quae
1341 5047 1368 5097 et
1382 5042 1464 5098 modo
1482 5041 1582 5098 debent
1597 5042 1755 5100 observare.
1771 5045 1795 5100 Α

153 5131 261 5199 dicitur,
278 5131 341 5188 ideo
355 5134 459 5203 pascha
472 5133 564 5204 passio
578 5141 688 5205 putatur
697 5149 770 5202 esse,
785 5132 828 5189 rel
843 5131 949 5189 hocno
998 5128 1127 5185 iratribus
1145 5129 1243 5185 talibus
1258 5129 1366 5201 scripsit
1381 5147 1442 5186 esse
1457 5131 1651 5198 recedendum,
1667 5131 1713 5204 qui
1732 5139 1795 5188 sunt

152 5220 226 5276 mine
240 5235 257 5276 a
272 5221 400 5292 passione
415 5221 455 5278 sic
469 5221 644 5294 appellatum.
662 5223 693 5277 lu
706 5237 756 5278 sua
766 5221 946 5292 verebagan,
998 5217 1147 5286 fornicarii,
1164 5218 1207 5275 vel
1221 5218 1308 5287 avari,
1323 5219 1367 5275 vel
1376 5235 1498 5292 rapaces,
1515 5220 1558 5276 vel
1572 5219 1732 5290 idololatrae,
1743 5220 1793 5277 sed

105 5341 112 5348 -
151 5307 180 5363 id
193 5315 236 5365 est
249 5309 402 5366 inllebraea
416 5312 517 5382 pascha
533 5313 675 5368 transitur
690 5310 797 5378 dicitur,
812 5308 950 5382 ideoquia
998 5321 1054 5362 non
1068 5322 1085 5362 a
1099 5305 1255 5379 gentilibus.
1273 5307 1416 5382 Alioquin,
1432 5308 1460 5364 id
1482 5316 1524 5364 est
1546 5307 1570 5364 si
1598 5308 1794 5381 praecepissem

151 5404 215 5454 tunc
227 5397 345 5470 primum
362 5400 465 5472 pascha
479 5399 629 5458 celebrarit
642 5398 760 5474 populus
774 5397 840 5469 Dei,
866 5413 951 5472 quan·
999 5389 1146 5468 gentilibus
1155 5411 1211 5453 non
1220 5393 1410 5468 commisceri,
1422 5396 1580 5456 (temeratis
1598 5396 1796 5458 excaecator

189 5573 244 5646 (54)
262 5578 406 5647 naaman,
417 5591 491 5648 anper
503 5580 574 5636 toan.
