3896 6062
81 189 112 242 st
548 173 831 233 detinuerimus
854 173 890 230 IN
903 173 1071 230 PSALMOS.
1088 206 1123 217 -
1141 174 1236 230 PSriL.
1252 175 1273 232 i.
1708 183 1742 238 62

85 325 173 383 quom
186 307 292 362 dedisti
306 304 380 360 auiti
402 301 507 359 seduxit
522 317 576 366 me,
592 298 688 374 [auu]
715 314 770 354 non
799 297 932 361 valensA
947 299 979 354 Et
993 298 1078 352 Adam
1094 297 1121 352 in
1136 298 1224 353 Deum
1238 306 1265 353 et
1279 299 1306 352 in
1317 315 1356 362 so,
1370 307 1396 355 et
1410 299 1438 354 in
1461 300 1614 371 proximum
1642 317 1745 374 pecen-

86 397 180 452 redire
196 395 250 450 nisi
263 409 314 466 per
326 407 390 448 eum
404 391 545 458 liberatus,
561 389 607 460 qui
621 387 689 442 nibil
717 388 816 442 horum
846 387 897 440 ba·
949 385 996 441 vit.
1012 385 1146 458 [baaru]
1161 385 1247 454 Quasi
1257 385 1498 444 diceret:Primus
1523 389 1604 446 horno
1627 390 1745 447 miseret

87 494 156 548 buit.
172 494 207 548 Et
221 491 323 548 dicitnr
335 491 419 544 noca
444 487 525 542 simili
549 484 741 550 exsulantium,
771 482 818 556 qni
832 483 898 537 dum
948 473 1050 538 infelix,
1069 475 1115 547 qui
1129 475 1194 529 abiit
1208 475 1235 530 in
1250 474 1365 531 oonsilio
1383 475 1538 548 implorum.
1567 477 1670 550 [Gloss.
1699 479 1744 534 in-

87 591 150 638 sunt
165 581 196 636 in
210 579 266 644 via,
294 577 402 634 facilius
429 582 611 640 revocantum
641 588 702 629 cum
728 572 785 642 jam
813 577 896 638 stant,
948 561 1050 635 teriia]
1067 563 1097 618 id
1111 571 1154 618 est
1168 563 1303 634 serpentis
1319 571 1346 619 et
1360 565 1433 631 Evae,
1450 565 1529 621 idest
1547 581 1683 623 consensu
1697 583 1745 624 vo-

89 668 249 734 gifficffiu„
265 667 376 722 demum
390 663 558 728 difficillime,
575 677 638 718 oum
649 661 708 730 jam
740 659 777 714 ibi
804 659 897 731 mags.
948 651 1059 706 luntatis
1074 652 1214 722 peccavit;
1230 651 1257 706 in
1271 652 1315 708 uia
1333 660 1508 724 peecatorum
1537 653 1629 723 stetiit,
1646 655 1673 710 id
1704 663 1746 711 est

89 759 139 814 stri
155 764 183 814 et
198 755 303 811 domini
324 751 415 810 effecti
442 758 514 808 sunt.
544 751 583 806 lta
610 749 655 822 qui
685 748 742 804 sola
758 746 897 804 uoluntate
948 754 1031 810 opere
1046 740 1181 810 peccavit.
1201 739 1339 813 [anonim]
1354 743 1388 796 Et
1398 741 1426 795 in
1440 741 1569 798 cathedra
1584 742 1745 814 pestilentias

88 853 189 919 peccat
202 843 311 901 iacilius
321 842 411 908 redit;
428 841 475 913 qui
489 855 584 910 opere,
600 836 755 902 difficilius;
772 835 897 907 quivero
948 827 1028 893 sedit,
1044 826 1181 884 dansaliis
1198 830 1350 900 exemplum
1375 830 1517 902 peccandi,
1533 829 1561 886 id
1572 839 1612 886 est
1622 831 1745 888 docendo

89 927 291 988 consuetudine
305 925 349 982 vei
364 924 490 981 doctrina
503 921 588 988 verbi,
606 919 764 976 difficillime
779 933 896 976 revoca-
926 916 991 992 ,νει
1007 917 1203 972 consuetudins
1222 917 1357 988 peccavit.
1388 918 1523 975 cathedra
1550 919 1621 975 onim
1637 919 1746 991 proprie

90 1026 145 1074 tur.
163 1010 716 1090 [Auc.1ib.r,1terarmouettomtnttn
734 1011 840 1076 moute,
871 1014 897 1062 et
947 1005 1090 1061 doctorum
1104 1012 1144 1061 est
1159 1005 1228 1062 sicut
1244 1008 1357 1062 thronus
1367 1022 1475 1080 regum,
1489 1007 1745 1078 tribunaijudicum.

88 1123 176 1163 serm
193 1109 228 1160 90
242 1106 283 1160 De
298 1099 445 1174 tempore]
462 1099 509 1157 isti
524 1106 587 1155 sunt
605 1105 661 1152 tres
689 1096 798 1162 monui,
828 1110 897 1167 quos
949 1093 1073 1166 [Rauso]
1083 1094 1154 1149 Ecce
1162 1094 1279 1149 ostendit
1289 1094 1404 1164 primum
1412 1095 1551 1151 bominem
1559 1095 1646 1151 tribus
1656 1095 1745 1152 modis

89 1193 227 1250 Dominus
242 1189 391 1259 suscitarit,
410 1189 439 1245 in
466 1189 559 1256 durno,
588 1186 617 1241 in
630 1192 718 1256 porta,
745 1184 775 1238 in
801 1182 896 1253 sepul·
946 1196 1088 1253 peccasse.
1105 1183 1234 1238 Peccatur
1253 1183 1325 1238 enim
1349 1183 1524 1256 cogitatione,
1555 1191 1627 1255 actu,
1643 1185 1745 1252 verbis,

90 1299 160 1339 ero:
177 1282 283 1336 hocest
296 1279 417 1334 triduum
431 1291 486 1350 quo
518 1275 628 1346 Moyses
641 1271 751 1329 volebat
779 1271 896 1328 educere
947 1269 1081 1326 docendo.
1097 1270 1177 1327 Nunc
1192 1287 1245 1344 quo
1260 1271 1356 1327 ordine
1370 1280 1515 1328 creverunt
1535 1272 1564 1327 in
1583 1273 1672 1346 primo
1698 1274 1747 1330 bo·
1851 1277 1863 1302 ”

89 1371 224 1443 populum
239 1368 291 1424 Dei
305 1367 340 1423 de
361 1367 488 1439 AEgypto.
519 1363 587 1419 item
620 1369 703 1419 nota:
719 1362 896 1418 Peccatorum
946 1358 1019 1414 mine
1035 1359 1170 1414 remoueri
1193 1359 1295 1414 debent
1309 1375 1325 1415 a
1341 1361 1471 1417 secundo.
1488 1362 1528 1417 do
1543 1361 1666 1417 sidicat:
1683 1360 1740 1416 Pri·

88 1459 241 1530 irnpiorum
254 1454 425 1528 pestilentia.
443 1454 514 1509 Nam
528 1451 633 1523 impius
659 1457 702 1506 est
729 1449 775 1522 qni
801 1455 898 1519 peccat
946 1462 1007 1501 mus
1021 1447 1103 1502 homo
1118 1446 1220 1511 infelix,
1236 1448 1283 1519 qui
1297 1449 1374 1514 abiit,
1399 1448 1480 1516 stetit,
1510 1449 1589 1520 sedit,
1619 1449 1669 1506 sed
1697 1465 1744 1507 se·

89 1547 117 1603 in
133 1547 234 1614 Deum,
249 1550 378 1616 peccator
392 1541 421 1598 in
445 1557 487 1610 se,
517 1537 648 1612 pestilens
675 1537 702 1592 in
729 1535 893 1608 proximum.
946 1534 1053 1590 candus
1067 1543 1108 1590 est
1123 1535 1229 1592 beatus.

364 1867 747 2040 suuni
846 1859 1495 2034 numantini

687 2154 1177 2260 COMMENTARIUS

90 2399 239 2602 ΙΝ
313 2390 1745 2720 Psanuusiiavlniuos

712 2813 730 2870 1
751 2803 929 2870 issimus
956 2805 1114 2872 PRIMUS.

122 2975 204 3029 Vsus
221 2977 307 3027 l.-‹1
325 2971 424 3028 Beatus
434 2969 475 3025 vir
488 2968 598 3041 quinon
613 2965 679 3022 abiit
689 2966 717 3021 in
731 2963 902 3022 consilioim-
916 2965 943 3026 B
993 2965 1046 3022 Sed
1061 2966 1093 3021 iu
1109 2967 1167 3038 lupe
1181 2968 1295 3024 Domini
1308 2967 1419 3041 [Remi.
1436 2967 1486 3024 iiic
1510 2967 1661 3025 ostenditur
1675 2969 1754 3026 Chri·

95 3089 105 3108 «
125 3062 254 3134 piorum,
271 3067 302 3116 et
316 3063 344 3114 in
358 3058 404 3114 via
415 3065 591 3130 peecatorum
605 3071 660 3112 non
676 3054 758 3118 stetit,
775 3062 802 3110 et
816 3053 844 3108 in
858 3067 904 3109 ca·
953 3061 1011 3109 stus
1027 3053 1125 3126 plenus
1138 3057 1212 3111 omni
1227 3056 1299 3112 bono
1315 3057 1343 3112 in
1358 3074 1397 3126 se,
1410 3057 1473 3129 quia
1492 3066 1603 3114 nonest
1629 3058 1752 3130 perlecta

96 3177 107 3198 ι
125 3149 226 3206 thedra
241 3147 406 3220 pestilentias
419 3161 472 3202 non
488 3144 567 3201 sedit.
587 3167 598 3192 r
952 3141 1013 3198 laus
1028 3141 1122 3216 ingere
1144 3143 1330 3216 vituperanda,
1360 3145 1412 3200 nisi
1427 3154 1574 3218 sequantur
1601 3145 1749 3203 laudanda.

131 3237 284 3312 [Cassiod]
300 3238 404 3292 Beatus
420 3233 520 3290 dicitur
534 3233 577 3290 cui
592 3232 682 3288 omnia
701 3238 794 3303 optata
809 3247 904 3288 succe-
953 3231 1032 3287 Unde
1046 3239 1108 3302 post
1131 3239 1271 3288 ostensam
1294 3233 1500 3302 immunitatem,
1530 3232 1615 3301 addit,
1640 3235 1693 3292 Sed
1720 3236 1752 3292 iu

98 3329 178 3392 dunt,
193 3329 241 3382 vir
255 3324 359 3380 scilicet
371 3331 463 3380 contra
477 3337 611 3394 prospera
625 3328 652 3377 et
664 3321 781 3377 adversa
796 3320 902 3387 iirmus,
955 3321 1023 3391 iope,
1038 3320 1115 3392 quasi
1129 3320 1220 3376 dieat:
1236 3322 1298 3376 Non
1322 3321 1397 3389 abiit,
1413 3337 1468 3378 non
1483 3321 1565 3390 stetit,
1589 3338 1644 3378 non
1672 3323 1751 3390 sedit,

96 3418 146 3488 pua'
166 3431 226 3470 non
241 3413 313 3469 obiit
325 3412 379 3485 [Gi.
396 3410 457 3484 int.]
471 3427 487 3464 a
500 3411 558 3466 Deo
571 3411 599 3464 in
614 3409 757 3482 regionem
769 3407 906 3463 dissimili·
954 3407 1045 3463 sedin
1060 3409 1122 3482 lege
1138 3409 1246 3465 Domini
1261 3409 1310 3466 init
1325 3411 1452 3467 voluntas
1464 3411 1524 3481 ejus
1539 3409 1643 3484 [angl.
1673 3411 1753 3468 aliud

95 3503 210 3570 tudinis,
228 3502 257 3557 id
273 3509 315 3557 est
328 3499 492 3573 cogitatione
509 3515 564 3555 non
579 3497 713 3570 peccavit,
726 3497 848 3569 quamvis
858 3513 906 3552 es·
954 3504 995 3552 est
1010 3513 1071 3552 esso
1082 3496 1109 3552 in
1122 3498 1195 3569 lege,
1212 3498 1286 3555 aliud
1302 3499 1353 3555 sub
1368 3498 1440 3572 lege.
1457 3499 1509 3568 Qui
1524 3499 1603 3556 estin
1617 3499 1689 3574 iege,
1706 3517 1753 3556 se·

95 3601 136 3648 set
152 3591 272 3663 positus,
289 3589 321 3644 iu
333 3590 456 3645 consilio
471 3588 633 3660 impiorum,
658 3585 686 3640 id
714 3593 756 3640 est
780 3584 904 3657 quamvis
956 3585 1075 3641 cundum
1090 3587 1180 3659 legem
1195 3587 1261 3662 agit,
1279 3588 1430 3644 voluntarie
1444 3588 1500 3664 legi
1528 3589 1670 3646 obediens.
1700 3589 1753 3659 Qui

96 3679 181 3751 impii
211 3681 264 3734 hoo
279 3677 455 3733 molirentur:
472 3674 545 3748 quod
555 3683 595 3731 est
609 3673 771 3730 laudabilius
785 3671 866 3746 [ling.
879 3679 905 3728 et
955 3681 1044 3729 antem
1060 3674 1110 3730 snb
1127 3675 1189 3747 lege
1204 3684 1255 3745 est,
1273 3677 1424 3732 secundum
1438 3677 1531 3750 legem
1545 3677 1612 3750 agit,
1630 3677 1753 3734 necessi-

97 3767 188 3840 liier.]
203 3767 267 3822 Non
283 3765 349 3821 abiit
375 3765 437 3832 iste,
470 3763 539 3820 sicut
569 3763 667 3832 Adam,
695 3761 739 3834 qui
766 3759 905 3818 consensit
954 3762 1018 3817 tatis
1032 3761 1130 3819 timore
1146 3771 1266 3820 coactus.
1283 3764 1331 3821 lile
1346 3765 1426 3836 iiber,
1441 3765 1492 3821 iste
1507 3781 1573 3821 uero
1589 3767 1756 3822 servuslte-

95 3856 186 3922 uxori,
203 3871 221 3911 a
237 3853 354 3910 diabolo
369 3853 500 3924 deceptae.
516 3851 594 3923 lmpii
609 3852 661 3908 hoc
675 3851 828 3916 molientes,
846 3849 905 3906 dae-
954 3867 1035 3907 rum:
1051 3851 1133 3908 aliud
1148 3859 1190 3908 est
1203 3853 1247 3908 lex
1274 3852 1379 3919 litterae,
1408 3869 1469 3926 qnae
1495 3853 1623 3910 scribitur
1650 3869 1751 3922 servo;

95 3961 194 4001 mones
208 3951 282 4009 sunt,
303 3950 329 3998 et
345 3941 457 4006 Scribas,
473 3948 499 3996 et
515 3939 651 3995 Pharisaei.
667 3941 743 3996 Eiiu
753 3939 798 3994 uio
808 3955 906 4011 pereo·
955 3939 1030 3995 aliud
1040 3939 1084 3996 lex
1100 3940 1258 4006 sanctitatis,
1275 3957 1336 4012 quae
1349 3949 1440 3997 mente
1464 3939 1630 4013 conspicitur
1656 3957 1672 3996 a
1687 3939 1752 4009 tilio,

94 4039 193 4090 torum
202 4029 466 4103 oonsuliqaugl.
480 4029 530 4086 Via
539 4035 715 4101 peccatorum
725 4027 905 4095 mundusest,
956 4027 1002 4101 qui
1015 4043 1070 4085 non
1085 4028 1189 4100 indiget
1204 4028 1318 4095 litteris;
1331 4029 1404 4098 iusto
1419 4029 1492 4085 enim
1513 4029 1556 4085 lex
1584 4030 1672 4102 posita
1699 4047 1754 4088 non

95 4124 124 4178 in
148 4121 224 4193 qnod
240 4119 350 4192 quidem
363 4125 451 4184 natus,
468 4125 495 4174 et
508 4119 579 4173 inter
593 4124 754 4190 peccatores
764 4131 907 4173 conversa·
956 4125 1007 4184 est,
1022 4125 1052 4171 ut
1066 4117 1104 4172 ait
1117 4116 1264 4189 Apostolus
1281 4117 1307 4188 (1
1321 4119 1401 4186 Tim„
1420 4119 1450 4190 t).
1466 4117 1538 4175 Dicit
1552 4134 1630 4192 ergo,
1644 4120 1677 4175 in
1696 4121 1754 4192 lepe

96 4219 147 4266 tus
167 4217 220 4275 est,
239 4209 288 4264 sed
306 4222 361 4264 non
384 4207 469 4264 tenuit
483 4223 546 4263 eum
575 4206 704 4263 illecebra
732 4205 826 4263 saeculi
849 4205 904 4279 [Gi.
954 4205 1291 4278 Dorniuiquiavoluntate
1303 4206 1448 4275 serviebat,
1460 4223 1515 4264 non
1530 4207 1663 4282 sublege,
1676 4208 1754 4281 quasi

101 4297 168 4371 int.]
182 4298 243 4364 l'el,
260 4297 303 4352 ria
317 4303 492 4367 peccatorum
508 4303 549 4352 est
569 4309 655 4367 prava
683 4294 814 4367 operatio,
843 4311 905 4367 quae
919 4317 944 4382 C
958 4311 992 4350 ex
1003 4294 1109 4351 tristitia
1124 4303 1151 4350 et
1166 4311 1198 4351 ex
1215 4295 1311 4351 timore
1326 4295 1443 4352 serviret
1467 4297 1598 4352 uoluatur
1627 4299 1698 4369 ejus,
1727 4296 1754 4351 id

96 4387 177 4443 ducit
190 4386 227 4441 ad
242 4393 367 4441 mortem.
383 4386 418 4440 Et
431 4391 491 4440 est:
507 4383 535 4440 in
549 4383 838 4456 viapeceatorumnon
849 4390 903 4439 ste·
958 4391 999 4439 εει
1014 4383 1115 4440 Christi
1128 4382 1287 4457 [Cassiodl.
1312 4383 1444 4439 Voluntas
1473 4383 1548 4452 dicit,
1573 4391 1601 4439 ut
1629 4384 1754 4440 ostendat

95 4476 139 4542 tit,
157 4476 244 4531 idest
259 4474 345 4530 celin
364 4473 476 4541 mundo,
505 4471 549 4528 rel
576 4471 604 4527 in
632 4488 717 4543 praua
746 4471 903 4543 operatione
953 4472 1027 4544 quod
1041 4489 1096 4528 non
1111 4472 1145 4527 sit
1160 4473 1268 4528 taedium
1285 4472 1309 4528 ei
1324 4471 1459 4528 laborum.
1480 4473 1513 4528 Et
1540 4473 1599 4530 haec
1624 4473 1750 4529 uoluntas

100 4567 135 4621 st
152 4562 337 4620 ineotbedro
353 4561 527 4635 pestilentie
553 4577 612 4618 non
640 4561 712 4617 sedit
741 4559 846 4634 [angl.
876 4559 903 4614 id
954 4576 1007 4616 non
1023 4561 1176 4629 estotiosa‚
1193 4560 1237 4617 tel
1252 4577 1307 4616 non
1329 4569 1370 4617 est
1398 4561 1433 4618 ad
1455 4561 1549 4617 horam
1577 4560 1671 4634 [Aug]
1700 4562 1754 4618 Sed

96 4661 151 4719 est,
169 4651 257 4707 noluit
271 4658 410 4706 terrenum
426 4666 551 4722 regnum.
568 4649 617 4705 list
636 4649 709 4704 enim
736 4647 901 4720 pestilentia,
953 4651 1139 4706 meditabitur
1152 4651 1197 4706 die
1212 4667 1245 4706 oc
1259 4656 1353 4720 noete,
1363 4649 1392 4705 id
1406 4659 1447 4706 ost
1462 4649 1582 4721 assidue,
1598 4657 1625 4707 et
1644 4650 1672 4705 in
1690 4666 1754 4722 pro·

97 4741 220 4796 morbus
235 4739 290 4794 late
303 4745 480 4812 pervagatus,
496 4753 601 4807 omnes,
617 4745 664 4793 aut
677 4753 748 4810 pene
758 4753 854 4792 omnes
864 4735 906 4792 in·
955 4739 1053 4811 speris,
1071 4747 1098 4794 et
1112 4738 1140 4793 in
1154 4739 1289 4795 adversis.
1305 4738 1370 4794 Dies
1381 4738 1753 4805 enimlaetitiamnoxadver·

95 4839 225 4902 soluens,
241 4844 268 4892 et
282 4834 380 4891 dicitur
393 4852 408 4890 a
419 4844 508 4908 pastu,
524 4835 602 4910 quasi
616 4834 788 4906 pastulentia.
804 4835 904 4891 Hicest
955 4827 1061 4883 sitalem
1076 4826 1221 4900 significat.
1238 4826 1387 4901 [Cassiod]
1404 4829 1436 4883 lu
1452 4830 1509 4900 lege
1523 4829 1582 4899 ejus
1602 4845 1608 4881 :
1625 4842 1680 4882 non
1697 4827 1752 4882 uti·

99 4942 185 4982 amor
197 4919 429 4996 dominandique
444 4923 489 4980 vix
503 4931 579 4980 caret
592 4923 700 4996 aliquis.
717 4922 777 4991 Vei,
807 4924 903 4980 catbe-
954 4933 1008 4988 que
1022 4914 1148 4970 inlillela
1171 4915 1251 4988 legis,
1278 4917 1326 4971 sed
1347 4916 1375 4971 in
1394 4913 1688 4985 sanctitateprop'ositi.
1717 4915 1753 4969 Et

98 5015 153 5070 dra
167 5013 342 5086 pestilentiae,
360 5011 593 5068 accommodatius
607 5011 739 5084 accipitur
765 5025 860 5082 prava,
876 5020 904 5067 et
954 5006 1013 5062 haec
1027 5005 1097 5076 legis
1106 5003 1247 5060 meditatio
1263 5003 1413 5061 sanctitatis
1420 5003 1495 5076 jugis
1506 5001 1672 5086 observatio.
1684 5002 1752 5058 Vide

99 5103 263 5175 perniciosa
278 5099 413 5168 doctrina,
431 5117 492 5172 quae
507 5107 536 5155 ut
549 5116 647 5156 cancer
662 5099 756 5171 serpit.
773 5101 807 5156 Et
822 5099 905 5156 estin
955 5093 1072 5165 qualiter
1091 5094 1150 5149 hanc
1158 5092 1374 5164 praecedentibus
1400 5090 1589 5162 respondeant.
1613 5089 1654 5144 lbi
1677 5089 1751 5158 dicit,

96 5191 236 5248 cathedra
250 5189 413 5261 pestilentiae
426 5205 481 5245 non
496 5189 574 5254 sedit,
605 5189 633 5244 id
661 5196 702 5244 est
729 5205 783 5244 non
811 5188 903 5261 pemi·
955 5198 1010 5239 non
1018 5181 1083 5238 abiit
1095 5200 1102 5250 i
1114 5182 1168 5249 hie,
1184 5182 1309 5238 voluntas
1323 5181 1351 5236 in
1366 5180 1438 5252 lege.
1454 5179 1504 5245 lbi,
1521 5192 1575 5235 non
1590 5177 1617 5234 in
1632 5179 1675 5234 via
1689 5195 1753 5251 pec-

94 5281 202 5336 ciosam
219 5277 370 5333 doctrinam
386 5277 487 5348 docuit,
504 5277 552 5333 sed
567 5277 714 5334 salubrem.
749 5277 822 5334 Ecce
848 5277 901 5335 inno
961 5279 1081 5328 catorum
1097 5271 1178 5338 stetit,
1203 5285 1257 5325 non
1285 5269 1313 5324 ill
1341 5267 1471 5324 cathedra
1484 5267 1645 5340 pestilentiae
1664 5267 1751 5335 sedili

94 5369 187 5440 primo
202 5383 287 5422 versu
315 5366 467 5422 ostenditur
480 5365 610 5422 immunis
624 5367 657 5422 ab
672 5365 746 5422 ornni
761 5367 831 5422 malo
851 5382 902 5438 per
958 5360 1012 5428 hic,
1028 5359 1138 5416 assidue
1151 5360 1179 5414 in
1193 5359 1254 5430 lege
1269 5356 1377 5413 Domini
1390 5356 1576 5413 meditabitur.

102 5455 291 5513 remotionem
304 5469 398 5511 eorum
415 5471 475 5527 quae
489 5455 517 5510 in
531 5454 621 5527 primo
642 5454 752 5511 homine
785 5453 904 5512 inerunt.
995 5450 1080 5506 Vens.
1097 5453 1160 5504 3.-
1172 5470 1183 5495 r
1201 5447 1235 5502 Et
1250 5446 1300 5502 erit
1314 5453 1443 5518 tanquam
1458 5445 1562 5520 lignum
1577 5445 1649 5516 quod
1672 5445 1752 5517 plan·

131 5545 228 5600 viras.
248 5547 277 5600 2.
293 5573 329 5584 -
346 5567 357 5592 ι
376 5543 430 5600 sed
444 5543 471 5598 in
485 5544 549 5616 lege
563 5543 671 5601 Domini
681 5544 808 5600 voluntas
831 5545 908 5614 ejos;
962 5561 973 5586 α
988 5545 1074 5594 tatum
1088 5545 1129 5593 est
1143 5551 1223 5594 secus
1237 5535 1367 5592 decursus
1382 5549 1532 5608 aquarum:
1550 5532 1751 5607 quodiructum

107 5655 118 5676 ι
137 5637 166 5684 ει
181 5629 211 5686 in
228 5628 291 5702 lege
306 5627 364 5698 ejus
378 5627 553 5687 meditabitur
567 5627 611 5688 die
625 5643 659 5686 ac
674 5635 764 5688 nocte.
783 5651 794 5677 a
963 5648 974 5678 ι
991 5643 1071 5682 suurn
1086 5626 1162 5684 dabit
1176 5626 1204 5682 in
1219 5632 1344 5702 ternpore
1358 5639 1419 5682 suo.
1438 5645 1449 5676 ι
