3940 6066
179 187 248 243 129³
619 181 902 241 concamium
923 179 961 238 IN
985 180 1153 247 usitatos,
1169 183 1310 240 -PSAL.
1326 183 1378 240 ct.
1759 185 1829 244 till

182 308 219 364 ab
232 307 280 363 illo
293 306 355 364 loco
371 323 378 363 ι
397 307 599 366 toudoteettm
616 308 648 364 iu
671 307 852 377 tutamento
863 306 979 362 uirtutis
993 305 1150 379 Agesimus
1180 315 1231 362 est.
1254 308 1333 364 Hunc
1357 307 1429 364 enim
1452 305 1552 366 librum
1573 305 1662 364 David
1676 307 1830 380 composuit

184 397 257 467 ejus,
272 395 300 450 id
314 405 356 451 est
370 395 433 472 quia
454 404 563 453 sanctos
578 395 614 451 ita
629 393 745 450 firmavit
764 411 812 451 sua
827 393 936 464 virtute,
952 400 983 449 ιιι
1034 395 1199 451 innumero
1228 403 1336 452 centum
1363 397 1560 470 quinquaginta
1578 396 1756 468 psalmorum,
1782 413 1832 467 per

181 483 535 555 ampliusnonmoriantur.
554 483 645 539 Virtus
662 483 720 552 ejus
743 489 785 538 est
809 482 836 537 in
860 482 913 538 boc
936 479 984 536 fir·
1033 485 1086 540 hoc
1116 483 1197 540 uobis
1224 499 1355 558 ιιιεςιιιιιιι
1395 486 1590 541 εοιιιιιιειιιιειιε
1617 492 1830 552 sacramentum,

182 577 331 627 momento.
347 572 397 627 Est
411 571 483 628 enim
497 570 604 630 virtutis
619 587 727 644 magnae
740 569 815 642 quod
828 569 913 626 sancti
925 569 983 638 jam
1034 573 1107 644 quod
1131 572 1236 643 patebit
1259 573 1283 627 si
1306 571 1473 644 quindenarii
1494 589 1549 630 non
1573 573 1710 647 ignoretur
1727 581 1832 646 myste-

77 687 82 694 -
181 675 238 715 non
257 659 415 728 morientur,
442 668 467 716 et
490 675 563 716 mors
578 659 618 716 eis
641 659 711 715 ultra
731 675 786 714 uon
801 657 983 714 dominabitur
1033 661 1113 716 rium
1129 659 1209 730 Quod
1225 661 1296 716 euim
1319 661 1392 717 valet
1411 661 1568 734 quindecim
1582 661 1610 718 in
1626 662 1719 718 ordine
1734 661 1833 734 siugu-

185 749 275 820 (Rom.
291 751 341 809 vil.
357 749 392 802 Et
408 750 523 805 laudate
538 750 643 804 eumin
653 748 816 814 uirtutibus,
828 747 873 803 vel
887 746 914 801 in
928 761 981 817 po-
1033 748 1131 816 lorum,
1152 749 1179 804 id
1203 757 1244 804 est
1267 750 1411 815 unitatum,
1429 750 1481 805 hoo
1505 758 1613 805 centum
1638 749 1834 822 quinquaginta

183 834 327 892 tentatibus
339 837 408 908 ejus,
421 837 448 892 id
459 843 500 892 εει
510 851 560 908 pro
571 843 711 909 potentatu
721 835 914 908 quamsanctis
926 833 982 888 suis
1033 837 1061 891 in
1077 837 1171 893 ordine
1196 837 1379 904 donariomm',
1405 845 1432 893 et
1451 837 1525 893 milla
1541 837 1682 910 quingenti
1697 837 1833 893 inordina

182 923 306 981 contulit.
323 924 478 982 Potentatus
492 923 565 982 enim
579 925 630 980 Dei
649 923 808 997 quemfecit
826 923 854 977 iu
870 923 920 992 eis,
936 921 981 976 di·
1034 925 1266 992 centenariorum,
1293 933 1320 982 et
1342 926 1498 999 quindecim
1519 926 1602 981 millia
1616 925 1644 980 in
1658 925 1755 982 ordine
1769 925 1834 980 mil-

182 1017 254 1073 citur
276 1017 349 1090 quod
368 1021 483 1089 regnant
506 1029 568 1070 cum
594 1012 640 1068 illo
664 1013 691 1067 in
711 1018 862 1078 aeteruum;
878 1017 905 1066 et
929 1010 982 1081 ipsi
1033 1013 1209 1082 lanariorum,
1232 1015 1306 1086 quia,
1328 1015 1397 1071 sicut
1421 1014 1615 1086 quindenarius
1630 1029 1662 1070 ex
1678 1012 1835 1086 quindecim
1892 1005 1894 1012 ⁴

183 1106 271 1164 sancti
303 1112 366 1160 sunt
397 1101 538 1158 multitudo
562 1100 765 1174 magnitudinis
797 1100 870 1170 ejus.
903 1098 981 1155 Unde
1032 1102 1178 1158 unitatibus
1203 1103 1364 1172 subcrescit,
1392 1103 1432 1158 sic
1454 1110 1563 1159 centum
1587 1101 1783 1174 quinquaginta
1797 1116 1835 1157 ex

182 1196 282 1262 subdit,
292 1188 982 1259 loudoteeumsecuudummultitudinemmogui-
1032 1191 1187 1261 quindeeim
1208 1190 1337 1256 denariis,
1359 1199 1384 1246 et
1407 1191 1482 1246 mille
1506 1191 1647 1262 quingenti
1671 1207 1703 1246 ex
1719 1189 1834 1262 quinde-

182 1285 291 1342 tudiuis
311 1283 382 1354 ejus,
401 1279 429 1335 id
443 1287 485 1335 est
499 1285 618 1346 sanctos,
635 1277 697 1350 quia
713 1292 760 1333 eos
774 1292 890 1349 magnos
905 1275 979 1344 lecit,
1032 1279 1085 1334 cim
1110 1279 1282 1346 centenariis,
1307 1285 1334 1334 et
1356 1277 1512 1351 quindecim
1532 1277 1615 1333 millia
1630 1293 1664 1333 ex
1679 1277 1834 1350 quindecim

180 1380 275 1430 ettam
290 1371 399 1436 multos,
416 1367 518 1424 seilicet
533 1365 617 1422 millia
630 1365 755 1420 millium.
772 1364 851 1421 Unde
868 1379 874 1417 :
891 1364 981 1420 Mittis
1031 1366 1202 1422 millenariis.
1224 1367 1344 1438 Ideoque
1368 1367 1441 1439 quod
1464 1365 1633 1438 significatur
1652 1381 1702 1436 per
1717 1365 1833 1437 quinde-

181 1461 307 1517 millietm
318 1457 524 1515 ministrabant
542 1457 579 1521 ei,
604 1458 632 1510 ct
648 1455 739 1510 decies
753 1451 980 1509 centeuomillto
1032 1455 1096 1520 cim,
1117 1456 1170 1512 hoc
1190 1456 1262 1511 idem
1285 1472 1336 1526 per
1365 1463 1474 1511 centum
1501 1454 1708 1527 quinquaginta,
1733 1462 1761 1508 et
1784 1469 1833 1525 per

181 1551 351 1607 coemebant
375 1549 401 1603 ei
426 1547 509 1615 (Dan.
533 1545 593 1614 vu).
612 1542 687 1599 Idem
705 1541 758 1614 ipsi
772 1540 859 1597 sancti
874 1547 936 1595 sunt
951 1539 980 1594 in
1029 1541 1186 1599 olios'duos
1203 1559 1334 1598 numeros
1355 1541 1535 1615 significatur.
1564 1541 1681 1614 Cognito
1702 1555 1770 1614 ergo
1784 1557 1832 1596 sa-

180 1637 308 1695 omnibus
317 1634 428 1691 musicis
447 1631 633 1687 instrumentis
658 1628 812 1704 significati,
829 1644 890 1702 quae
903 1627 979 1700 ponit
994 1639 1172 1722 Borameuto
1187 1631 1359 1704 quindenarii
1372 1631 1539 1703 reliquomm
1552 1645 1607 1686 non
1621 1629 1715 1686 latebit
1728 1636 1832 1701 myste-

180 1741 232 1800 pro
251 1722 432 1797 significantia
451 1720 550 1778 divinae
572 1719 671 1787 laudis,
693 1719 721 1773 id
745 1725 829 1774 estut
844 1715 980 1791 significet
1031 1720 1113 1776 rium
1142 1718 1303 1789 Quindecim
1331 1719 1422 1792 itaque
1451 1718 1586 1791 significat
1605 1719 1722 1774 duorum
1736 1719 1831 1774 Testa·

179 1831 213 1871 ea
226 1829 276 1887 pro
292 1812 389 1886 quibus
403 1809 513 1866 laudare
528 1809 629 1865 debent
639 1815 665 1863 et
679 1806 827 1879 quomodo.
836 1805 870 1860 Et
885 1821 901 1860 a
914 1804 981 1860 tuba
1030 1815 1182 1864 mentomm
1204 1808 1390 1865 concordiam.
1417 1807 1527 1864 Constat
1542 1807 1615 1864 euim
1629 1823 1663 1863 ex
1678 1805 1830 1878 septenario

179 1902 283 1975 incipit,
305 1901 400 1957 dicens
415 1917 424 1955 :
438 1896 566 1954 laudate
590 1913 655 1953 eum
669 1896 701 1950 ιιι
715 1911 784 1952 sono
800 1892 923 1964 tutelo
937 1899 979 1948 est
1033 1905 1060 1953 et
1089 1897 1239 1954 octonario.
1270 1895 1449 1967 Septenarius
1477 1903 1566 1953 autem
1595 1893 1729 1966 signifieat
1743 1895 1827 1950 Vetus

179 1998 291 2064 proptor
313 1985 568 2045 excellentissimam
589 1983 677 2041 laudis
699 1983 848 2039 olaritmem
872 1995 932 2054 quaa
952 1980 979 2034 iu
1030 1985 1243 2056 Testamentum,
1273 1985 1338 2058 quia
1359 1985 1387 2040 in
1414 1984 1507 2042 veteri
1534 1985 1707 2044 Testamenti>
1730 1983 1829 2040 obser.

179 2080 258 2136 vobis
273 2086 323 2147 est,
344 2077 458 2133 laudate
480 2090 546 2131 eum
568 2074 601 2128 ιιι
623 2073 758 2148 psalterio
773 2075 803 2127 et
815 2070 937 2138 citiore,
951 2067 979 2123 id
1028 2074 1142 2130 uabatur
1179 2073 1337 2144 Sabbatum,
1375 2073 1420 2146 qui
1451 2081 1493 2128 est
1527 2072 1587 2129 dies
1619 2071 1762 2144 septimus,
1804 2077 1831 2126 et

180 2176 222 2224 est
235 2167 269 2223 de
280 2165 437 2223 coelestibus
448 2169 475 2218 et
485 2160 666 2226 terrestribus,
676 2167 805 2231 tanquam
816 2157 930 2230 eumqui
939 2156 980 2212 le·
1030 2162 1147 2234 septima
1174 2163 1333 2234 septimana,
1367 2169 1395 2217 et
1429 2161 1560 2233 septimus
1591 2161 1704 2230 mensis,
1731 2167 1759 2216 et
1781 2174 1829 2214 εε-

181 2255 482 2314 citooelumetterram.
495 2249 736 2306 Psaltariumenim
751 2264 766 2304 a
781 2245 915 2318 superiori
929 2261 977 2300 so·
1028 2250 1129 2322 ptimus
1157 2266 1244 2306 annus
1266 2249 1388 2322 septimos
1415 2250 1536 2318 decadis,
1558 2250 1604 2322 qui
1626 2249 1745 2319 jubileus
1758 2246 1829 2303 dici-

179 2353 237 2416 nttl,
261 2351 290 2399 ui
310 2343 413 2398 dicium
441 2347 490 2406 εει,
512 2339 617 2395 cithara
642 2337 676 2391 ab
704 2335 833 2392 inferiori.
857 2334 977 2405 ideoque
1027 2348 1081 2394 tur.
1106 2337 1272 2395 Octonarius
1297 2354 1362 2395 vero
1383 2339 1419 2394 ad
1438 2339 1546 2395 Novum
1567 2339 1772 2393 Testamentum
1784 2350 1829 2390 re·

178 2450 228 2506 per
241 2431 401 2505 psalterium
425 2427 557 2496 ooelestia,
571 2442 622 2498 per
636 2425 767 2482 citharam
782 2422 922 2480 terrestria
936 2421 977 2476 si·
1028 2427 1124 2494 fertur,
1148 2428 1213 2500 quia
1234 2427 1261 2482 in
1281 2425 1359 2484 Novo
1384 2428 1559 2484 Testamenti)
1582 2425 1741 2482 nominique
1769 2423 1830 2480 dies

180 2520 352 2597 gnificantur.
367 2518 494 2576 tondete
505 2533 570 2574 eum
584 2516 617 2571 ιιι
629 2519 771 2587 tympano,
784 2513 864 2568 idest
878 2509 906 2566 iu
921 2525 978 2567 car·
1028 2516 1199 2587 observatur,
1215 2515 1260 2588 qui
1276 2523 1318 2572 est
1333 2523 1445 2572 octavus
1454 2523 1517 2587 post
1527 2514 1682 2587 septimum.
1697 2513 1773 2570 Idem
1787 2518 1830 2568 εει

181 2617 343 2674 uemutoto,
360 2623 421 2680 quae
436 2605 549 2662 estsine
569 2602 643 2659 omui
658 2601 841 2672 corruptione.
857 2599 976 2672 Tympa-
1028 2611 1055 2660 et
1076 2604 1180 2676 primus
1204 2611 1267 2676 post
1302 2604 1467 2672 Sabbatum
1491 2611 1518 2660 et
1545 2603 1651 2676 primus
1686 2603 1714 2657 in
1742 2600 1830 2673 prima

180 2715 246 2756 num
261 2697 333 2755 euim
344 2695 373 2751 lit
388 2695 422 2752 de
437 2693 513 2751 corio
524 2693 625 2749 siccato
639 2700 666 2747 et
680 2689 826 2746 intirmato.
838 2689 871 2744 Et
881 2689 975 2758 cboro,
1032 2709 1122 2749 rerum
1149 2692 1314 2759 conditione,
1346 2693 1495 2749 secuudum
1520 2693 1573 2749 boc
1599 2691 1761 2763 mysterium
1788 2697 1830 2746 est

179 2788 208 2844 id
218 2795 259 2844 est
269 2787 298 2842 in
306 2791 403 2858 pacata
413 2783 553 2840 societate.
565 2783 599 2837 Et
610 2781 724 2837 modste
732 2794 797 2835 eum
806 2778 838 2832 iu
853 2776 974 2846 chordis,
1028 2796 1160 2837 numerus
1178 2782 1357 2853 psalmorum.
1388 2781 1454 2838 ldeo
1478 2780 1551 2837 enim
1572 2785 1680 2854 centum
1694 2779 1833 2851 quinqua-

179 2877 207 2932 id
235 2883 276 2932 est
302 2875 331 2930 in
358 2889 439 2930 0⁸¹·ssss
452 2873 509 2941 ιθιῐι
532 2867 735 2939 ³⁰⁰rffll³²i⁰¹10
748 2866 872 2932 liberm.
895 2879 976 2936 quam
1027 2869 1107 2941 ginta
1130 2878 1202 2937 sunt,
1223 2869 1269 2941 qui
1288 2885 1418 2927 uumerus
1446 2869 1543 2926 eodem
1563 2869 1709 2924 adnotatur
1727 2874 1831 2939 myste-

178 2972 242 3020 ante
255 2979 306 3036 per
317 2970 475 3035 tympanum
485 2956 706 3029 significaveram
722 2959 751 3010 et
765 2969 878 3026 organo,
891 2952 919 3009 id
933 2959 976 3008 esi
1030 2957 1069 3012 rio
1097 2973 1151 3029 quo
1189 2957 1393 3030 quindenarius,
1425 2965 1454 3013 ut
1477 2957 1638 3013 ostendatur
1666 2955 1729 3010 libri
1752 2955 1833 3024 huus·

177 3053 206 3108 in
220 3051 349 3110 concordi
362 3048 531 3106 diversitate.
558 3045 698 3118 Orgauum
717 3050 758 3099 est
782 3039 911 3116 generale
926 3055 979 3095 uo·
995 3017 1166 3112 Cdoctrina,
1176 3046 1282 3118 utrique
1294 3061 1447 3102 consonare
1457 3047 1642 3102 Testamento.
1658 3045 1732 3101 Ecca
1746 3057 1833 3116 quare

177 3157 242 3198 men
257 3139 378 3196 omnium
398 3137 565 3192 musicorum
589 3147 727 3201 vasorum,
755 3130 819 3186 licet
833 3145 884 3184 usu
903 3128 983 3185 dica·
1032 3133 1085 3190 hoo
1098 3149 1214 3190 numero
1229 3133 1329 3205 psalmi
1344 3133 1490 3205 conscripti
1508 3141 1580 3189 sunt.

178 3238 224 3286 tur
244 3244 376 3302 organum
401 3225 475 3300 quod
499 3221 597 3278 inllatis
622 3219 731 3276 follibus
756 3225 842 3274 sonat.
866 3216 983 3272 chorda
1067 3223 1147 3278 Nunc
1164 3220 1436 3278 animadvertendum
1459 3237 1545 3293 quare
1559 3237 1610 3292 per
1625 3219 1831 3294 quinquagenas

178 3335 246 3376 vero
261 3325 323 3374 sunt
336 3330 400 3372 caro
411 3315 467 3384 jam
482 3328 500 3368 a
514 3309 687 3382 corruptione
701 3307 800 3374 libera,
816 3305 914 3378 quibus
929 3304 982 3360 od·
1032 3313 1058 3362 et
1072 3322 1122 3377 per
1144 3313 1201 3362 tres
1215 3306 1268 3362 hoc
1291 3321 1361 3376 opus
1384 3305 1572 3376 distinguatur.
1598 3305 1663 3362 ldeo
1680 3321 1731 3378 per
1750 3305 1832 3377 quin·

179 3408 219 3464 dit
233 3421 375 3480 organum,
401 3418 457 3459 non
469 3407 499 3458 ut
512 3398 613 3472 singuli
628 3404 734 3464 sonent,
751 3395 800 3452 sed
814 3403 844 3450 ut
862 3392 982 3451 diversi·
1033 3394 1231 3468 quagenarium
1260 3393 1444 3466 distinguitur,
1470 3393 1532 3466 quia
1555 3393 1599 3450 hie
1618 3409 1747 3449 uumerus
1770 3409 1831 3449 ma-

180 3503 236 3552 tole
272 3490 489 3551 concordissima
522 3493 682 3552 consonent,
714 3485 783 3540 sicut
810 3481 840 3537 lit
871 3481 900 3536 in
932 3497 981 3536 or·
1032 3483 1095 3554 gnis
1108 3499 1140 3540 ac
1155 3482 1272 3540 diversis
1291 3483 1437 3539 adnotatus
1452 3489 1494 3538 est
1508 3483 1695 3539 sacramentis.
1720 3483 1832 3539 Constat

180 3599 266 3660 gano.
292 3581 435 3638 Habebunt
457 3575 531 3635 enim
551 3575 637 3631 saneti
656 3583 719 3630 tuuc
734 3570 902 3628 differentias
917 3584 982 3624 suas
1032 3567 1104 3622 euim
1118 3566 1163 3622 bic
1178 3583 1319 3634 numerus,
1336 3565 1440 3623 scilicet
1458 3566 1654 3638 quinquaginta
1667 3567 1702 3622 da
1717 3566 1833 3639 septima

180 3679 373 3737 consonantes,
401 3683 456 3725 non
484 3665 664 3730 dissonantes,
681 3662 765 3717 idest
780 3658 982 3716 consentientes
1032 3655 1254 3726 septimanarum,
1273 3655 1301 3710 id
1321 3661 1361 3710 est
1379 3654 1415 3709 de
1435 3661 1539 3726 septem
1554 3653 1722 3726 septenariis,
1739 3647 1842 3712 addito

180 3761 249 3818 sicut
263 3768 291 3816 et
304 3753 556 3821 diversisvocibus,
573 3752 622 3810 sed
637 3767 692 3806 nou
705 3748 828 3805 aduersis
843 3745 873 3802 lit
886 3753 982 3802 cantus
1030 3758 1095 3810 uno,
1132 3750 1261 3814 tauquam
1293 3742 1354 3812 ipso
1384 3749 1489 3808 octavo,
1529 3742 1563 3797 ad
1597 3742 1831 3798 determinandum

181 3849 282 3905 suavis.
298 3847 425 3904 tondete
440 3862 505 3902 eum
519 3843 552 3897 iu
566 3841 699 3913 cymbulis
713 3839 781 3894 bene
795 3835 976 3892 sonantibus.
1031 3829 1306 3902 quinquagenarium.
1331 3830 1383 3884 Per
1402 3829 1587 3900 septenarium
1610 3845 1677 3886 vero
1701 3829 1831 3902 septilor-

182 3937 314 4010 Cymbala
328 3935 445 3992 inuicem
462 3947 492 3988 se
516 3937 630 4003 tangunt
644 3935 674 3982 ut
692 3932 798 3982 sonent.
813 3923 878 3979 ldeo
901 3921 981 3979 labiis
1030 3919 1083 3973 mis
1098 3917 1215 3989 Spiritus
1238 3915 1375 3989 liguratur,
1401 3925 1426 3973 et
1444 3933 1495 3988 per
1519 3917 1607 3988 ipsum
1624 3933 1733 3990 quoque
1752 3920 1831 3991 quiu-

180 4025 282 4084 nostris
311 4041 327 4079 a
352 4021 512 4096 quibusdam
541 4023 741 4089 comparantur,
768 4013 816 4069 sed
839 4010 937 4067 melius
951 4010 980 4064 in
1031 4005 1241 4079 magenarium,
1272 4006 1336 4078 quia
1357 4012 1395 4062 tot
1414 4005 1512 4062 diebus
1534 4005 1677 4079 completis
1700 4014 1762 4077 post
1781 4023 1831 4063 re-

181 4113 314 4188 cymbalis
342 4109 459 4182 intelligi
484 4115 549 4181 puto
564 4106 625 4162 illos
649 4104 695 4176 qui
718 4101 834 4158 inuicem
849 4116 879 4156 εε
892 4099 980 4154 hono·
1032 4095 1231 4151 surrectionem
1251 4093 1326 4150 venit
1345 4093 1462 4165 Spiritus
1483 4101 1592 4152 sauctus
1612 4111 1696 4168 super
1708 4110 1830 4169 congre-

181 4211 276 4260 rantes
299 4200 366 4258 dant
383 4198 493 4255 laudem
517 4196 586 4253 Deo.
609 4194 644 4249 Et
658 4200 708 4259 est,
727 4190 842 4247 mudule
866 4188 978 4245 eumin
1030 4190 1109 4257 gatos
1132 4183 1158 4238 in
1184 4179 1301 4249 Christo,
1328 4182 1376 4254 qui
1399 4182 1516 4254 Spiritus
1541 4183 1694 4255 septenario
1716 4199 1830 4242 numero

181 4291 317 4366 cymbulis
332 4285 590 4352 benesonantibus,
607 4275 981 4350 idestiuhisquaeseinvi·
1029 4271 1166 4343 praecipua
1185 4271 1213 4326 in
1242 4271 1389 4343 Scripturis
1422 4273 1635 4329 commendatur.
1665 4273 1723 4330 Hoc
1747 4271 1831 4346 igitur

181 4397 241 4438 cem
265 4384 408 4435 monentes
432 4383 459 4430 et
480 4375 645 4429 honorantes
659 4369 770 4424 laudant
783 4367 870 4422 Deum
887 4372 913 4422 et
928 4365 980 4420 de·
995 4369 1144 4430 Duumero
1169 4359 1291 4417 distincti
1322 4368 1384 4416 suut
1406 4361 1514 4433 psalmi,
1538 4369 1567 4416 ut
1591 4360 1760 4433 significetur
1777 4377 1828 4418 uos

178 4470 291 4526 lactant.
304 4464 496 4522 Etnotandum
512 4461 576 4534 quia
589 4458 711 4514 triasunt
724 4469 978 4529 generasenorum,
1030 4449 1194 4521 septiformis
1222 4450 1317 4521 gratiae
1343 4449 1461 4520 Spiritus
1484 4449 1570 4506 sancti
1594 4449 1654 4506 lieri
1671 4449 1828 4522 participes,

184 4555 302 4618 31⁹1
320 4551 551 4626 quorumuullum
565 4545 839 4619 hicpraetermittitur.
853 4543 893 4598 Fit
908 4541 981 4599 euim
1031 4537 1055 4592 si
1069 4537 1217 4594 doctrinam
1240 4538 1410 4609 psalmorum
1437 4539 1631 4595 custodiamus.
1659 4538 1725 4594 ldeo
1747 4538 1830 4594 etiarn

183 4660 267 4701 sonus
295 4657 372 4708 voce,
397 4648 427 4696 ιιι
440 4656 490 4711 ρει
515 4639 648 4704 chorum,·
663 4635 739 4698 llatu,
763 4643 792 4688 ut
805 4647 854 4703 per
868 4631 979 4696 tibiam,
1031 4627 1084 4683 hoe
1107 4641 1220 4682 numero
1237 4624 1266 4681 fit
1288 4625 1457 4697 psalmorum
1475 4626 1621 4692 distinctio,
1645 4626 1708 4699 quia
1722 4626 1766 4684 bic
1780 4643 1832 4682 nu-

183 4733 274 4806 pulsu,
290 4739 319 4788 ut
333 4746 384 4803 per
406 4729 548 4784 citharam.
564 4726 628 4782 Haec
644 4723 734 4780 omnia
749 4721 783 4777 ad
796 4721 912 4792 hymnos
927 4735 981 4772 nu·
1032 4731 1133 4782 merus,
1149 4715 1254 4771 scilicet
1274 4715 1469 4787 quinquaginta
1489 4711 1517 4768 iil
1542 4715 1719 4788 quadraginta
1738 4722 1764 4771 et
1779 4714 1831 4771 de·

183 4822 281 4896 ptisles
295 4820 440 4892 pertinent,
459 4817 507 4873 sed
522 4831 571 4888 per
585 4811 775 4869 similitudines
789 4825 844 4865 nou
859 4807 982 4880 proprie·
1032 4819 1093 4859 cem
1120 4803 1259 4859 dividitur.
1275 4803 1353 4858 Unde
1380 4811 1408 4858 et
1435 4803 1557 4858 Christus
1586 4819 1648 4859 eum
1677 4804 1717 4859 sic
1730 4803 1830 4873 diuisit,

183 4918 251 4966 tates
266 4909 418 4966 relemutur
431 4907 467 4962 ad
481 4905 532 4962 Dei
547 4903 657 4960 laudem
671 4901 699 4956 in
708 4897 809 4956 sanctis
824 4897 892 4966 ejus.
908 4895 984 4950 ldeo
1033 4891 1079 4964 qui
1100 4891 1312 4963 quadragesimo
1331 4891 1376 4947 die
1402 4899 1464 4963 post
1490 4892 1719 4948 resurrectionem
1733 4891 1761 4946 in
1776 4907 1833 4948 ειε-

184 5015 237 5071 que
253 5015 287 5054 ne
300 5007 381 5070 putes
399 4994 526 5068 cymbala
544 4991 603 5047 siue
621 4990 714 5046 anima
735 4983 916 5058 hicintelligi,
931 4983 983 5039 ad·
1033 4980 1089 5036 lum
1118 4979 1251 5036 ascendit.
1281 4980 1347 5035 Inde
1361 4988 1423 5051 post
1438 4981 1534 5037 decem
1548 4980 1607 5036 dics
1622 4980 1751 5052 Spiritum
1768 4995 1833 5036 san-

184 5087 224 5143 dit
235 5105 242 5142 z
253 5086 379 5143 daedale
390 5101 454 5141 eum
463 5084 494 5138 in
503 5077 836 5155 cymbalisjubitotionie.
850 5075 901 5128 Est
911 5072 983 5128 euim
1034 5076 1107 5125 ctum
1121 5068 1203 5124 misit.
1228 5069 1280 5124 Per
1303 5068 1484 5142 quadraginta
1498 5084 1564 5126 vero
1578 5068 1735 5140 temporalis
1748 5069 1832 5125 habi-

181 5173 306 5244 jubqago
321 5171 466 5229 ineffabili,
480 5171 541 5226 laus
555 5184 615 5240 quae
626 5181 681 5222 non
688 5164 750 5220 misi
765 5164 800 5219 ab
815 5162 904 5217 anima
918 5175 984 5233 pro.
1034 5153 1101 5209 tatio
1129 5153 1209 5222 huius
1236 5151 1331 5208 mundi
1359 5153 1520 5208 ostenditur.
1545 5153 1580 5208 Et
1602 5152 1646 5209 lex
1672 5153 1760 5225 Moysi
1782 5169 1833 5225 per

186 5259 323 5319 ficiscitur·
341 5262 438 5319 Omni,
453 5259 572 5332 ,pgggm
587 5249 916 5323 gagaggpmntnum,q1fi
930 5264 985 5305 non
1036 5240 1237 5313 quaternarium
1256 5240 1416 5296 ostenditur.
1445 5241 1499 5297 Per
1521 5241 1663 5297 denarium
1685 5241 1739 5298 lex.
1764 5241 1836 5311 Qua·

185 5351 239 5406 nisi
258 5349 434 5423 spiritualiter
452 5345 604 5403 laudandus
617 5349 669 5399 εει.
1035 5329 1170 5386 ιειιιειιιιε
1184 5329 1257 5385 anim
1280 5329 1309 5384 in
1337 5328 1566 5402 quadragenario,
1589 5337 1616 5386 et
1630 5346 1663 5388 ex
1677 5339 1794 5403 quatuor
1808 5338 1836 5388 ει

223 5439 370 5498 Sciendum
384 5438 448 5512 quia
465 5435 586 5509 psalmus
609 5431 661 5490 iste
674 5428 838 5489 centesimus
852 5427 986 5501 qiduqua·
1036 5417 1133 5476 decem
1145 5417 1175 5474 in
1191 5434 1223 5476 εε
1240 5417 1328 5476 ductis
1350 5417 1528 5492 midtiplicato
1551 5419 1681 5492 praevalet
1704 5427 1835 5495 quantum
