3906 6056
211 219 280 276 ttlt
335 179 340 184 ’
802 262 805 268 ,
882 203 986 262 esrai
1009 199 1189 259 ιοιιιιιιι
1786 199 1858 256 exeo

208 342 244 396 Et
258 342 310 395 hoc
325 346 377 406 εει,
392 353 461 394 nom
474 340 633 410 peccatam,
649 333 678 390 id
693 340 734 388 est
744 329 888 389 carnalitas
898 328 942 387 rel
952 327 1044 392 dia-A
1057 325 1262 382 Testamentum
1276 339 1338 382 esse
1359 338 1376 378 a
1397 321 1521 398 principe
1541 321 1726 392 tenebrarum,
1747 321 1857 377 Nouum

207 428 296 496 bolus,
313 424 501 502 [Augustinus]
514 425 622 499 fefellit
634 439 679 479 me
697 421 740 477 vel
752 420 878 489 seduxit,
889 418 917 478 id
932 424 972 476 est
987 433 1003 476 a
1052 419 1173 470 autema
1188 412 1315 472 Domine.
1332 409 1417 482 Quasi
1431 411 1505 468 dicat
1520 429 1527 466 :
1543 411 1657 472 Constat
1678 411 1770 483 legem
1795 426 1858 466 esse

205 516 327 587 bonoad
343 515 445 574 malum
467 513 548 570 traxit
569 528 623 569 me.
646 509 795 569 Occasione
818 511 934 578 occepta
951 522 1004 578 per
1053 500 1163 567 bonam,
1178 508 1279 558 etcum
1295 507 1400 558 constet
1413 498 1495 556 modo
1510 499 1585 572 quod
1599 499 1674 556 hona
1687 505 1729 554 est
1742 497 1797 568 lex,
1831 506 1858 554 et

204 605 385 662 inundatum.
398 603 469 673 Quia
479 602 552 674 quod
561 595 885 671 concupiscitur,duloius
899 593 1003 651 titdum
1052 597 1144 646 ιειιιει
1157 603 1190 644 ex
1205 605 1239 646 aa
1252 589 1317 648 mibi
1331 596 1375 644 εει
1387 603 1472 655 mors,
1488 595 1518 643 ut
1532 586 1720 659 supradictum
1739 595 1799 653 est;
1815 602 1858 641 ει·-

204 701 319 763 vetatur,
331 693 406 750 etsie
416 687 631 764 peccaturnlallit
640 704 690 760 per
700 683 951 754 ιιειιιειιιιι.(ιιι)
961 682 1002 741 Er
1053 691 1090 751 go
1105 677 1179 748 quod
1202 677 1304 736 bouum
1326 684 1369 735 est
1386 676 1453 734 mihi
1475 675 1575 732 lactum
1598 683 1640 730 est
1659 690 1745 740 mors,
1765 674 1794 729 id
1815 682 1856 730 est

204 781 387 853 prohibitione
400 778 579 852 namqueuhi
593 775 710 834 charitas
724 772 824 841 delicit,
839 770 1003 828 desiderium
1051 765 1130 820 datur
1145 765 1197 822 hoc
1220 765 1321 824 bouum
1345 765 1439 824 mihia
1462 766 1531 832 Deo,
1556 763 1594 822 ita
1620 770 1649 822 ut
1672 763 1708 818 sit
1734 761 1855 818 efficiens

204 870 270 926 mali
283 869 391 936 crescit,
403 862 696 941 quoauctodulciusfit
708 862 781 935 quod
797 859 965 933 prohibetur,
977 867 1003 914 et
1053 867 1135 910 causa
1148 853 1266 910 mortis:
1288 853 1389 912 Absit!
1412 852 1474 912 Noa
1498 852 1572 910 enim
1592 858 1634 906 εει
1655 867 1689 907 ει
1709 850 1768 922 ipsa
1791 850 1854 924 lege

204 957 240 1013 ita
249 966 391 1028 peccatum
401 956 468 1012 fallit
478 954 545 1012 lalsa
554 952 708 1009 dulcedine.
720 948 887 1006 Fallaxeoim
897 946 1004 1006 estdul-
1029 986 1033 996 .
1052 957 1135 1007 mors,
1149 941 1198 997 sed
1213 957 1246 996 ex
1260 941 1324 997 vitio
1337 940 1464 1009 hominis,
1481 939 1612 1012 quianon
1627 938 1681 1007 lex,
1698 939 1747 994 sed
1767 937 1853 994 lomes

206 1047 364 1118 cedoquam
376 1044 469 1116 plures
479 1051 559 1115 atque
568 1041 687 1110 majores
697 1035 1003 1110 poenarumamaritudi-
1052 1035 1094 1084 ast
1108 1027 1317 1088 efficienscausa
1327 1028 1485 1100 moriseni
1493 1028 1594 1084 bonam
1603 1043 1662 1083 rem
1670 1026 1751 1084 vertit
1761 1027 1788 1080 in
1797 1041 1852 1081 ma-

204 1151 255 1190 nes
270 1141 431 1206 sequuntur,
442 1140 469 1188 et
484 1146 538 1187 non
552 1129 641 1186 solum
654 1127 760 1186 seduxit
774 1125 1001 1198 permundatum,
1052 1116 1201 1188 lquDl).
1214 1116 1289 1173 Sicut
1299 1116 1371 1172 enim
1382 1115 1517 1178 medicina
1527 1132 1582 1172 non
1593 1123 1635 1172 esi
1654 1129 1736 1172 causa
1744 1115 1851 1184 murtiS,

205 1223 253 1277 sed
260 1221 340 1276 etiam
343 1220 483 1293 perillud,
491 1219 646 1279 mandatum
652 1216 763 1281 occidit,
771 1214 835 1286 quia
841 1214 923 1269 etiam
929 1228 1008 1284 pre-¹
1053 1205 1078 1259 si
1091 1205 1217 1261 ostendet
1231 1220 1335 1261 venena
1350 1203 1498 1272 mortifera,
1513 1204 1578 1261 licet
1591 1204 1633 1258 his
1647 1203 1710 1258 rnali
1729 1203 1850 1260 homines

203 1308 379 1366 varicationis
393 1307 509 1364 accessit
523 1314 616 1362 reatus
626 1306 710 1374 (ιιι).
727 1302 825 1361 Gladio
840 1318 908 1373 ergo
922 1317 1003 1372 quem
1054 1292 1197 1348 abutantur
1211 1292 1246 1348 ad
1259 1300 1375 1351 mortem
1390 1307 1478 1361 suam,
1507 1292 1551 1350 vel
1577 1291 1712 1358 aliorum3
1743 1291 1781 1346 sic
1807 1289 1848 1346 lex

203 1391 814 1468 portabasteinimiouaoccidit‚armistuiste
831 1389 1004 1456 amitermis
1054 1395 1114 1451 que
1135 1396 1241 1440 venena
1264 1389 1439 1453 peccatorum
1462 1380 1642 1445 demonstrat,
1668 1387 1695 1435 et
1714 1379 1848 1434 hominem

204 1485 256 1540 tuis
266 1484 444 1542 teinteromit.
461 1483 587 1539 Mandata
601 1481 674 1538 enirn
693 1488 824 1551 tanquam
847 1477 938 1551 gladio
961 1492 1005 1532 ar·
1052 1467 1176 1528 libertate
1191 1484 1240 1524 sua
1250 1468 1406 1528 abutentem
1430 1468 1509 1540 quasi
1523 1467 1730 1534 lrenocohibeh
1742 1475 1849 1524 etcum·

202 1580 292 1628 matus
307 1588 376 1642 eras,
393 1579 422 1627 ut
436 1571 574 1628 inimicum
589 1568 739 1634 occideres,
757 1566 830 1639 quod
845 1581 900 1622 oon
919 1565 1002 1632 vales,
1053 1555 1142 1626 posito
1165 1573 1264 1630 gressu
1283 1557 1411 1614 incedere
1434 1556 1524 1626 docet,
1542 1571 1599 1611 non
1621 1555 1740 1613 officiens
1769 1571 1848 1612 causa

203 1659 226 1716 si
240 1660 275 1716 de
291 1667 317 1715 ιε
330 1659 482 1730 ριιεειιιιιε.
507 1660 572 1714 Εειο
592 1672 658 1730 ergo
683 1655 803 1722 humilis,
832 1669 887 1709 non
915 1654 949 1709 dc
977 1661 1003 1710 te
1054 1644 1157 1714 peccati
1171 1652 1222 1711 εει,
1239 1644 1287 1702 sed
1302 1644 1391 1716 potius
1410 1643 1504 1700 vitium
1526 1643 1655 1712 hominis,
1685 1643 1714 1699 id
1740 1650 1781 1699 εει
1807 1642 1848 1699 lo-

203 1756 408 1818 procurasset
431 1747 534 1818 poteria
562 1746 682 1802 vincere.
707 1743 776 1799 Vide
800 1757 865 1814 ergo
888 1757 1002 1813 parvum
1053 1748 1121 1802 mes,
1137 1740 1163 1788 el
1178 1733 1229 1794 hoc
1244 1733 1372 1805 estquod
1387 1732 1487 1798 subdit,
1508 1732 1557 1788 sed
1574 1734 1736 1804 peccatum,
1759 1731 1786 1787 id
1809 1739 1849 1788 ιιι

203 1835 292 1893 David
304 1843 400 1892 contre
413 1851 543 1908 magnum
558 1833 676 1900 Goliam,
697 1831 747 1887 sed
768 1831 795 1884 in
819 1829 869 1885 Dei
892 1828 1002 1886 nornine
1052 1818 1138 1875 lomes
1149 1821 1262 1891 peccati.
1275 1825 1423 1899 operatum
1431 1825 1473 1877 ext
1484 1820 1556 1876 mihi
1567 1819 1850 1891 mortem,idestpec·

204 1932 415 1998 presumentem
429 1939 484 1979 non
498 1923 527 1980 iu
541 1922 642 1980 viribus
657 1921 729 1976 suis:
744 1921 783 1976 Tu
796 1920 885 1984 εειιε,
903 1917 999 1989 inquit,
1019 1923 1023 1929 '
1051 1915 1141 1967 tatum
1154 1908 1268 1973 actuale,
1285 1908 1357 1980 quod
1371 1917 1413 1964 est
1427 1923 1511 1966 causa
1524 1908 1628 1964 mortis.
1646 1907 1794 1978 Operatum
1810 1917 1850 1964 est

203 2013 293 2070 adme
303 2030 369 2069 cum
381 2013 475 2084 clypeo
490 2015 518 2068 et
530 2013 639 2079 lancea,
655 2025 702 2081 epo
713 2010 744 2064 in
759 2008 874 2064 nomiae
888 2007 1001 2062 Domini
1050 1994 1121 2063 dict),
1131 2011 1182 2067 ιθι
1191 1995 1303 2062 bonum.
1315 1995 1343 2049 id
1357 2003 1399 2052 0⁵2
1413 2012 1462 2066 Der
1475 1995 1576 2068 legem,
1591 2010 1646 2051 11⁰n
1660 1994 1724 2066 ιῑιῑι
1747 2001 1774 2051 el
1792 1995 1850 2066 ipsa

202 2103 416 2171 omnipotentis,
433 2099 472 2160 sic
486 2098 608 2164 omnino,
625 2105 651 2153 ot
663 2112 717 2153 non
732 2095 810 2155 aliter
820 2093 1001 2166 prosternitur
1050 2081 1085 2136 sit
1100 2081 1218 2142 efficiens
1233 2098 1323 2149 causa,
1339 2083 1389 2138 sed
1403 2083 1465 2156 quia
1480 2099 1511 2139 cx
1536 2099 1570 2138 ea
1593 2081 1697 2154 accepit
1724 2083 1849 2139 occasio-

201 2189 338 2246 inimicus.
355 2189 404 2246 Vel
417 2189 453 2245 ita
467 2188 529 2259 lege
546 2203 552 2241 ε
569 2186 636 2242 Dico
652 2185 723 2257 quod
738 2191 881 2255 paccatum
894 2199 938 2238 me
953 2197 1000 2238 se·
1049 2187 1123 2239 nem,
1138 2171 1208 2227 ⁸l⁰ul
1222 2172 1380 2243 Dtaediclum
1395 2179 1447 2238 est,
1472 2179 1615 2243 operatum
1639 2179 1681 2231 εει
1704 2171 1777 2236 dico,
1801 2172 1848 2238 ita.

202 2277 288 2344 duxit,
307 2285 335 2333 ει
356 2293 407 2349 ρει·
433 2276 509 2344 illud,
539 2275 567 2331 id
595 2281 636 2330 εει
664 2289 713 2345 ρει
739 2273 791 2331 hoc
818 2271 891 2344 quod
920 2270 1000 2326 sedu-
1049 2263 1082 2316 ιιι
1096 2264 1235 2332 appareat
1245 2264 1403 2332 Ρθθθιΐιιιῑ,
1415 2259 1442 2315 id
1456 2267 1498 2316 esi
1512 2259 1633 2316 efficiens
1643 2274 1726 2316 0⁸11ae
1735 2260 1848 2330 peccati,

200 2365 248 2433 xit,
264 2365 364 2422 occidit
389 2379 443 2431 rue,
460 2364 488 2419 id
515 2369 557 2418 εει
584 2362 618 2417 ad
641 2370 770 2418 aeternam
798 2358 1000 2415 damnationem
1049 2346 1122 2419 quod
1136 2355 1200 2404 lunt
1213 2355 1335 2418 apparel.
1353 2347 1462 2419 quando
1477 2347 1609 2406 rationem
1624 2347 1705 2402 trahit
1726 2347 1762 2404 ad
1781 2363 1851 2403 con-

201 2453 336 2525 perduxix,
1049 2451 1169 2496 sensum.
1185 2435 1260 2496 etad
1275 2436 1454 2506 operandum.
1474 2438 1549 2508 (ιιι)
1560 2435 1608 2491 Vel
1621 2435 1678 2490 ita:
1695 2435 1848 2503 Peccatum,

1047 2522 1075 2578 id
1090 2531 1131 2580 εει
1146 2521 1233 2579 lomes
1247 2523 1362 2595 peccati,
1378 2531 1518 2594 operatum
1541 2530 1583 2580 est
1605 2531 1732 2591 mortem,
1756 2523 1785 2578 id
1807 2533 1848 2580 εει

1047 2619 1188 2682 peccatum
1203 2619 1230 2666 ει
1244 2613 1297 2668 hoo
1311 2611 1488 2682 perborum,
1503 2611 1531 2670 id
1547 2620 1589 2668 est
1601 2627 1651 2682 per
1668 2611 1771 2685 legem,
1793 2627 1847 2667 non

1046 2699 1139 2772 utique
1168 2697 1327 2756 efficientem
1356 2707 1507 2771 peccatum,
1538 2699 1587 2755 sed
1612 2699 1702 2769 potius
1730 2699 1846 2757 demon·

1047 2794 1178 2846 strantam
1194 2795 1220 2843 et
1233 2787 1422 2858 prohibentem
1435 2787 1513 2855 illud,
1528 2787 1567 2844 ita
1579 2795 1608 2843 ut
1635 2803 1686 2859 per
1709 2804 1770 2844 earn
1798 2805 1848 2861 ap-

1046 2884 1143 2948 pareat
1155 2884 1310 2947 peccatum,
1325 2891 1380 2932 non
1395 2876 1456 2934 dico
1471 2884 1500 2932 ut
1514 2876 1549 2932 sit
1562 2892 1612 2948 per
1630 2891 1702 2944 eam,
1727 2877 1777 2932 sed
1799 2893 1847 2949 ap·

1046 2971 1146 3034 pareat,
1163 2963 1225 3035 quia
1239 2964 1319 3023 etiam
1333 2971 1392 3020 erat
1416 2965 1524 3044 quando
1547 2980 1602 3020 non
1623 2965 1785 3036 apparebat,
1806 2966 1845 3022 si·

1008 3029 1032 3090 0
1045 3060 1090 3108 out
1098 3053 1280 3124 supradictum
1290 3061 1340 3121 est,
1353 3054 1611 3126 concupiscentium
1619 3055 1846 3112 nesciebamcsse

231 3141 329 3214 ltaque
344 3142 393 3197 tce
413 3139 525 3212 quidem
545 3140 656 3205 saneta,
682 3140 710 3193 tt
730 3133 911 3202 modulam,
940 3141 993 3190 elc-
1043 3149 1197 3211 peccatum,
1209 3140 1725 3214 nettcxdtccretsltcnconcupisces.
1737 3142 1846 3198 Noudi-

196 3226 384 3302 [hugustinus]
413 3227 502 3298 Supra
529 3224 620 3299 legem
648 3231 789 3295 peccalum
817 3238 879 3278 0⁵⁵0
907 3237 994 3294 ιιιιι·
1044 3227 1092 3298 xit,
1109 3244 1164 3285 non
1180 3229 1322 3286 habebam.
1340 3229 1414 3301 (ιιι)
1437 3231 1541 3285 Bonum
1564 3245 1632 3302 ergo
1656 3239 1698 3286 εει
1717 3229 1762 3286 lex
1784 3247 1845 3304 que

196 3317 245 3383 vit,
276 3315 428 3373 defendens
452 3329 514 3370 earn
540 3330 556 3368 a
583 3312 704 3378 crimine,
733 3311 777 3368 hic
800 3311 925 3367 eamdem
952 3310 995 3367 sui
1045 3317 1186 3377 sanctitate
1201 3333 1251 3373 sua
1265 3325 1291 3374 ει
1302 3317 1416 3387 justitia,
1437 3317 1538 3373 melum
1560 3333 1622 3374 esse
1645 3319 1845 3390 coucupiscen-

194 3403 276 3459 laude
302 3402 432 3460 defendit.
462 3400 541 3458 aliud
568 3406 610 3456 εει
636 3415 652 3454 a
679 3398 791 3455 crimina
820 3399 925 3467 objecto
947 3398 994 3456 de·
1043 3403 1108 3460 tiam
1124 3421 1205 3477 qum
1227 3405 1385 3472 nesciebam
1406 3405 1533 3462 ostendit.
1553 3406 1614 3462 Non
1636 3405 1718 3477 igitur
1741 3407 1845 3478 imputo

194 3488 317 3559 laudere,
338 3490 413 3546 aliud
441 3487 533 3544 debito
560 3487 699 3558 praeconio
732 3486 893 3558 predicare.
932 3486 994 3542 Cri·
1043 3490 1098 3564 legi
1107 3492 1167 3558 Dei,
1183 3493 1233 3549 sed
1242 3493 1308 3550 vitio
1323 3509 1385 3549 meo
1399 3501 1553 3565 peccatum,
1568 3493 1640 3550 hona
1653 3493 1773 3550 estenim
1787 3493 1842 3564 lex,

193 3594 257 3634 men
270 3577 407 3648 objectum
422 3576 481 3646 luit,
496 3576 543 3632 ubi
553 3575 714 3642 dictumest,
726 3576 774 3630 lec
783 3578 991 3648 peccatumeat.
1043 3580 1091 3635 sed
1107 3580 1165 3636 sine
1179 3581 1268 3652 gratia
1283 3588 1384 3636 tanturn
1405 3581 1523 3637 ostendit
1543 3590 1697 3653 peccatum,
1720 3597 1776 3638 uon
1798 3583 1846 3638 in·

196 3665 275 3723 34
290 3665 419 3725 Defensio
434 3665 581 3721 subsecuta
596 3671 712 3720 osteum
736 3661 773 3716 ait
789 3680 796 3716 ε
812 3662 891 3718 Absit
906 3661 913 3718 l
933 3664 993 3723 Uno
1042 3667 1111 3723 tulit.
1127 3668 1202 3740 Ergo
1215 3667 1259 3724 lex
1274 3685 1382 3740 semper
1395 3669 1466 3726 hona
1480 3676 1531 3736 est,
1547 3668 1605 3726 sive
1618 3669 1689 3726 obsit
1716 3669 1844 3727 inanibus

192 3755 278 3811 verbo
293 3754 405 3812 detensa
420 3761 462 3810 est
475 3752 586 3821 veritas,
603 3751 665 3822 quia
679 3766 779 3823 magna
793 3757 833 3808 εει
848 3749 994 3807 defenden-
1042 3755 1138 3826 gratia,
1155 3756 1212 3812 sive
1234 3756 1322 3827 prosit
1344 3755 1432 3829 plenis
1453 3757 1551 3828 pmtia.
1576 3757 1657 3818 llulta
1679 3757 1753 3814 enirn
1780 3767 1845 3815 sunt

192 3844 226 3900 tis
245 3842 404 3900 auctoritas.
432 3838 632 3914 [Ambrosius]
660 3839 710 3896 llio
735 3847 826 3894 autem
853 3838 993 3896 uberrima
1042 3843 1112 3905 bona
1127 3860 1188 3916 quae
1202 3852 1294 3900 tamen
1305 3845 1470 3917 quibusdam
1482 3845 1548 3903 vitio
1561 3845 1684 3917 ipsorum
1703 3854 1765 3902 sunt
1788 3862 1843 3903 no-

189 3931 270 3987 laude
284 3931 375 4002 legem
387 3928 569 3994 commendat,
584 3944 619 3983 ne
641 3927 706 3998 quid
715 3925 880 3998 suspicionis
893 3927 992 3984 adver·
1041 3931 1094 3998 xia,
1111 3932 1180 3988 sicut
1194 3932 1236 3989 sul
1250 3947 1331 3990 sanos
1345 3932 1456 4005 quidem
1470 3933 1566 3992 oculos
1587 3933 1697 4000 mulcet,
1721 3933 1845 3990 dolenti·

191 4035 229 4076 sae
244 4025 398 4076 remaneret
411 4017 439 4073 in
452 4016 525 4090 lege.
538 4014 623 4084 Quasi
637 4015 709 4072 dicat
725 4031 732 4069 :
749 4013 819 4083 Quia
828 4014 872 4070 lex
893 4021 934 4070 est
957 4014 992 4070 ad
1041 4019 1092 4080 bus
1105 4028 1188 4094 auget
1202 4019 1334 4077 dolorem.
1351 4020 1480 4077 Similiter
1502 4035 1568 4095 crgo
1586 4019 1630 4078 lex
1652 4021 1765 4093 prodest
1787 4023 1842 4079 hg.

190 4105 283 4172 vitam,
300 4113 327 4162 ει
340 4106 414 4161 bona
424 4105 502 4174 jubet
516 4109 542 4158 et
556 4102 627 4160 mala
642 4100 777 4173 prohihet,
792 4109 819 4156 et
841 4101 904 4160 tecit
923 4117 991 4174 pec·
1041 4107 1166 4168 bentibus
1181 4107 1378 4182 gratiamque.
1388 4109 1570 4165 estmentium
1580 4110 1689 4170 sanitas.
1710 4109 1843 4166 luanibus

191 4201 283 4250 catum
295 4207 456 4266 agnoscere.
471 4192 566 4263 ltaque
582 4191 630 4246 tec
644 4190 756 4264 quidem
770 4196 811 4244 est
827 4193 938 4256 sanctu,
962 4189 991 4246 id
1040 4195 1119 4251 obest
1131 4211 1185 4254 nou
1201 4211 1260 4264 suo,
1277 4197 1326 4252 sed
1340 4196 1448 4253 illorum
1463 4196 1539 4253 vitio.
1551 4196 1619 4271 Dico
1638 4204 1779 4270 operatum
1799 4206 1843 4256 εει

192 4289 233 4338 εει
247 4296 314 4338 sane
324 4281 437 4349 docens,
454 4282 482 4336 et
497 4279 684 4347 mandatum,
694 4277 719 4335 id
736 4284 776 4332 εει
789 4277 862 4349 quod
872 4294 922 4348 per
932 4293 991 4336 cam
1039 4283 1105 4340 mihi
1120 4292 1247 4352 mortem,
1263 4284 1291 4338 in
1306 4292 1419 4352 tantum,
1435 4289 1470 4341 at
1479 4289 1637 4359 peccatam,
1653 4285 1736 4343 idest
1751 4286 1841 4343 lomes

190 4369 353 4442 praecipitur,
370 4377 412 4425 est
426 4371 559 4424 sunctum
574 4366 656 4434 inse,
679 4369 708 4422 et
719 4367 843 4438 jactum,
860 4365 888 4421 id
901 4366 1026 4438 estimo
1039 4367 1155 4438 peccati,
1163 4368 1216 4437 fiet
1226 4385 1356 4441 peccone,
1381 4368 1409 4424 id
1424 4377 1466 4424 εει
1478 4384 1594 4439 ρεεεειε
1617 4368 1728 4440 taciens,
1752 4386 1843 4444 capro

190 4458 313 4515 stihoans
326 4465 507 4529 peccatorem,
524 4459 552 4511 et
566 4454 680 4520 bonum,
702 4453 731 4508 id
754 4461 793 4509 est
818 4452 882 4509 utile
906 4454 988 4511 vitam
1038 4456 1162 4522 modom,
1174 4455 1356 4530 [Ambrosius]
1370 4455 1399 4512 id
1414 4463 1456 4514 est
1468 4456 1615 4530 plusquam
1628 4464 1700 4524 ante,
1716 4473 1772 4514 non
1784 4475 1842 4515 me·

190 4546 344 4618 acquirens.
361 4545 433 4615 Quid
444 4559 511 4617 ergo
522 4541 527 4598 l
540 4542 591 4599 ilic
603 4541 735 4614 quaeritur
748 4549 838 4600 utrum
851 4541 903 4609 lex,
920 4551 947 4598 ει
965 4543 989 4598 ει
1038 4542 1175 4613 diocriter,
1188 4544 1252 4615 quia
1263 4545 1344 4600 etiam
1353 4543 1540 4614 prevaricatio
1553 4545 1679 4602 accessit.
1697 4545 1756 4602 Fiat
1768 4563 1839 4619 pec-

191 4634 226 4690 sit
242 4634 323 4703 hona,
334 4634 369 4689 sit
379 4640 469 4688 tamen
481 4629 774 4688 efficiendodamnoso.
785 4627 866 4697 Quod
877 4645 909 4686 ex
919 4646 989 4701 prae-
1037 4646 1102 4686 caus
1117 4631 1188 4701 dico,
1198 4638 1225 4688 ει
1234 4632 1296 4700 hoc,
1307 4631 1495 4707 [Augustinus]
1508 4649 1560 4706 per
1576 4634 1757 4702 medatem,
1777 4636 1840 4692 siue

190 4721 269 4778 dictis
278 4709 426 4777 'videbatur
439 4736 521 4792 ροεεε
536 4717 637 4791 colligi.
653 4717 764 4772 Dixerat
777 4716 850 4772 eninr
870 4718 987 4774 manda·
1038 4734 1092 4792 quo
1104 4735 1160 4778 uon
1174 4726 1278 4776 tanturn
1292 4720 1405 4777 ardebat
1419 4720 1516 4788 lomes,
1532 4729 1559 4778 et
1572 4737 1623 4793 per
1649 4721 1722 4796 quod
1744 4737 1840 4780 accre-

188 4817 246 4865 tum
260 4825 322 4866 essa
337 4809 371 4866 ad
385 4817 510 4873 mortem,
526 4806 629 4863 etitem
649 4805 752 4861 dixerat
779 4821 840 4862 esse
868 4805 982 4864 bonum.
1036 4806 1074 4864 vit
1088 4807 1287 4879 prevaricatio.
1315 4807 1544 4880 Concupiscentia
1562 4808 1634 4865 anim
1658 4810 1752 4866 carnis
1774 4828 1839 4884 quae

187 4897 266 4955 Unde
279 4897 368 4954 minus
383 4895 596 4969 intelligentibus
612 4893 699 4949 videri
713 4901 802 4965 ροιεει
819 4893 921 4956 bonurn
943 4893 986 4950 el·
1036 4895 1112 4952 radix
1126 4902 1168 4951 est
1181 4895 1317 4952 malorum
1332 4913 1382 4968 per
1406 4897 1561 4953 mandatum
1583 4897 1671 4970 magis
1693 4898 1840 4971 prevaluit

186 4985 286 5044 iecisse
301 4993 425 5042 mortem.
451 4981 531 5053 Quod
549 4981 601 5038 sibi
629 4996 769 5052 opponens
798 4989 929 5050 removet,
960 4991 987 5040 ει
1036 4999 1091 5040 non
1104 4982 1356 5041 deiecitbexenim
1370 4985 1683 5058 concupiscentiamnou
1698 4987 1837 5044 exstinxit.

189 5090 243 5146 quo
257 5075 396 5131 intellectu
415 5073 521 5128 dixerat
541 5069 697 5125 mandatum
718 5085 779 5126 esse
802 5069 836 5124 ad
858 5079 983 5138 mortem,
1035 5071 1087 5128 Ubi
1101 5071 1174 5127 enirn
1198 5087 1254 5128 non
1277 5081 1319 5128 εει
1339 5073 1426 5146 gratia
1451 5072 1603 5129 liberatoris
1626 5081 1708 5146 auget
1729 5076 1838 5146 peccati

187 5163 296 5236 exponit
311 5170 406 5220 contra
419 5159 552 5233 quosdam
565 5157 665 5229 impios
685 5157 733 5229 qui
752 5157 881 5214 dicebant
903 5160 985 5217 Vetus
1034 5158 1209 5230 desiderium,
1224 5159 1370 5232 prohibitio
1382 5168 1559 5233 peccatorum
1573 5162 1660 5235 (ιιι).
1682 5161 1748 5220 ldeo
1767 5178 1838 5238 erpo

194 2569 199 2580 '
237 2577 313 2634 Vsus
329 2556 372 2647 ιι,
389 2579 432 2632 ιι.
449 2598 511 2624 -ι
531 2576 623 2646 ltaque
637 2572 681 2629 lex
703 2570 812 2645 quidem
841 2578 943 2640 sancta,
972 2578 1000 2626 et

202 2687 214 2714 ι
235 2665 393 2720 mandatum
407 2672 539 2729 sanetum,
566 2669 592 2718 et
607 2663 710 2730 justum
732 2668 759 2716 ει
783 2659 894 2715 bouum.
920 2658 999 2728 Quod

202 2776 213 2802 ι
236 2768 304 2826 ergo
317 2753 419 2808 bonurn
433 2759 483 2819 est,
498 2749 674 2806 mihifastum
685 2755 726 2804 εει
738 2746 999 2803 norstxbsit.sed

202 2863 213 2890 ι
235 2847 378 2912 ρεεεειιιι
392 2847 422 2895 ιιι
436 2845 563 2911 appareat
577 2842 727 2909 peccatum,
743 2851 792 2907 per
806 2835 907 2891 bonum
930 2849 998 2907 ope·

202 2936 321 2984 uratum
335 2936 377 2984 est
393 2927 457 2982 mihi
484 2933 610 2992 mortem,
639 2933 667 2982 ut
691 2921 738 2980 frat
765 2939 847 2998 supra
875 2923 995 2995 modum,

200 3037 212 3068 ι
234 3033 353 3090 ρεεειιε
368 3023 511 3088 peccatum
523 3030 574 3086 per
587 3013 755 3068 mandatum.
772 3035 783 3062 ι

223 5339 292 5404 (ιιι)
310 5337 634 5405 Αιιιειιιιε,ειι8ιιιριιε.
1068 5335 1568 5400 (ιιι)ιιιιιειιιιε,1ιειειιιιιιιειιιιι

220 5406 289 5473 (ιιι)
307 5406 612 5472 1d.,ocvcrhtsbontut.
1068 5401 1133 5468 (tta)
1151 5401 1197 5466 ld,
1209 5403 1253 5453 lib.
1265 5405 1351 5456 contra
1361 5403 1445 5456 Faust.

220 5471 294 5540 (ιιι)
312 5471 513 5536 hieronymusad
526 5472 661 5526 Messium.
1067 5467 1133 5532 (ιιι)
1151 5468 1199 5533 ld,
1212 5468 1245 5520 ιι
1259 5469 1393 5533 Questtou.
