3878 6322
94 157 164 210 1605
416 153 668 212 COLLECTANEA
686 153 724 212 IN
742 153 851 212 aelst.
871 153 905 208 D.
927 151 1037 210 PAULl.
1054 185 1088 197 -
1102 156 1139 212 IN
1157 157 1214 213 lll‘.
1239 158 1249 213 l
1268 157 1315 214 AD
1335 157 1414 216 COR.
1671 161 1741 218 ttae

95 285 122 334 et
137 276 269 349 quidquid
292 284 334 332 est
358 277 437 332 nohis
463 293 480 333 a
502 279 593 346 Patre,
610 287 651 334 εει
664 277 743 334 nobis
758 293 772 331 a
788 275 855 332 Filio
870 277 933 336 etA
983 277 1054 332 lisca
1078 283 1184 335 autem.
1207 279 1292 348 Quasi
1313 279 1383 337 dicat
1399 299 1406 336 :
1422 281 1479 337 Illis
1492 290 1573 339 uocet
1587 289 1678 338 restra
1693 298 1743 340 co-

94 383 109 420 a
125 365 225 436 Spiritu
241 373 345 422 sanato.
362 365 397 420 Et
413 365 475 421 ideo
494 366 609 422 dicimus
633 367 706 438 quod
721 367 795 421 Deus
808 365 896 420 Trini·
944 364 1051 432 mestio,
1076 366 1155 421 nobis
1179 375 1270 424 autem
1293 385 1346 424 non
1370 371 1491 442 prodest,
1508 370 1572 443 quia
1586 387 1650 427 esca
1665 388 1743 426 sum-

93 461 135 509 tas
151 470 220 509 unus
240 453 319 508 nohis
341 462 382 508 est
407 455 498 519 Pater,
518 471 570 510 una
594 455 733 524 majestas,
761 453 805 510 vel
825 467 896 508 unus
944 459 997 523 pta,
1015 453 1057 508 vel
1073 469 1127 509 non
1142 462 1258 526 sumpta,
1276 473 1333 513 non
1349 460 1526 515 commendat
1541 477 1592 515 nos
1607 460 1661 516 neo
1672 501 1678 526 ,
1690 460 1739 514 sed

8 583 9 586 ,
93 543 226 614 magister
241 541 287 614 qui
305 550 414 613 regnat,
430 542 476 614 qui
491 542 632 610 illuminat,
649 541 800 599 sicutunus
815 542 896 598 Crea-
945 537 1013 594 fides
1039 557 1120 610 escae,
1151 557 1205 613 qua
1231 544 1379 600 creduntur
1409 547 1501 602 omnis
1524 555 1615 604 creata
1638 563 1653 602 ε
1681 549 1739 603 Deo

8 673 9 704 ρ
94 638 150 686 tor.
167 629 221 686 Sed
243 629 307 685 item
330 631 467 702 qumritur,
492 631 515 686 si
534 632 608 686 Deus
623 631 739 686 Trinitas
760 647 830 686 unus
843 645 895 686 no·
944 629 1054 683 munda.
1066 631 1100 684 Ει
1109 646 1182 686 ιειε.
1192 631 1283 704 Neque
1294 632 1319 687 si
1327 649 1386 688 non
1395 635 1661 692 manducaverimus
1674 635 1741 704 deti·

7 759 9 772 ,
94 718 137 774 his
152 727 193 774 est
206 719 296 784 Pater,
315 734 349 774 an
366 718 400 774 sit
413 719 459 774 ille
474 720 564 789 Pater,
580 719 625 792 qui
640 718 804 775 eternaliter
816 719 896 774 Peter
945 718 1061 784 olemus,
1077 717 1105 772 id
1126 726 1167 774 ast
1190 718 1280 774 minus
1304 720 1465 776 habebimus
1480 723 1600 790 honum;
1616 739 1705 796 nepae
1715 724 1740 780 ri

95 814 136 862 εει
151 807 247 862 Filium
263 807 413 880 gignendo,
431 822 466 862 an
481 822 550 875 nou,
569 815 595 863 et
609 807 632 862 si
647 823 710 874 non,
729 823 763 862 sn
779 806 813 862 sit
827 806 895 862 alius
945 805 1210 862 manducaverimus
1219 807 1547 875 abundabimus,inbono
1557 810 1742 878 virtutumve}

7 939 8 948 ,
93 897 185 951 Ρειει.
202 896 245 950 hd
265 896 337 967 quod
362 895 477 951 dicimus
500 896 573 967 quod
596 911 652 951 non
670 895 828 967 simpliciter
843 895 894 950 de·
945 893 1128 959 beatitudinis,
1144 896 1193 950 sed
1209 911 1241 950 ει
1253 893 1307 950 lide
1323 897 1381 966 ejus
1396 905 1507 954 tantum.
1527 898 1620 954 Videte
1634 904 1740 955 autem.

95 984 160 1040 beat
184 984 248 1050 dici,
275 985 348 1040 Deus
371 983 488 1039 Trinitas
512 991 554 1039 εει
577 985 665 1047 Pater,
682 1001 716 1040 ne
732 984 897 1057 intelligatur
946 979 1030 1048 Quasi
1054 981 1126 1037 dieat
1142 999 1149 1036 :
1165 980 1301 1051 Quantum
1320 983 1356 1038 ad
1379 1001 1429 1040 vos
1451 984 1517 1040 nihil
1532 993 1574 1041 est
1589 1001 1650 1042 esca
1666 986 1738 1057 ipsa.

6 1119 8 1130 ,
94 1089 211 1145 persona
233 1073 329 1128 Patris.
356 1072 411 1128 Sed
434 1080 473 1128 est
498 1071 577 1128 nohis
601 1073 690 1138 Pater,
715 1088 766 1128 nec
780 1072 826 1128 ille
840 1073 896 1127 Pa·
945 1067 1075 1141 [lissima]
1089 1069 1143 1124 Sed
1157 1070 1246 1126 videte
1261 1088 1297 1127 ne
1311 1071 1452 1143 forteboec
1463 1074 1681 1131 licentiorestra
1691 1075 1743 1143 fiat

6 1137 7 1214 f
97 1169 138 1216 ter
157 1161 202 1233 qui
219 1169 260 1216 est
274 1161 353 1216 tertia
377 1175 505 1231 persona,
527 1177 578 1215 nec
601 1159 678 1226 alius,
704 1161 753 1216 sed
767 1168 808 1216 εει
823 1153 896 1215 Deus
946 1157 1149 1228 offendiculum
1173 1158 1295 1227 infirmis
1311 1160 1338 1214 in
1354 1157 1417 1227 fide,
1438 1161 1483 1232 qui
1507 1162 1630 1217 nesciunt
1652 1163 1755 1220 adhuc'

6 1233 7 1238 ἵ
97 1265 166 1304 unas
182 1249 228 1320 qui
243 1257 284 1304 εει
298 1249 378 1304 nobis
392 1250 472 1304 Pater
487 1264 520 1302 ει
533 1255 670 1320 ιειιιροιε,
687 1249 774 1320 etqui
796 1256 837 1303 est
851 1248 896 1303 ille
946 1244 1047 1300 idolum
1068 1245 1135 1300 nihil
1158 1262 1229 1312 esse,
1252 1255 1278 1302 et
1295 1254 1384 1319 potest
1408 1265 1468 1304 esse
1486 1247 1688 1306 offendiculum.
1714 1251 1743 1306 Si

6 1317 8 1332 ι
96 1338 184 1403 Ρειει,
210 1337 280 1394 sicat
304 1337 388 1392 Filius
410 1344 452 1393 est
475 1353 543 1392 nnus
568 1337 642 1392 Deus
665 1353 727 1392 cum
741 1337 828 1400 Patre,
845 1352 896 1392 nec
946 1334 1093 1406 puisenim
1107 1333 1230 1392 infirmus
1244 1337 1345 1392 vidend
1360 1337 1741 1410 eumpuibabetscientiom,

5 1413 6 1418 ἵ
96 1433 189 1481 tamen
212 1433 252 1480 est
276 1425 349 1481 Deus
374 1425 420 1496 qui
443 1425 546 1496 genuit.
572 1424 751 1497 [hrnhrosiusl
768 1427 804 1480 at
818 1425 897 1480 nobis
947 1422 1155 1478 recumbentem
1179 1424 1210 1479 in
1230 1424 1323 1492 idolio,
1346 1425 1373 1480 id
1397 1425 1485 1480 estin
1508 1425 1652 1496 praesentia
1666 1425 1741 1496 idoli,

99 1521 141 1569 est
155 1515 235 1570 lesus
256 1514 385 1569 Christus
410 1529 485 1568 unus
509 1514 593 1579 Deus,
615 1521 641 1568 ει
666 1514 811 1580 Dominus,
835 1529 896 1569 cum
946 1526 1041 1566 nonne
1052 1513 1227 1567 conscientia
1237 1515 1307 1584 ejus,
1319 1529 1384 1570 eum
1393 1514 1432 1569 sit
1444 1514 1569 1582 infirmo,
1578 1531 1632 1586 per·
1641 1531 1670 1570 se
1679 1515 1746 1570 cedi-

99 1603 179 1658 Patre
201 1602 227 1656 in
254 1601 413 1668 substantia,
439 1601 466 1656 id
490 1610 531 1657 εει
552 1601 632 1656 nohis
654 1618 725 1657 unus
749 1602 823 1656 Deus
844 1608 895 1669 εει,
911 1599 1122 1688 Btioobiturcd
1132 1601 1361 1656 manducandum
1372 1602 1536 1674 idolothyta,
1546 1601 1660 1657 idestad
1671 1618 1746 1658 man·

98 1698 124 1746 ει
140 1691 271 1747 Dominus
284 1692 363 1746 Pater
377 1698 403 1746 ει
428 1689 558 1756 Christus,
583 1707 633 1764 per
657 1707 738 1764 quem
762 1690 898 1746 Christum
948 1687 1103 1742 ducendum
1138 1703 1235 1744 carnes
1260 1687 1458 1745 sacrificiorum
1482 1689 1551 1746 sicut
1572 1689 1744 1763 idolothyta?

4 1833 5 1844 ,
100 1781 197 1837 otnnic
224 1787 315 1836 creatu
342 1785 416 1834 sunt.
457 1777 554 1834 Omnia
581 1777 684 1833 enims
721 1779 810 1847 Patre,
849 1780 898 1835 sed
949 1775 1050 1830 Videas
1065 1774 1136 1830 enim
1161 1775 1221 1848 quis
1245 1774 1357 1832 tratrem
1371 1777 1488 1849 peritum
1503 1777 1627 1834 inidoliu
1642 1778 1745 1836 sacriti-

4 1861 5 1870 ’
99 1884 148 1939 ρει
172 1867 268 1923 Filium
296 1875 389 1924 creata
422 1875 493 1922 sunt.
524 1869 580 1936 (96)
612 1867 670 1924 Nec
698 1866 752 1923 alia
778 1884 828 1939 per
855 1868 898 1923 Fi·
947 1869 1007 1919 cata
1021 1863 1102 1918 edere
1117 1863 1210 1935 incipit
1225 1871 1250 1920 et
1269 1864 1328 1936 ipse
1343 1865 1434 1931 edere,
1451 1883 1505 1922 non
1520 1865 1565 1921 illa
1579 1867 1746 1922 conscientia

4 2015 5 2018 Ἴ
98 1955 175 2021 lium,
190 1954 244 2012 alia
258 1971 308 2027 per
331 1957 448 2022 Patrem,
473 1956 522 2011 sed
549 1956 658 2011 eadem.
691 1956 817 2029 Alioquin
841 1957 898 2027 jam
948 1967 1003 2022 qua
1022 1950 1068 2006 ille
1091 1951 1195 2022 peritiae
1210 1967 1292 2008 causa
1308 1952 1397 2009 sciens
1412 1954 1478 2008 nihil
1493 1971 1554 2010 esse
1569 1954 1679 2022 idolum,
1697 1955 1745 2010 sed

3 2039 5 2048 ‘
100 2059 156 2100 nun
170 2043 261 2099 omnia
276 2059 327 2114 per
339 2044 458 2112 Patrem,
488 2058 540 2100 nec
568 2043 659 2099 omnia
673 2059 723 2115 par
738 2044 842 2099 Filium.
870 2044 898 2099 Si
949 2055 1010 2096 esse
1025 2047 1101 2110 putat
1115 2039 1160 2095 ille
1176 2057 1269 2110 unum,
1286 2057 1347 2096 cum
1362 2041 1435 2098 videt
1453 2041 1565 2098 fratrem
1580 2044 1696 2115 peritum
1709 2043 1745 2098 il-

103 2140 192 2187 autem
207 2131 297 2187 omnia
311 2147 362 2203 ρει·
378 2132 493 2198 Patrem,
509 2139 536 2187 ει
549 2132 639 2188 omnia
653 2147 702 2203 per
725 2131 830 2199 Filium,
852 2148 898 2188 er·
949 2127 984 2184 lic
999 2128 1091 2193 edere,
1101 2144 1153 2184 neo
1167 2129 1301 2196 horrera;
1317 2135 1346 2186 et
1356 2130 1390 2186 ita
1400 2132 1502 2204 peribit
1511 2131 1644 2201 infirmus
1654 2135 1747 2203 frater

2 2290 4 2295 ⁴
100 2235 137 2293 go
149 2220 245 2276 eadem
260 2236 309 2291 per
320 2221 426 2275 Patrem
449 2237 509 2292 qtrae
533 2237 583 2291 ρει
607 2219 703 2275 Filium
728 2220 801 2277 facta
824 2229 896 2277 sunt.
949 2219 981 2272 t'n
999 2220 1049 2272 tua
1064 2218 1249 2286 conscientia,
1268 2217 1296 2273 id
1317 2226 1359 2273 εει
1382 2219 1444 2291 quia
1467 2226 1493 2276 te
1508 2219 1659 2291 sapientem
1673 2219 1747 2277 videt

2 2372 3 2382 ρ
100 2308 220 2380 AEqualis
235 2324 301 2382 ergo
316 2316 357 2364 εει
370 2309 443 2364 Patri
459 2307 552 2378 Filius,
569 2316 595 2364 ει
618 2309 808 2380 inseparabilis
830 2325 898 2381 ope·
948 2305 1101 2372 comedere,
1125 2313 1222 2377 putans
1242 2306 1294 2362 sub
1321 2306 1386 2362 idoli
1418 2307 1602 2375 veneratione,
1632 2313 1748 2382 proptor

2 2401 3 2404 ’
101 2396 170 2452 ratio
194 2395 342 2468 utriusque.
370 2399 405 2453 et
423 2412 474 2454 nos
497 2413 548 2469 per
573 2398 665 2467 ipsum
688 2397 824 2452 Christum
850 2415 898 2452 su·
949 2393 1747 2468 quemsalvandumChristusmortuusest,etitagraviter

2 2485 3 2556 s
102 2501 163 2539 mus
183 2484 211 2538 in
233 2485 300 2548 Deo,
323 2484 385 2555 quia
410 2499 458 2554 per
481 2483 570 2556 ipsum
594 2485 731 2542 reformati
753 2501 847 2540 sumus
871 2485 899 2540 in
949 2497 1057 2552 peccas.
1085 2483 1130 2539 Sic
1145 2486 1251 2539 antem.
1268 2481 1354 2552 Quasi
1368 2484 1439 2540 dieat
1456 2500 1462 2540 :
1480 2485 1519 2539 lte
1534 2484 1748 2556 intratrespec-

1 2581 3 2586 ⁴
102 2572 258 2644 cognitione
282 2572 342 2638 Dei,
367 2588 418 2644 ρει·
445 2588 527 2644 quem
548 2572 686 2629 ineramus
708 2574 801 2631 creati.
834 2574 896 2640 Sed,
949 2569 1028 2625 catis.
1046 2569 1098 2624 Sed
1114 2572 1155 2625 sic
1167 2574 1320 2643 peccantes
1334 2572 1366 2627 in
1381 2574 1498 2643 [ratres.
1514 2576 1543 2629 et
1556 2575 1747 2645 percutientes

1 2734 2 2737 Ἴ
102 2670 155 2716 ειε.
179 2659 265 2730 Quasi
288 2659 358 2716 dicat
374 2661 450 2716 :Nos
473 2662 525 2717 hcc
545 2661 647 2718 scimus
671 2662 744 2734 quod
766 2679 834 2718 unus
858 2671 899 2718 εει
950 2657 1746 2732 conscientiamipsoruminfirmaminiChristopeccatis,

102 2751 185 2804 Deus.
206 2749 258 2806 Sed
271 2765 329 2805 nan
344 2750 376 2805 in
391 2749 519 2806 omnibus
533 2754 576 2806 est
590 2751 649 2806 haeo
663 2751 799 2818 scientio,
816 2751 843 2805 id
858 2757 899 2806 εει
949 2746 1027 2816 cujus
1041 2746 1163 2801 membra
1179 2755 1249 2802 sunt.
1266 2747 1334 2802 Cum
1349 2747 1422 2804 enim
1435 2747 1575 2804 charitatis
1590 2765 1644 2805 non
1658 2747 1749 2805 aemuli

1 2823 2 2854 r
101 2854 157 2894 non
170 2853 266 2894 omnes
281 2837 441 2908 mysterium
456 2836 536 2892 unius
551 2839 601 2894 Dei
616 2839 818 2910 cognoscimus.
837 2839 899 2908 Qut·
950 2841 1023 2903 suut,
1040 2850 1095 2905 que
1109 2833 1233 2890 Christus
1244 2850 1294 2891 nos
1309 2835 1444 2903 liberavit,
1460 2845 1576 2907 peccant
1590 2837 1617 2891 in
1628 2837 1747 2906 Christo,

102 2927 170 2982 dam
182 2929 290 2994 eutem,
315 2925 359 2981 vel
381 2927 468 2982 enim.
495 2925 579 2995 Quasi
594 2925 667 2982 dicat
683 2944 690 2982 :
707 2927 778 2982 ltere
792 2941 847 2983 non
871 2927 899 2982 in
949 2937 1004 2976 non
1018 2922 1045 2976 in
1061 2922 1207 2988 Christum,
1223 2923 1326 2994 quinia
1342 2923 1478 2980 Christum
1502 2941 1626 2996 peccare,
1642 2934 1683 2981 est
1697 2942 1749 2982 na-

1 3003 3 3028 }
101 3014 228 3070 omnihus
243 3022 284 3070 εει
305 3014 364 3070 haec
388 3013 508 3080 scientia,
535 3013 598 3086 quia
622 3014 745 3087 paidom,
770 3023 833 3080 etc,
858 2975 935 3070 velG
951 3024 1017 3082 gare
1033 3009 1180 3064 Christum.
1198 3009 1228 3064 ln
1243 3010 1349 3066 Christo
1364 3018 1453 3067 autem
1468 3027 1593 3083 peccare,
1610 3020 1650 3068 εει
1664 3013 1691 3068 ιιι
1706 3014 1749 3068 his

1 3093 2 3125 ³
101 3103 267 3158 nesscimus
282 3101 673 3175 quisidolumnihilest.Sed
692 3101 805 3174 pomam
820 3119 901 3158 mon·
952 3112 1012 3168 quae
1027 3095 1124 3151 Christi
1139 3103 1199 3151 sunt
1213 3112 1336 3167 peccare.
1354 3099 1429 3154 Sicut
1441 3099 1486 3154 hic
1501 3099 1545 3170 qui
1560 3099 1683 3175 sublege
1697 3108 1748 3168 est,

1 3201 2 3211 ¹
101 3191 209 3247 ducant
231 3190 265 3246 de
287 3188 427 3246 sacrificiis
449 3206 515 3248 cnm
538 3191 714 3248 conscientia
736 3190 814 3260 idoli,
839 3189 901 3262 quia
951 3184 978 3238 in
992 3183 1054 3257 lega
1070 3183 1166 3240 dieitur
1188 3201 1314 3256 peccare,
1338 3185 1374 3241 lla
1394 3187 1422 3241 hi
1440 3187 1486 3259 qul
1509 3186 1537 3242 in
1553 3187 1661 3243 Christo
1675 3195 1748 3256 sunl,

100 3286 195 3350 putant
209 3278 311 3334 idolum
324 3277 427 3350 aliquid
445 3275 567 3336 divinum
584 3295 656 3334 essa.
681 3280 716 3333 Et
738 3279 799 3345 hoc,
815 3294 901 3350 usqne
951 3272 980 3327 in
995 3273 1103 3328 Christo
1123 3288 1239 3346 peccare
1263 3274 1398 3330 dicuntur.
1424 3276 1455 3330 ln
1478 3275 1585 3331 Christo
1599 3291 1667 3351 ergo
1682 3292 1750 3348 pec-

102 3383 191 3434 nunc,
207 3366 235 3422 id
255 3375 295 3422 est
315 3367 395 3422 etiam
419 3381 491 3423 nunc
512 3375 576 3438 ροει
598 3367 816 3434 conversionem,
834 3367 902 3422 sicut
952 3361 1029 3427 culis.
1052 3361 1129 3429 cuius
1149 3378 1266 3434 regnum
1290 3361 1446 3418 diminuitis·
1471 3363 1507 3418 El
1521 3363 1586 3435 quit
1612 3364 1640 3418 in
1669 3365 1750 3421 Chri-

103 3463 167 3511 ante
190 3455 409 3511 conversionem.
436 3454 620 3528 [Ambrosias]
639 3454 812 3524 blandarum,
829 3455 900 3518 dicu,
951 3457 994 3509 sto
1018 3447 1147 3520 peccatis,
1184 3455 1361 3524 quopropter,
1385 3451 1518 3506 abstinete
1546 3451 1615 3508 sicut
1643 3460 1669 3508 ει
1698 3469 1751 3526 ego

1 3539 3 3575 ³
104 3559 166 3600 cum
190 3543 356 3599 conscientia
377 3551 403 3599 et
426 3543 507 3616 puori
528 3544 725 3616 motattptan,
742 3543 769 3600 id
785 3552 827 3600 εει
840 3559 902 3601 carn
952 3537 1032 3592 etiam
1046 3537 1082 3591 ab
1097 3537 1170 3593 omni
1190 3553 1280 3608 carne,
1297 3539 1360 3610 quia
1376 3539 1401 3596 si
1415 3555 1479 3596 esea
1494 3540 1671 3597 scandalizat
1685 3543 1751 3612 tro-

106 3630 259 3687 reverentia
285 3630 362 3696 idoli,
384 3631 460 3702 quasi
480 3631 569 3702 aliqua
587 3631 642 3688 illia
661 3639 734 3687 esset
756 3632 897 3689 divinitas.
954 3628 1027 3682 irem
1037 3641 1142 3686 meum.
1158 3627 1409 3693 nonmunduenbo,
1426 3643 1481 3683 non
1496 3628 1584 3683 Solum
1599 3628 1749 3697 imffi⁰l³²ssr

1 3748 2 3753 κ
104 3714 139 3768 Et
155 3714 328 3770 conscientia
344 3713 559 3786 §Sipsorum
579 3729 645 3770 cum
658 3714 692 3770 sit
705 3713 824 3781 infirma,
839 3715 901 3786 pol·
952 3713 1096 3769 sedetiam
1120 3729 1230 3769 omnem
1245 3731 1361 3770 carnem
1376 3716 1407 3770 in
1426 3719 1577 3782 aternum,
1601 3715 1628 3770 id
1644 3724 1685 3772 est
1699 3731 1751 3772 neo

1 3811 2 3825 ¹
103 3801 186 3857 luitur
209 3817 259 3872 ρει·
274 3800 334 3856 illos
349 3802 396 3875 qui
409 3802 511 3858 habent
526 3801 667 3859 scientiam
681 3803 762 3858 unius
776 3803 836 3873 Dei,
853 3802 903 3858 sed
952 3801 997 3858 hic
1022 3817 1074 3856 nec
1101 3801 1129 3855 in
1156 3800 1256 3858 futuro.
1282 3802 1356 3858 Sicut
1379 3801 1452 3858 enim
1470 3809 1576 3859 constat
1598 3803 1672 3876 quud
1695 3819 1751 3860 non

1 3899 2 3930 ι
104 3905 160 3945 non
174 3905 236 3946 cum
254 3889 394 3960 charitate,
419 3906 470 3962 ρει
493 3905 562 3964 quos
582 3890 609 3946 in
633 3892 705 3947 hunc
720 3907 843 3948 errorem
857 3891 902 3947 in·
951 3897 1013 3962 pust
1041 3897 1168 3956 mortem,
1193 3889 1232 3946 sic
1258 3898 1348 3946 certus
1376 3906 1435 3946 sum
1462 3891 1535 3964 quod
1563 3891 1665 3947 necin
1694 3891 1750 3948 vita

102 3977 174 4032 lirmi
198 3977 407 4046 inducebantur,
433 3994 548 4052 quorum
573 3993 628 4034 non
652 3977 730 4035 cibus
762 3978 900 4050 polluitur,
952 3977 1132 4042 manducabo,
1149 3992 1204 4033 non
1217 3978 1290 4050 quod
1305 3979 1377 4034 mala
1397 3978 1431 4034 sit
1452 3994 1526 4046 esca,
1548 3979 1598 4036 sed
1618 3994 1655 4035 ne
1669 3995 1751 4038 seon·

105 4066 156 4121 sed
171 4064 349 4122 conscientia.
953 4066 1074 4122 datiaem
1087 4070 1209 4137 tratrem
1223 4082 1329 4123 meam.

142 4155 228 4210 Vens.
252 4157 364 4210 ata-
387 4155 456 4211 lisca
478 4159 574 4211 autem
585 4171 642 4212 non
653 4155 833 4212 commendat
849 4171 901 4212 nos

107 4244 169 4300 Deo.
182 4245 273 4316 Neque
283 4245 359 4299 enim
370 4245 395 4299 si
405 4243 669 4300 manducaverimus
684 4243 899 4316 abundabimus,
1257 4207 1370 4265 CAPUT
1383 4210 1431 4266 ¹X'

107 4332 234 4405 neque-si
248 4349 306 4390 non
323 4331 588 4388 manducaverimus
609 4332 780 4400 deficiemus.
807 4332 898 4389 Videte
916 4329 942 4390 D
989 4329 1077 4386 Vens.
1097 4332 1191 4385 t-r.-
1206 4331 1265 4390 Non
1285 4349 1348 4388 ram
1368 4333 1456 4390 tiber?
1473 4335 1534 4390 Non
1547 4351 1610 4390 sum
1634 4335 1751 4408 Aposto-

107 4425 203 4477 autem
227 4437 264 4476 ne
280 4423 355 4492 sorte
377 4421 435 4476 hore
459 4421 577 4477 licentio
593 4425 685 4477 uestra
700 4421 902 4492 offendiculum
954 4419 1021 4475 tus?
1040 4419 1137 4476 Nonne
1162 4419 1305 4477 Christum
1328 4423 1424 4479 tesum
1444 4423 1595 4478 Dominum
1620 4427 1751 4480 nostrum

1 4525 2 4528 ¹
106 4508 158 4578 fiat
177 4508 310 4578 infirmis.
337 4509 366 4565 Si
379 4509 456 4565 enim
477 4509 653 4582 paisoiderit
673 4525 737 4566 eum
751 4509 800 4582 qui
821 4509 904 4565 babet
952 4507 1028 4563 vidi?
1041 4508 1217 4580 Nonneopus
1225 4525 1375 4566 meumoos
1394 4511 1462 4567 estis
1476 4511 1634 4568 inDomino
1647 4515 1659 4567 t
1674 4513 1709 4568 at
1726 4511 1752 4568 st

105 4597 258 4652 seientiam
268 4597 300 4653 in
323 4597 396 4654 idolo
422 4599 640 4662 recumbentem,
656 4597 903 4654 nonneeonsoien-
953 4595 1019 4651 otiis
1047 4612 1105 4652 non
1131 4612 1195 4653 rum
1215 4599 1368 4669 apostolus,
1394 4598 1442 4654 sed
1465 4602 1562 4655 tamen
1577 4600 1652 4657 uobis
1675 4616 1749 4656 sum.

107 4686 149 4741 tto
164 4685 234 4757 ejus,
246 4702 310 4742 cum
332 4687 371 4742 stt
385 4687 511 4756 infirmo,
531 4686 716 4756 edificabitur
731 4685 767 4742 ad
782 4685 903 4741 mandu—
952 4684 1024 4738 llam
1038 4684 1221 4756 sipnueulnm
1235 4686 1411 4758 apostolatus
1434 4688 1491 4744 mei
1505 4704 1550 4745 vor
1566 4687 1634 4744 ostis
1648 4687 1680 4744 tn
1696 4690 1751 4746 Do-

1 4793 2 4826 :
107 4773 230 4830 condam
244 4774 409 4847 idolothyta,
425 4779 454 4830 et
468 4776 570 4846 peribit
585 4775 716 4844 infirmus
731 4774 762 4829 in
776 4777 826 4830 tua
840 4789 904 4830 con-
954 4773 1042 4827 mino.
1068 4773 1128 4829 blaa
1143 4773 1270 4844 defensio
1284 4773 1360 4847 apud
1373 4790 1418 4840 eos
1431 4775 1479 4848 qui
1493 4792 1537 4832 me
1556 4776 1746 4848 intermeant,

1 4905 2 4916 ,
106 4863 231 4920 scientio
253 4865 355 4934 frater,
374 4867 491 4936 proptor
516 4879 598 4936 quem
623 4861 750 4919 Christus
773 4865 903 4920 mortuus
954 4859 1088 4917 boec‘est:
1105 4861 1237 4935 Nnnpuid
1252 4879 1310 4918 non
1334 4863 1467 4919 babemus
1480 4867 1649 4937 potestatem
1664 4880 1749 4943 man-

1 4981 2 4994 t
106 4950 147 5001 ert
160 4946 226 5003 rste
236 4949 332 5002 nutem
349 4949 501 5018 peccantes
523 4949 554 5002 in
567 4950 685 5019 fratres,
697 4949 724 5002 et
737 4947 903 5019 percutten-
954 4946 1078 5004 ducendi
1088 4954 1116 5004 et
1130 4949 1256 5006 bibendi?
1275 4951 1407 5023 Numquid
1427 4967 1485 5008 non
1510 4951 1642 5009 babemus
1657 4955 1751 5024 potes·

1 5064 2 5067 ι
108 5033 150 5086 tes
172 5030 379 5086 conscientiam
402 5046 497 5087 torum
523 5031 682 5099 infirmam.
697 5031 729 5086 tn
759 5029 903 5086 Christum
956 5039 1045 5092 tutem
1067 5053 1190 5093 sororem
1208 5038 1358 5095 mutierem
1372 5039 1617 5108 circumducendi,
1632 5040 1708 5096 sicut
1723 5044 1752 5096 et

1 5162 2 5183 ι
104 5119 238 5190 pacantis.
265 5119 449 5192 Quapropter,
469 5121 495 5176 si
516 5135 578 5176 esca
596 5119 904 5189 scandelizatsrotrem
955 5124 1051 5180 caeteri
1074 5125 1195 5197 apostoli
1208 5129 1352 5198 etsratrer
1367 5127 1488 5198 Domini,
1505 5132 1533 5184 et
1548 5127 1654 5199 Cophos
1670 5128 1751 5184 tent

106 5221 210 5276 meum,
235 5221 293 5264 non
316 5208 489 5265 manducabo
508 5223 624 5266 onmem
648 5208 680 5263 in
698 5209 848 5275 amenum,
866 5222 904 5264 ne
956 5226 1003 5283 epo
1017 5212 1094 5268 sotus
1109 5217 1137 5270 et
1151 5215 1294 5271 Barnabas
1305 5217 1505 5273 nonhabemus
1519 5215 1749 5288 potestatemboo

107 5297 229 5365 fratrem
244 5311 339 5353 meam
349 5295 551 5354 scandalizem·
954 5301 1103 5372 operandit
1116 5301 1181 5372 Quis
1188 5303 1367 5361 mitttotsuts
1377 5304 1527 5377 stipendiis
1536 5304 1750 5378 unpuothuts

144 5469 199 5538 (ltu)
217 5471 381 5536 bnaustlnus,
393 5470 424 5523 da
435 5467 570 5522 l'rinttate.
