3906 6056
203 199 272 254 didit
869 193 972 250 PETRI
994 191 1183 251 tounsaut.
1785 198 1857 252 idtio

202 319 304 376 odisset
318 327 441 376 naturam
456 335 538 393 qnam
553 318 654 377 bonam
664 319 723 392 ipse
734 317 854 400 feceram
872 318 921 374 sed
935 319 1040 390 quo-A
1056 318 1129 390 quod
1151 334 1206 375 non
1228 319 1327 390 injuste
1346 319 1459 391 judicat,
1484 319 1568 377 rebus
1590 322 1681 393 potius
1703 321 1856 392 probemus

199 406 340 463 niamrem
351 408 512 479 stupendam
538 409 573 465 de
592 407 715 464 nondum
735 406 806 463 natis
827 422 879 462 nec
901 405 1003 478 aliquid
1052 423 1133 479 quam
1149 408 1249 464 verbis.
1265 410 1326 465 Duo
1340 409 1413 466 enim
1428 409 1546 475 inerunt,
1563 410 1629 466 Saul
1648 419 1675 465 et
1689 409 1790 466 Dauid.
1807 410 1854 464 ln-

198 493 263 549 boni
277 495 321 550 vel
342 495 407 551 mali
425 496 568 570 agentibus
594 503 781 567 proposuerat,
805 494 908 551 scilicet
929 493 1002 566 quod
1052 495 1191 568 quiramus
1205 495 1233 551 in
1248 497 1369 552 historiis
1384 497 1472 570 qualis
1486 498 1673 570 unusquisque
1692 513 1791 554 eorum
1806 515 1863 553 re·-

201 599 284 640 uuum
299 584 373 640 Deus
388 565 524 653 dflexerit,
540 585 655 640 alterurn
677 584 776 650 oderit,
794 583 930 656 quomodo
950 583 1001 638 boc
1050 583 1182 655 periatur,
1197 593 1259 656 post
1270 585 1403 654 judicium
1418 585 1596 656 praescientiae
1619 586 1678 651 Dei,
1705 587 1855 641 Videamus

198 679 273 728 recte
292 672 372 728 inerit
392 688 455 730 oum
479 673 517 728 nil
538 673 670 747 egissent,
687 672 760 745 quia
773 687 827 742 res,
854 679 881 726 ut
900 671 1001 727 dictum
1051 687 1119 744 ergo
1134 673 1157 728 si
1172 673 1236 728 Saul
1250 673 1277 729 in
1299 673 1463 730 necessitate
1485 673 1522 728 ita
1537 690 1567 729 se
1581 674 1675 746 gessit,
1700 681 1729 728 ut
1756 675 1853 740 David,

199 768 250 828 est,
267 761 400 832 stupenda
416 767 467 829 est,
484 761 535 816 sibi
549 761 641 831 objicit
658 760 826 833 exprimens,
855 760 928 816 unde
941 773 1000 815 mo·
1051 761 1096 832 qui
1115 769 1226 833 accepta
1250 761 1438 818 misericordia
1457 762 1567 818 Domini
1588 761 1699 818 minime
1724 771 1854 818 contem-

198 848 255 904 veri
268 855 361 921 posset
374 849 490 920 auditor,
507 856 534 906 et
547 849 586 905 ait
601 867 608 905 :
1049 848 1113 920 psit,
1130 855 1230 920 etpost
1244 849 1534 920 venismpeccatorum
1549 859 1605 905 tam
1627 850 1697 906 bene
1720 850 1853 921 perstitit.

234 973 317 1029 Vsus.
338 974 381 1041 rt,
399 975 442 1028 15.
458 995 520 1022 -ι
540 972 612 1043 Quid
627 987 694 1044 ergo
708 970 857 1029 dicemus?
870 971 999 1043 Nunquid
1051 936 1115 1035 ,⁵⁸⁰¹
1129 951 1197 1036 *sem
1212 953 1267 994 ¹²⁰⁰
1282 939 1475 1039 ΕΜΞΨΒἸΠΡΠΙ
1494 938 1524 1038 ῑῦ,
1543 953 1626 1009 Ρΐθθθ
1649 938 1776 1039 Ρθΐξῑῑῑῑῑι
1801 939 1852 994 ⁸³11

200 1059 356 1133 ,iniquitas
374 1061 447 1132 apud
466 1061 577 1117 Deum?
605 1059 702 1117 Absit!
728 1059 795 1116 Mosi
823 1059 895 1116 enim
908 1058 997 1116 dicit:
1049 1032 1193 1096 impatiens
1207 1033 1234 1082 et
1248 1026 1282 1082 de
1296 1027 1636 1098 DeiJudrcromdrgnatus,
1651 1026 1685 1081 ad
1700 1026 1852 1098 idolaquae

199 1149 380 1204 «iiiserebor
407 1149 451 1206 cui
476 1149 605 1204 misertus
628 1165 698 1217 sum,
729 1155 755 1204 et
782 1147 999 1204 misericordiam
1048 1129 1125 1212 p,f¹‚¹¹⁵
1139 1114 1315 1170 damam
1332 1130 1489 1216 ⁰⁰⁰vef⁵¹¹⁸’
1505 1116 1542 1170 ab
1556 1130 1596 1170 ⁸¹⁸
1610 1114 1739 1169 mmmm
1753 1131 1850 1212 ΜΨ

199 1237 365 1308 ‘praestabo
381 1237 424 1294 cui
438 1236 600 1294 miserebor·
620 1258 630 1287 ,
1049 1209 1120 1256 srvit.
1147 1201 1298 1276 [imbros]
1322 1204 1400 1260 Unde
1421 1211 1494 1273 Juste
1519 1203 1712 1274 reprobatusa
1731 1218 1850 1274 praescm

234 1342 306 1410 Quid
320 1359 384 1416 erpo
397 1343 546 1400 dicemus?
565 1342 648 1412 Quasi
656 1343 728 1400 dicat
744 1359 750 1399 :
770 1341 840 1412 Quia
854 1341 998 1400 sineomni
1048 1289 1169 1435 ἔὲῗέἑῒω
1183 1291 1233 1436 ξέἰ
1247 1291 1755 1436 ἔξωθὲἑᾚηῗίἑξωωᾘῑθέῗὲἓζω
1775 1307 1849 1362 Μ’

195 1429 294 1486 merito
308 1430 391 1502 elegit
406 1433 488 1501 hunc,
505 1439 531 1488 et
546 1431 622 1487 illum
645 1431 810 1503 reprobavit.
840 1432 916 1504 Ergo
932 1432 997 1503 quid

195 1519 318 1576 dicemus
333 1521 408 1590 (att)
421 1522 435 1576 ‘i
450 1521 582 1593 Numquid
596 1519 720 1578 dicemus
735 1521 808 1592 quod
817 1521 958 1592 iniquitas
973 1519 996 1574 si
1082 1503 1168 1558 VEUS·
1185 1507 1229 1571 ¹52
1246 1507 1289 1560 ¹7·
1305 1534 1341 1546 ···
1358 1525 1369 1556 t
1386 1505 1537 1578 lgitffl'ssOU
1550 1504 1766 1576 V0¹⁰¹¹²i⁵¹¹²i¹¹⁸
1780 1520 1847 1561 0¹¹¹·

194 1607 369 1680 cpudDeum
382 1613 394 1664 t
407 1607 435 1664 id
449 1617 491 1664 est
511 1609 616 1666 dicetur
629 1608 737 1680 iniquus
760 1609 845 1663 Deus.
871 1607 995 1679 Iniquum
1049 1612 1060 1639 ¹‘
1078 1591 1174 1662 remis,
1192 1593 1241 1647 ⁵0⁶1
1254 1592 1410 1648 miserem
1429 1600 1472 1648 Θθῑ
1497 1593 1557 1649 Dei·
1581 1593 1652 1649 ⁰50st
1673 1593 1746 1648 essim
1769 1593 1846 1648 Sisi·

194 1695 267 1754 fflpm
282 1696 389 1753 videtur
409 1704 439 1752 ut
460 1697 519 1753 sine
539 1697 602 1752 „1153
632 1697 773 1764 bonorum,
795 1695 841 1751 vel
861 1671 1033 1754 mapofflmB
1050 1703 1060 1727 a
1076 1686 1157 1751 ptura
1172 1680 1307 1736 Pharaoni
1328 1698 1335 1736 r
1354 1681 1420 1750 Quia
1434 1681 1462 1735 in
1477 1681 1749 1753 hooipsumexcitari
1765 1689 1801 1746 te,
1818 1689 1847 1736 ut

193 1784 298 1840 meritis
313 1800 436 1856 operum,
452 1802 536 1841 unum
551 1785 654 1857 diligat,
672 1792 698 1840 ει
719 1784 837 1841 ,perum
855 1784 919 1852 opp,
944 1801 997 1857 qu„
1047 1791 1057 1817 ιι
1076 1768 1217 1824 ostendam
1233 1769 1261 1824 in
1276 1776 1301 1824 te
1316 1769 1442 1824 virtutem
1456 1785 1556 1837 meam,
1581 1776 1609 1824 et
1622 1777 1651 1824 ut
1672 1769 1847 1825 annuntietur

194 1873 222 1928 in
237 1889 265 1929 re
281 1872 305 1928 si
319 1873 408 1928 futura
423 1874 495 1929 bona
509 1873 590 1943 hujus
604 1873 649 1929 vel
662 1873 733 1928 mala
747 1873 828 1939 illius,
852 1889 912 1945 quae
940 1873 995 1927 uti·
1047 1879 1057 1904 “
1076 1871 1176 1912 ”Omen
1190 1873 1280 1912 meum
1295 1857 1322 1911 5¹¹
1337 1857 1465 1914 universa
1479 1865 1561 1913 iem·
1581 1881 1592 1906 ⁰

193 1977 247 2033 qne
261 1961 335 2017 Deus
345 1962 508 2033 praesciebat
518 1962 680 2028 attenderet,
691 1977 746 2017 nou
761 1961 874 2030 diceret,
889 1977 947 2018 non
958 1977 995 2018 erc
1079 1962 1236 2032 lpttnrnon
1245 1967 1288 2018 est
1299 1965 1427 2020 volentis.
1442 1961 1527 2031 Quasi
1535 1963 1606 2020 dicat
1622 1964 1752 2035 :Quiaex
1762 1965 1845 2021 mise-

192 2050 331 2121 operibus,
347 2050 396 2105 sed
409 2050 511 2106 diceret
526 2065 559 2106 ex
580 2050 719 2121 operibus.
747 2048 901 2122 [imbros]
926 2048 995 2118 Quia
1044 2048 1162 2106 ricordia
1178 2051 1294 2124 gratuita
1309 2059 1443 2123 preparat
1457 2068 1525 2124 quos
1538 2052 1593 2108 ruit
1609 2060 1635 2108 et
1657 2061 1744 2122 vocat,
1762 2054 1846 2126 igitur

192 2153 260 2210 ergo
275 2138 334 2194 sine
348 2138 453 2194 meritis
467 2139 581 2194 alterum
595 2138 688 2211 elegit,
700 2137 817 2194 alterum
828 2138 993 2211 reprobavit.
1044 2137 1115 2194 velle
1129 2139 1239 2207 bonum,
1255 2153 1310 2194 nou
1325 2147 1366 2195 est
1380 2140 1503 2206 volentis,
1521 2156 1611 2214 neque
1622 2156 1743 2208 currere,
1760 2142 1788 2197 id
1803 2151 1846 2198 est

193 2225 324 2298 Nuuqnid
337 2226 400 2283 ideo
412 2226 543 2300 iniquus?
554 2227 632 2282 dbsit
646 2226 652 2282 Ι
668 2228 728 2282 Non
737 2227 809 2282 enim
822 2226 930 2299 iniquus
941 2234 992 2295 est,
1044 2226 1160 2298 operari,
1177 2235 1218 2283 est
1232 2231 1375 2285 currentis
1390 2228 1519 2297 hominis,
1544 2230 1592 2287 sed
1611 2233 1778 2286 miserentis
1799 2237 1844 2287 ert

193 2314 257 2386 quia
271 2331 355 2370 unum
370 2315 464 2371 dilexit
474 2324 502 2372 et
524 2315 638 2371 alterum
651 2315 708 2371 odit
723 2315 809 2387 (ets),
834 2315 898 2387 quia
912 2315 992 2384 hunc,
1043 2316 1104 2381 Dei,
1121 2315 1148 2370 id
1163 2323 1272 2372 estnon
1288 2324 1330 2372 est
1343 2333 1375 2372 ex
1390 2316 1477 2374 libero
1486 2317 1600 2373 arbitrio
1608 2319 1725 2374 bominis
1741 2320 1842 2374 bonurn

192 2402 219 2458 id
226 2404 369 2472 estJncob,
381 2420 432 2475 per
447 2404 664 2461 misericordiam
684 2403 767 2478 elegit
778 2423 786 2470 3
797 2403 871 2459 illum
891 2402 995 2460 scilicet
1044 2404 1169 2472 volentis,
1185 2404 1228 2460 vel
1243 2405 1393 2476 operantis,
1408 2404 1468 2476 ipsa
1482 2406 1553 2462 bona
1569 2407 1692 2462 voluntas
1705 2408 1758 2463 sei
1774 2423 1841 2479 ope-

193 2491 267 2547 Esau
290 2508 341 2564 per
363 2493 495 2563 justitiam
516 2492 682 2565 reprobavit.
713 2493 742 2548 In
767 2508 821 2565 quo
847 2501 942 2548 neutro
953 2499 994 2548 est
1043 2493 1112 2549 ratio
1126 2501 1177 2560 est,
1189 2493 1282 2549 sodex
1305 2493 1493 2550 misericordia
1517 2495 1567 2552 Dei
1588 2495 1633 2568 qni
1655 2512 1705 2567 per
1728 2497 1841 2569 gratiam

192 2579 331 2652 iniquitas.
346 2582 439 2638 Nemo
449 2590 539 2639 sutem
554 2583 626 2639 dicat
640 2583 727 2638 Deum
741 2581 805 2654 quia
821 2579 909 2636 sutura
924 2597 993 2653 ope·
1043 2582 1194 2653 appositam
1208 2581 1271 2640 iacit
1286 2597 1337 2638 nos
1351 2583 1421 2639 velle
1434 2591 1460 2638 ει
1475 2585 1682 2656 curreremus).
1698 2585 1773 2642 Ecce
1788 2602 1841 2640 uon

193 2684 225 2724 ra
240 2669 408 2739 praevidebat
415 2669 529 2726 aiterum
538 2671 666 2744 elegisse,
682 2669 795 2725 alterurn
809 2670 991 2741 reprobasse;
1043 2678 1154 2741 propter
1168 2669 1259 2726 sutura
1273 2688 1335 2744 qum
1344 2671 1507 2745 praevideret
1521 2672 1612 2745 clegit.
1630 2673 1683 2729 Ubi
1698 2690 1766 2744 ergo
1780 2683 1841 2732 sunt

194 2754 345 2830 [timbron]
360 2757 408 2813 sed
422 2759 561 2829 potiusne
576 2759 722 2831 quisquam
743 2759 778 2814 de
802 2773 912 2814 suorum
927 2773 993 2829 ope·
1042 2759 1161 2815 merita?
1174 2759 1220 2814 ubi
1234 2775 1317 2831 opera
1333 2761 1376 2816 vel
1391 2761 1528 2832 preterita
1542 2761 1586 2817 vel
1609 2760 1698 2817 iutnru
1713 2770 1840 2835 tanquam

193 2860 255 2900 rum
270 2845 375 2901 meritis
389 2848 489 2903 audeat
502 2843 633 2918 gloriam
650 2847 686 2902 ad
698 2846 749 2903 Dei
762 2845 877 2919 gratiam
889 2853 915 2902 et
929 2846 992 2918 gio·
1041 2846 1121 2903 liberi
1137 2848 1243 2905 arbitrii
1257 2848 1362 2904 viribus
1371 2848 1482 2920 impleta
1493 2849 1551 2906 sive
1561 2849 1756 2920 adimplenda?
1766 2853 1841 2906 Non-

195 2933 266 2989 riam
276 2935 524 2991 commendandam
534 2935 705 3007 valerequod
719 2933 799 3004 dixit,
815 2935 990 3002 demonstrat,
1043 2952 1077 2991 ne
1091 2944 1210 3008 apertam
1225 2937 1336 3008 protulit
1346 2938 1492 3009 Apostolus
1506 2939 1540 2994 de
1554 2939 1676 3012 gratuita
1689 2939 1794 3012 gratim,
1812 2940 1840 2996 id

194 3022 315 3080 subdens
331 3041 338 3078 z
354 3025 422 3081 dori
436 3026 525 3081 enim.
542 3022 628 3092 Quasi
641 3024 712 3080 dicat
728 3039 734 3078 :
751 3025 822 3080 Vere
844 3023 925 3080 bomo
940 3039 990 3094 per
1006 3027 1080 3090 cest
1095 3041 1166 3081 verae
1180 3025 1274 3099 gratim
1289 3027 1525 3083 commendatione
1536 3028 1698 3084 sententiam
1713 3045 1775 3084 cum
1790 3029 1837 3094 sit,

193 3111 413 3168 misericordiam
422 3113 515 3186 elegit,
526 3113 589 3185 quia
598 3113 637 3169 ita
646 3113 712 3169 dicit
721 3114 820 3168 Moses.
830 3113 904 3168 Deus
917 3111 992 3167 enim
1041 3130 1095 3170 non
1110 3123 1152 3169 est
1165 3113 1280 3170 uolentis
1294 3131 1383 3187 neque
1399 3116 1531 3172 currentis
1541 3116 1626 3188 (art).
1642 3117 1699 3173 Hoc
1716 3117 1739 3172 si
1753 3125 1840 3173 atten-

193 3199 259 3256 dixit
272 3201 351 3270 Uosi,
367 3201 395 3257 id
409 3209 449 3258 est
459 3203 532 3258 Deus
547 3201 672 3258 inductus
687 3203 789 3258 abiose
803 3199 870 3257 dixit
885 3219 892 3256 ι
908 3203 991 3258 Uise·
1039 3201 1130 3272 dercs,
1156 3219 1173 3258 o
1196 3202 1313 3270 titiane,
1334 3219 1389 3260 non
1421 3205 1583 3261 extenderes
1601 3213 1697 3261 contra
1721 3206 1840 3279 gratiam

193 3290 282 3359 rebor,
298 3291 422 3346 vocando
444 3290 569 3356 interius,
595 3293 676 3362 eujus
690 3289 833 3356 misereor,
849 3288 991 3360 praedesti·
1040 3289 1137 3346 merita
1159 3291 1320 3360 uoluntatis,
1343 3307 1404 3349 cum
1426 3293 1544 3349 audias:
1571 3295 1631 3351 Non
1653 3299 1696 3350 est
1717 3297 1841 3352 uoIenta's

190 3378 293 3433 nando.
309 3379 381 3435 Ecce
394 3379 466 3433 nulla
480 3379 577 3434 merita
592 3376 749 3449 precedunt
762 3393 813 3448 pro
828 3378 927 3450 quibus
941 3378 989 3434 eli·
1038 3396 1128 3452 neque
1140 3381 1293 3447 sumentis,
1306 3381 1355 3437 sed
1370 3382 1532 3438 miserentis
1542 3382 1604 3439 Dei.
1619 3383 1681 3438 Non
1692 3399 1759 3454 ergo
1775 3385 1840 3440 ideo

192 3471 281 3539 gatar,
297 3465 347 3522 sed
362 3466 420 3522 sola
434 3467 523 3538 gratia
538 3465 756 3537 praedestinantis
771 3471 798 3521 et
812 3481 845 3521 ex
870 3481 923 3537 qua
937 3481 989 3522 vo·
1038 3469 1165 3524 misertus
1180 3476 1222 3524 est
1237 3469 1311 3525 Deus
1323 3470 1418 3536 Jacob,
1434 3471 1496 3542 quia
1509 3471 1594 3526 Jacob
1602 3471 1687 3527 uoluit
1701 3479 1726 3527 et
1737 3487 1838 3529 cucur-

134 3567 140 3579 ‘
190 3561 269 3611 catur
284 3561 310 3610 et
326 3554 453 3610 salrstur.
477 3555 556 3611 Unde
578 3553 668 3610 subdit
685 3571 692 3608 ι
708 3555 742 3610 st
764 3553 989 3611 misericordium
1037 3556 1091 3624 rit3
1107 3557 1155 3612 sed
1170 3557 1232 3613 ideo
1246 3558 1331 3613 voluit
1360 3567 1386 3615 et
1408 3559 1538 3630 cucurrit,
1565 3559 1628 3632 qnia
1651 3560 1781 3616 misertus
1794 3571 1838 3617 est

189 3646 338 3718 prestabo,
350 3644 432 3699 vitam
442 3651 572 3700 aeternam
579 3643 679 3710 dando,
695 3644 776 3714 cujrts
786 3645 929 3710 misereor,
941 3659 989 3700 so-
1037 3646 1121 3700 Dens.
1137 3646 1252 3700 Paratur
1267 3646 1339 3702 enim
1353 3647 1476 3702 voluntas
1491 3648 1642 3714 abomino,
1658 3656 1713 3703 eta
1736 3650 1838 3705 Domi-

190 3731 289 3789 cando.
306 3732 355 3788 Vel
368 3733 414 3799 ita,
429 3732 508 3805 quasi
522 3731 593 3788 dicat
608 3750 615 3788 :
637 3733 699 3788 Non
723 3739 765 3787 εει
779 3730 888 3803 iniquus
902 3733 985 3800 Deus,
1037 3748 1073 3788 no
1087 3749 1201 3806 gressus
1216 3734 1334 3790 hominis
1349 3735 1505 3808 diriguntur
1520 3737 1610 3804 (Pron.
1620 3741 1695 3808 xri).
1715 3737 1838 3810 ideoque

189 3822 238 3877 sed
249 3822 349 3890 justus,
366 3821 417 3878 scit
431 3821 504 3877 enim
520 3821 585 3894 quid
598 3820 689 3887 iaciat,
713 3835 765 3878 nec
787 3821 986 3877 retractandum
1037 3822 1220 3894 congrueait,
1236 3832 1348 3880 nonest
1371 3822 1486 3879 volentis
1507 3840 1596 3896 neque
1620 3825 1762 3895 currentis,
1786 3829 1838 3882 sed

188 3916 230 3966 est
244 3910 303 3979 ejus
310 3909 452 3980 judicium.
468 3907 538 3966 Mosi
553 3909 626 3967 enim
641 3909 705 3965 dicit
721 3925 728 3965 ε
745 3908 895 3966 Miserebor
909 3910 987 3979 cujus
1036 3909 1190 3966 miserentis
1204 3911 1255 3966 Dei
1270 3911 1355 3984 (278),
1380 3927 1436 3966 uon
1457 3912 1519 3984 quia
1543 3913 1596 3968 hoc
1615 3912 1675 3968 sine
1697 3913 1838 3970 voluntate

186 3998 314 4054 misertus
328 4011 384 4064 cro,
400 3999 429 4054 id
443 4006 485 4055 εει
498 3998 570 4054 illius
580 3998 733 4055 miserebor
747 3997 868 4054 vocando
883 4005 909 4052 et
923 4013 987 4071 gra·
1036 4007 1129 4054 nostra
1150 4006 1256 4071 agatur,
1278 4000 1328 4055 sed
1352 3999 1414 4071 quia
1445 4000 1570 4056 voluntas
1591 4009 1684 4057 nostra
1706 4001 1744 4056 nii
1770 4002 1837 4058 boni

186 4085 252 4142 tiam
268 4084 440 4158 apponendo,
466 4086 508 4142 cui
523 4087 654 4158 praescius
676 4102 759 4153 eram,
777 4087 850 4158 quod
877 4086 985 4141 miseri·
1035 4086 1101 4158 agit,
1117 4087 1170 4142 nisi
1185 4087 1315 4142 divinitus
1330 4087 1481 4157 adiuvetur.
1496 4088 1574 4144 Unde
1589 4089 1810 4161 alibidpnstolus
1828 4109 1836 4146 ε

185 4174 305 4230 cordiam
319 4175 429 4230 daturus
444 4190 544 4243 essem,
561 4175 651 4231 sciens
670 4173 745 4229 illum
760 4175 983 4244 convertendum,
1035 4175 1095 4233 Non
1108 4191 1157 4247 epo
1172 4179 1279 4243 eutem,
1292 4176 1339 4232 sed
1352 4177 1546 4234 misericordia
1555 4178 1605 4234 Dei
1615 4194 1725 4234 mecum
1735 4179 1761 4246 (1
1770 4181 1835 4235 Cor.

184 4269 211 4318 et
225 4262 297 4333 apud
312 4279 357 4318 me
371 4277 589 4334 permansurum.
606 4263 711 4318 Deinde
725 4263 823 4334 repetit
837 4270 866 4318 ut
881 4263 983 4334 repeti·
1034 4264 1092 4334 xv).
1109 4263 1170 4318 Non
1183 4264 1245 4319 ideo
1254 4265 1305 4320 boc
1317 4265 1363 4330 ait,
1375 4265 1439 4336 quia
1447 4265 1485 4320 nil
1499 4265 1563 4320 boni
1578 4265 1687 4339 agebat,
1703 4267 1752 4322 sed
1768 4269 1835 4340 quia

183 4350 257 4408 tione
271 4351 361 4424 magis
378 4349 538 4419 confimnet,
555 4359 581 4406 et
609 4350 824 4406 misericordium
848 4352 982 4422 praestabo
995 4383 1021 4443 D
1034 4351 1072 4405 nil
1087 4360 1179 4424 ageret
1195 4353 1218 4408 si
1232 4352 1277 4408 illa
1288 4369 1343 4409 non
1354 4354 1504 4423 adjrrvuret.
1521 4356 1559 4409 Ita
1568 4362 1594 4410 et
1608 4355 1659 4411 boc
1672 4355 1735 4411 dicit
1750 4357 1834 4412 :Non

181 4529 303 4587 cordiam
318 4529 399 4597 dabo,
411 4545 493 4602 quem
505 4529 622 4601 prescio
637 4537 699 4600 post
714 4544 835 4586 errorem
855 4535 909 4585 toto
924 4545 983 4585 cor·
1031 4535 1072 4584 est
1095 4529 1212 4585 hominis
1237 4530 1371 4597 voluntas,
1394 4537 1474 4604 atque
1496 4546 1613 4599 cursus,
1638 4532 1686 4588 sed
1713 4533 1777 4604 quia
1792 4534 1832 4589 nil

181 4618 216 4674 ds
230 4633 403 4674 reversurum
418 4618 520 4685 adme,
536 4619 589 4674 boc
604 4625 645 4674 est
659 4617 726 4674 dare
750 4614 790 4672 ilii
804 4617 846 4674 cui
860 4617 980 4674 dandum
1029 4624 1130 4688 potest,
1146 4617 1198 4672 nisi
1212 4617 1257 4674 iile
1271 4619 1441 4674 misereatur.
1459 4620 1531 4674 Usus
1545 4619 1618 4674 enim
1642 4629 1684 4675 est
1699 4619 1744 4693 qui
1760 4638 1831 4693 ope-

180 4713 232 4774 est,
249 4713 277 4762 et
290 4722 345 4762 non
360 4707 426 4762 dare
439 4703 478 4761 illi
493 4706 537 4764 cui
551 4706 670 4761 dandum
684 4713 801 4773 nonest,
817 4713 846 4760 ut
859 4722 923 4761 eum
938 4721 981 4763 vo
1030 4712 1105 4761 ratur
1118 4705 1146 4760 in
1163 4706 1242 4762 uobis
1257 4706 1328 4762 velle
1343 4715 1369 4763 et
1383 4707 1490 4778 operari
1503 4707 1616 4774 bonum,
1633 4708 1681 4763 sed
1698 4724 1763 4764 cum
1777 4711 1832 4767 bo-

179 4803 222 4852 cet
245 4809 328 4868 quern
351 4795 418 4851 sciat
432 4795 563 4863 obedire;
579 4795 654 4850 ilium
666 4810 732 4851 vero
743 4809 808 4861 non,
821 4810 902 4866 quern
913 4795 980 4851 sciat
1029 4809 1074 4850 mo
1089 4794 1213 4861 credere,
1230 4795 1273 4850 vel
1290 4811 1402 4866 sperare
1417 4809 1472 4851 non
1495 4795 1591 4866 possit,
1608 4795 1659 4851 uisi
1682 4797 1756 4862 velit,
1778 4815 1832 4856 nec

179 4899 234 4940 non
248 4883 373 4950 obedire,
389 4883 521 4956 quianon
536 4883 718 4939 involuntate
742 4882 871 4954 potentis,
887 4881 979 4940 sedin
1028 4882 1170 4952 pervenire
1194 4883 1227 4938 ad
1252 4883 1380 4954 palmam,
1408 4883 1460 4938 nisi
1480 4883 1616 4940 voluntate
1632 4892 1733 4953 currat,
1756 4903 1829 4959 quo-

179 4973 291 5030 srbitrio
306 4965 395 5028 dantis
405 4972 488 5028 debet
502 4985 564 5028 esse
579 4971 653 5044 quod
668 4972 759 5026 datur.
770 4974 811 5028 du
822 4971 895 5028 enim
908 4972 978 5028 dan·
1028 4971 1110 5026 modo
1125 4969 1199 5038 dicit,
1222 4987 1275 5027 non
1298 4980 1341 5028 εει
1361 4972 1475 5029 volentis
1498 4989 1586 5045 neque
1609 4974 1759 5043 currentis,
1776 4976 1829 5030 nisi

179 5061 245 5117 dum
265 5061 308 5131 sit,
330 5060 420 5116 dantis
442 5061 524 5116 debet
534 5060 638 5131 judicio
659 5060 779 5131 pensari.
799 5061 833 5116 Et
854 5060 979 5132 quamvis
1028 5057 1093 5130 quia
1107 5059 1195 5130 etipsa
1208 5059 1334 5116 voluntas
1348 5069 1516 5132 praeparatur
1541 5077 1556 5116 a
1579 5062 1725 5118 Domino?
1746 5065 1828 5119 Forte

174 5149 361 5221 periculosum
375 5149 410 5204 sit
421 5148 553 5220 judicium
573 5148 799 5214 Deidisccrnerc,
815 5156 905 5203 tamen
914 5164 978 5220 pro·
1028 5147 1125 5218 aliquis
1140 5147 1255 5220 accipiet
1271 5149 1322 5205 hoc
1337 5165 1419 5205 sensu
1435 5149 1537 5205 dietum
1555 5165 1626 5218 esse,
1648 5165 1702 5206 nou
1718 5161 1759 5206 est
1775 5169 1827 5208 ro-

178 5245 238 5309 pter
266 5239 421 5295 haesitantes
439 5233 473 5294 ne
493 5246 586 5310 potent
615 5237 742 5307 injustum
761 5236 894 5308 judicium
914 5238 974 5306 Dei,
1028 5235 1108 5290 lentis
1121 5252 1211 5309 neque
1226 5237 1368 5305 currentis,
1385 5239 1433 5293 sed
1449 5239 1603 5294 miserentis
1617 5239 1677 5306 Dei,
1695 5248 1827 5312 tanquam

213 5411 283 5476 (stt)
302 5416 421 5478 August„
434 5414 459 5465 in
470 5414 550 5466 uren.
1060 5405 1119 5470 (2⁷7
1151 5410 1198 5473 td,
1214 5413 1298 5462 contra
1311 5412 1400 5463 Julian.
1414 5413 1568 5466 baereiicuttt.

212 5477 271 5542 (275
301 5479 508 5543 td.,adSixtum·
1059 5473 1120 5541 (278
1149 5476 1244 5540 ld.,Ue
1257 5478 1431 5541 perfectiust.

212 5542 272 5610 (2¹10
301 5546 349 5610 td,
362 5546 508 5598 adsistam.
1059 5541 1117 5606 (rto
1147 5543 1196 5607 td..
1209 5545 1234 5596 iu
1247 5543 1326 5596 Uncb.
