3882 6064
109 205 162 261 tii
563 193 845 256 commaneamus
854 195 892 252 tit
906 191 1073 252 psiathos.
1089 223 1124 236 ·-
1138 193 1235 251 PSAl..
1250 193 1320 250 XLI.
1714 193 1766 252 ibi

115 325 173 380 alia
186 323 285 394 littera,
301 321 385 380 idest
399 321 427 378 in
441 320 562 378 adversis
585 321 688 379 iructus
713 321 772 392 ejus
795 318 955 384 declara-C
970 325 1036 376 auat
1048 336 1054 372 ε
1066 319 1131 376 llaec
1144 317 1216 374 milii
1226 317 1337 384 dicum,
1350 322 1377 372 et
1386 314 1450 390 quia
1461 323 1574 388 propter
1591 316 1650 374 liaec
1668 318 1769 374 enimc

115 423 174 484 tur,
200 421 267 469 tunc
290 411 363 468 enim
386 410 525 477 subvenit,
551 416 578 466 et
598 425 695 467 verum
717 409 813 482 probat
837 409 920 475 Deus,
971 423 1035 464 mcc
1050 403 1770 477 turbctceatodme,quideiauadeam,nisiquodet

118 500 197 573 quod
225 500 269 556 die
297 499 445 555 mandavit.
476 498 554 555 Unde
581 499 707 570 speciosa
732 495 923 553 misericordia
971 511 1063 566 supra,
1075 494 1187 560 scilicet,
1203 495 1293 563 Quare
1305 493 1396 548 tristis
1406 508 1436 549 es
1445 494 1544 549 ocima
1553 497 1673 550 neerei
1682 509 1769 566 quara

117 589 170 644 Dei
186 589 353 660 intempore
368 586 559 644 tribulationis.
584 587 658 643 Sicut
681 585 768 643 nubea
783 585 880 658 pluviae
894 584 923 640 in
971 583 1123 640 conturbos
1133 586 1201 638 me?
1217 580 1338 651 ttepeiiii
1353 579 1514 636 confortatio
1524 589 1566 636 est
1576 588 1667 637 contra
1677 581 1767 637 tribu-

117 685 245 748 tempore
274 675 415 732 siccitatis.
445 675 521 748 Ergo
545 683 574 731 ut
594 674 707 730 formica
731 673 758 728 in
782 672 922 745 prosperis
971 670 1085 726 lationes
1100 669 1266 742 frequentes.
1281 667 1336 725 Sed
1351 685 1385 725 ne
1399 668 1474 724 dicas
1489 685 1497 723 :
1513 668 1578 724 ldeo
1589 668 1692 737 turbor,
1705 669 1768 741 quia

119 765 255 820 debemus
267 762 375 820 discere
388 771 416 819 et
430 761 570 836 colligere,
586 763 659 818 unde
672 761 795 818 vivamus
818 759 845 815 iii
870 760 922 816 ad·
971 759 1016 815 hic
1030 757 1102 813 mala
1115 758 1205 830 patior
1218 757 1317 830 potius.

119 853 272 920 versitate3
289 851 403 908 formica
418 851 490 908 enim
503 867 556 924 per
568 857 691 906 aestatem
714 849 826 922 colligit,
849 848 922 921 quod
1007 847 1094 903 Veiis.
1110 849 1152 902 Π.
1168 877 1203 887 -
1220 867 1232 897 i
1249 845 1334 917 Spera
1344 844 1372 900 iii
1382 845 1450 910 Deo,
1463 843 1691 916 quoniamadbuc
1701 859 1767 900 con·

118 957 171 1013 per
184 942 304 998 hiemem
318 940 343 996 ei
358 939 453 1011 prosit,
469 939 505 996 ita
520 947 548 994 tu
561 938 589 994 in
605 937 745 1010 prosperis
768 937 845 994 disce
868 934 922 991 mi·
974 957 985 982 u
1007 933 1105 990 litabor
1120 933 1177 1000 illi;
1194 934 1311 990 salcime
1327 932 1417 990 vultus
1432 933 1498 1000 mei,
1515 941 1542 988 et
1555 932 1631 988 Deus
1648 947 1736 988 meus.
1755 951 1767 983 i

118 1029 312 1086 sericordiam.
342 1029 409 1098 lioc,
439 1027 468 1082 id
495 1034 537 1083 est
561 1025 750 1083 misericordia
776 1024 836 1091 Dei,
865 1021 924 1079 linit
1007 1023 1093 1094 Spero
1108 1023 1139 1078 ic
1152 1022 1217 1089 Deo,
1235 1022 1368 1095 quoniam
1383 1020 1475 1078 adbuc
1490 1020 1701 1091 coafitebcrilli
1715 1018 1770 1092 [Gi.

117 1116 354 1175 conturbationes.

154 1233 244 1288 viis.
262 1234 305 1290 ia.
322 1260 357 1271 -
373 1249 385 1281 i
403 1229 482 1300 apud
495 1243 540 1284 me
562 1229 650 1285 oratio
673 1227 724 1284 Dei
747 1227 810 1284 vitm
832 1242 920 1295 meae;

120 1343 130 1368 ι
154 1319 249 1376 dicam
263 1318 322 1374 Deo
338 1335 345 1372 :
363 1317 511 1389 susceptor
523 1333 601 1373 meus
615 1332 655 1372 es.
679 1341 690 1366 i

155 1423 241 1498 Apud
254 1439 309 1480 me.
326 1421 419 1496 laag„
435 1422 572 1494 Cassiod]
597 1420 683 1491 Quasi
701 1421 774 1478 dicat
789 1421 923 1477 :Etcum

117 1511 243 1586 undique
258 1513 313 1566 sint
325 1511 407 1580 mala,
424 1511 490 1582 quid
506 1525 574 1582 ergo
588 1510 647 1582 agis
670 1509 698 1564 ia
719 1509 772 1565 hac
795 1507 922 1582 peregri-

117 1600 253 1656 natione?
266 1599 328 1655 dico
344 1599 392 1654 tibi
408 1617 416 1653 :
433 1599 530 1656 Oratio
544 1607 585 1653 εει
603 1597 669 1652 mihi
692 1597 720 1653 iii
743 1597 786 1652 liis
809 1606 921 1654 contur-

117 1689 286 1744 bationibus.
303 1689 337 1743 iit
350 1687 409 1743 hiae
422 1687 510 1743 oratic
525 1694 567 1742 est
581 1684 652 1758 apud
666 1701 720 1756 me,

117 1777 211 1834 habeo
228 1775 301 1848 quod
315 1773 437 1843 olieram,
454 1791 509 1830 non
524 1775 559 1830 de
573 1774 725 1848 longinquo
738 1772 850 1830 alierum
865 1773 924 1830 Deo

120 1863 203 1921 92
220 1865 301 1919 thura
316 1871 343 1919 et
357 1869 485 1930 aromata,
503 1877 558 1918 non
578 1863 613 1918 de
636 1868 722 1935 grege
742 1860 857 1918 vitulum
879 1860 924 1918 vel

118 1952 246 2021 arietem,
262 1951 291 2007 in
304 1967 348 2008 me
364 1959 405 2007 εει
428 1951 500 2008 unde
524 1950 611 2006 Deum
633 1949 750 2022 placem,
770 1965 826 2006 non
849 1957 924 2006 extra

119 2055 167 2094 me
183 2055 288 2112 quaero.
304 2037 372 2108 Quas
385 2039 474 2096 oratio
490 2037 520 2093 fit
533 2041 588 2096 Deo
604 2041 670 2094 vite
683 2055 761 2105 meae,
779 2036 808 2094 id
822 2037 924 2110 estqui

120 2129 172 2183 dat
184 2128 280 2184 uitam.
297 2127 394 2184 Oratio
408 2135 499 2184 autem
513 2127 572 2183 sine
587 2127 762 2200 eleemosyna
782 2135 810 2182 et
820 2126 924 2196 ieiunio

118 2215 212 2271 inanis
238 2223 288 2272 est.
315 2215 423 2272 lustitia
442 2215 514 2272 enim
538 2214 656 2271 hominis
679 2214 773 2271 estin
796 2214 848 2271 hac
870 2214 925 2271 vica

115 2303 265 2374 jejunium.
290 2303 475 2375 Eleemosyna
498 2311 525 2359 ει
548 2302 643 2371 oratio,
668 2319 729 2374 qum
752 2302 795 2357 liis
818 2302 925 2358 duabus

119 2392 185 2447 aliia
199 2391 273 2447 volat
286 2391 321 2447 ad
334 2393 431 2448 Deum.
454 2391 552 2447 ὒίεαηι
575 2393 631 2448 Deo
658 2407 721 2448 meo
743 2411 753 2448 .·
775 2391 924 2463 Susceptor

119 2495 202 2536 meus
217 2495 257 2546 es,
274 2479 338 2551 quia
353 2495 404 2550 per
416 2479 579 2550 baptismum
593 2479 738 2552 suscepisti
751 2494 805 2549 me,
831 2477 859 2534 iii
876 2495 925 2550 pa·

118 2567 174 2623 tria
188 2576 235 2624 tua
249 2567 438 2626 collocandum
451 2583 530 2640 ergo.

156 2684 247 2739 visas.
262 2685 306 2740 73.
325 2713 360 2724 -
380 2704 392 2735 i
409 2682 502 2753 Quare
516 2683 616 2739 oblitus
636 2698 667 2739 es
689 2682 765 2738 mei?
788 2690 815 2740 ει
838 2698 923 2756 quare

121 2791 133 2824 i
157 2771 350 2828 constristatus
364 2771 472 2839 incedo,
489 2771 554 2828 dum
569 2769 663 2844 affligit
675 2787 720 2826 me
743 2769 893 2828 inimicus?
909 2790 921 2822 i

160 2861 254 2929 Qianre
268 2859 367 2915 oblitus
381 2875 411 2916 es
425 2860 503 2916 mei?
517 2859 664 2932 [Cassiod.,
680 2858 763 2932 Aug]
784 2860 849 2916 dum
867 2858 923 2915 dii-

117 2947 175 3004 iert
189 2947 335 3020 promissa.
350 2948 385 3004 llt
399 2947 444 3005 hic
458 2955 501 3003 εει
523 2947 609 3015 labor,
635 2947 736 3004 oblitus
756 2947 872 3013 videtur,
896 2954 925 3003 ει

119 3044 174 3103 est,
192 3035 284 3105 Quare
297 3037 401 3094 oblitas
411 3038 529 3093 camai?
544 3034 635 3104 Quare
659 3051 733 3093 nunc
755 3037 858 3108 pateris
880 3025 965 3092 meG

117 3123 164 3179 his
177 3123 297 3180 miseriis
319 3123 436 3180 vexari?
451 3123 568 3180 Videbat
591 3124 642 3180 iste
664 3140 725 3197 quae
748 3123 783 3179 ait
806 3124 922 3181 dulcedo

117 3211 270 3285 patriae,'et
284 3211 404 3284 pericula
418 3212 514 3269 muudi
530 3212 668 3268 horrebat.
691 3213 727 3268 Et
744 3227 830 3286 qnare
852 3229 922 3269 coc-

120 3301 270 3369 tristatus,
287 3301 436 3357 secundum
450 3317 562 3357 sensum
575 3301 676 3372 caruis,
692 3317 753 3374 quae
766 3301 858 3357 horret
872 3301 922 3357 has

117 3387 306 3456 difficultates,
320 3389 420 3446 incedo
434 3389 470 3445 ad
484 3396 522 3455 te,
537 3387 601 3445 ideo
610 3389 793 3456 contristatus,
805 3390 882 3458 dam,
894 3388 922 3445 id

118 3485 164 3533 eat
178 3476 243 3549 quia
256 3476 360 3550 affligit
369 3493 413 3534 me
428 3477 567 3544 tentando,
587 3475 752 3544 tribulando,
775 3479 920 3544 inimicus,

117 3564 228 3621 seilicet
240 3564 377 3622 diabolus.
394 3564 479 3634 Quasi
495 3565 591 3622 dicat:
610 3566 709 3624 Tristis
729 3566 837 3634 incedo,
854 3567 922 3623 dem

116 3653 276 3709 abundante
295 3652 437 3727 iniquitate
461 3653 614 3728 refrigescit
636 3653 756 3712 charitas
773 3654 922 3712 inultorum

116 3743 213 3814 (batt.
224 3741 318 3814 xxiv).

155 3847 244 3905 Vana.
263 3849 306 3904 it.
322 3877 358 3888 -
373 3867 387 3899 a
403 3847 475 3904 Dum
487 3846 696 3921 confringuntur
710 3863 773 3904 ossa
787 3863 859 3918 mea,
875 3864 923 3906 ex-

118 3957 132 3988 «
153 3935 430 4008 probraremntmihi
444 3936 491 4009 qui
504 3935 635 3992 tribulant
648 3951 693 3992 me
707 3935 809 3993 inimici
823 3937 887 3994 mei.
906 3958 918 3987 i

154 4025 230 4080 Dum
240 4023 448 4097 confringimtur
461 4022 556 4098 laag„
573 4021 711 4096 Cassiod]
726 4021 811 4092 Quasi
824 4025 897 4082 dicat
912 4043 920 4082 i

116 4113 160 4168 lta
172 4111 279 4186 affligit
288 4128 334 4170 mc
346 4113 492 4180 inimicita,
509 4117 586 4182 ilum,
602 4111 685 4168 idest
700 4112 765 4185 quia
788 4116 920 4185 confric-

117 4204 308 4273 qimtairosac
322 4217 395 4270 mea,
421 4200 485 4273 quia
508 4201 591 4256 etiam
608 4200 693 4258 fortes
716 4200 847 4258 Ecclesia
870 4218 920 4260 ce-

116 4290 187 4345 dunt
210 4288 367 4358 scandalia;
383 4305 447 4344 nam
472 4289 551 4362 quasi
572 4304 637 4346 ossa
657 4288 829 4362 franguntur,
855 4289 920 4347 dum

116 4377 208 4434 virtus
221 4377 359 4449 patientiae
381 4376 512 4452 alligitur
531 4385 559 4434 et
580 4377 694 4451 tepescit
713 4378 785 4450 quod
806 4377 959 4438 irridentD

116 4465 196 4522 mali.
211 4467 248 4522 lit
263 4464 346 4522 etiam
364 4467 608 4539 exprobraverant
630 4467 702 4523 milii
716 4467 764 4542 qui
780 4468 920 4524 tribulent

115 4571 164 4610 irae
177 4554 293 4610 inimici
306 4555 373 4610 mei.
389 4554 447 4610 lloc
460 4553 543 4612 modo
555 4554 799 4626 exprobravemnt.

153 4641 242 4712 Vana.
259 4645 303 4698 itt.
314 4665 370 4691 -u
383 4642 452 4698 Dum
463 4641 630 4700 dicuntmihi
638 4658 689 4715 per
703 4642 827 4716 singulos
840 4643 919 4702 dies:

120 4751 133 4784 a
153 4729 203 4786 ubi
217 4737 260 4787 est
272 4730 347 4787 Deus
360 4729 447 4804 tuus?
463 4751 475 4783 a

152 4847 230 4901 Dum
243 4845 345 4902 meunt
357 4845 430 4901 milii
443 4860 495 4918 per
509 4845 636 4915 eapite
651 4845 721 4902 dica.
737 4844 831 4918 ling,
851 4845 920 4902 (las-

116 4932 203 5003 siod.‚
219 4934 302 5004 Aug„
318 4931 438 5005 alchim]
453 4932 512 4989 lloc
534 4931 652 4989 maxime
674 4933 702 4988 in
727 4934 920 4990 tentationibus

116 5020 255 5078 Ecclesia
280 5020 380 5078 dicitur
400 5018 541 5092 fidelibus,
569 5018 642 5089 Quid
661 5020 779 5078 dicunt?
809 5023 856 5081 tiit
878 5027 922 5080 cat

117 5111 195 5166 Deua
210 5113 279 5166 enai
293 5113 305 5166 ι
317 5109 383 5166 llaec
396 5116 439 5165 est
453 5109 627 5182 exprobratio
641 5109 696 5178 illa,
712 5108 759 5166 ubi
781 5117 822 5167 est
846 5111 919 5168 Deus

115 5198 206 5254 tunsi
221 5197 300 5269 quasi
312 5197 357 5254 vel
373 5197 463 5254 nullus
478 5205 529 5266 est,
544 5197 589 5254 ael
602 5197 637 5254 de
651 5205 678 5254 te
696 5213 752 5254 non
772 5206 868 5268 cumt;
893 5207 921 5257 et

117 5287 245 5354 sicurat,
257 5285 355 5343 liberet
368 5294 404 5354 te,
421 5285 444 5341 si
458 5293 557 5358 potest.
574 5286 628 5358 lpsi
641 5285 688 5342 ita.
707 5287 761 5343 Sed
775 5294 866 5345 tamen

153 5375 245 5432 Vana.
265 5377 310 5430 ia.
325 5405 361 5416 -
377 5395 389 5426 ι
405 5373 495 5444 Quare
509 5373 593 5431 tristis
616 5389 647 5432 es
670 5374 763 5432 anima
784 5377 870 5433 maai
893 5384 920 5433 ει

117 5485 131 5512 ι
152 5478 240 5536 quare
254 5461 402 5520 conturbas
416 5463 513 5519 meli

154 5551 248 5620 Qum
263 5551 358 5609 trtati'a
372 5566 412 5620 aa,
428 5552 529 5610 aalma
537 5549 704 5628 ceuling]
717 5552 768 5610 Vel
781 5551 820 5610 ita
829 5553 918 5612 conti·

971 1110 1032 1178 int„
1048 1109 1133 1183 Aug]
1147 1109 1175 1164 in
1189 1109 1290 1177 futuro,
1307 1108 1352 1166 vel
1362 1125 1445 1167 nunc.
1458 1107 1551 1177 Quidi
1566 1107 1639 1180 quod
1650 1108 1709 1180 ipae
1719 1113 1770 1163 εει.

974 1198 1108 1255 Selaima
1121 1199 1217 1254 cultor
1232 1197 1290 1254 mei
1302 1201 1331 1254 et
1346 1199 1416 1254 Deua
1430 1213 1520 1254 meaa.
1540 1195 1611 1252 Dicit
1625 1194 1669 1250 hic
1683 1195 1769 1268 ipsam

972 1285 1183 1353 contessionem,
1199 1292 1227 1342 ει
1240 1285 1338 1357 repetit
1352 1285 1411 1357 spei
1425 1283 1670 1342 confirmationem.

1008 1422 1141 1464 cotiano
1155 1423 1185 1464 ΙΝ
1199 1423 1327 1466 ΡΒΛιΙῦΙ
1343 1423 1413 1464 xit:
1437 1431 1449 1457 ⁸
1471 1421 1696 1472 QUEHADHDDUU·
1720 1431 1731 1456 ιι

1007 1514 1093 1571 Veiis.
1109 1516 1179 1568 i.—
1192 1514 1429 1584 Quemadmodum
1439 1513 1580 1570 desiderat
1590 1529 1698 1578 careus,
1715 1519 1769 1570 eta.

972 1584 1047 1639 llier.
1060 1585 1149 1650 vertit,
1162 1587 1237 1640 sicut
1251 1587 1346 1642 creole
1358 1589 1522 1658 preparata
1537 1585 1573 1639 od
1587 1585 1641 1640 irri
1660 1583 1771 1639 clionee

736 1685 765 1741 id
788 1693 830 1741 εει
852 1685 923 1740 inqu,
937 1671 1123 1732 Boqucmm.
1140 1655 1238 1711 Ceteri
1250 1655 1409 1726 conspirant
1431 1656 1458 1710 ii
1480 1661 1629 1710 nostrame
1649 1653 1768 1723 itionem,

973 1751 1037 1809 licet
1051 1751 1080 1808 in
1094 1751 1185 1808 verbis
1200 1751 1280 1823 paulo
1295 1751 1466 1809 dissentiant.
1481 1751 1567 1825 Igitur
1576 1766 1639 1806 cum
1649 1734 1771 1812 higini

972 1821 1059 1894 possit
1073 1838 1175 1895 anceps
1190 1839 1251 1878 esse
1265 1823 1300 1879 ad
1316 1839 1429 1880 cervum
1443 1838 1492 1878 seu
1506 1837 1625 1889 cervam,
1642 1829 1670 1877 et
1684 1819 1773 1892 plani·

974 1893 1047 1960 hem,
1064 1893 1127 1949 licet
1141 1893 1260 1965 aliquam
1274 1902 1377 1965 ponant
1391 1891 1572 1948 differentiam
1587 1898 1771 1962 punctorum:

973 1980 1044 2035 quae,
1061 1973 1090 2020 ut
1103 1963 1132 2018 iii
1146 1963 1263 2036 prologo
1278 1972 1319 2020 est
1333 1963 1487 2036 probatum,
1498 1979 1553 2019 non
1568 1962 1634 2034 legit
1646 1962 1680 2018 D.
1694 1961 1770 2030 liler,

972 2059 1032 2131 ipse
1047 2058 1161 2114 alteram
1177 2067 1285 2116 secutus
1300 2067 1342 2115 est
1356 2057 1565 2130 significantiam
1584 2065 1619 2138 ειΙ
1632 2057 1699 2129 legit
1719 2042 1771 2140 ‘hig
1824 2129 1828 2136 Ι

973 2142 1038 2184 iiii.
1055 2129 1183 2186 Similiter
1196 2130 1242 2185 ubi
1256 2129 1373 2202 legimus
1382 2139 1468 2194 lilith
1480 2143 1601 2196 innoc,
1613 2127 1640 2182 id
1650 2137 1692 2184 εει
1701 2143 1773 2187 voci·

973 2199 1104 2255 lembitur
1116 2207 1146 2255 ut
1159 2216 1267 2268 cervus,
1285 2201 1357 2272 quod
1370 2199 1579 2270 interpretamur
1599 2198 1708 2254 anhelat
1722 2213 1772 2256 seit

972 2270 1119 2338 desiderat,
1135 2278 1165 2325 ut
1178 2271 1258 2326 etiam
1274 2279 1397 2342 ponatur,
1413 2269 1487 2325 nullo
1502 2269 1678 2338 reclamante,
1697 2268 1771 2326 lutu-

973 2357 1034 2396 rum
1048 2340 1110 2396 loco
1124 2340 1277 2411 presentis,
1289 2341 1364 2396 llier.
1374 2339 1480 2412 accepit
1489 2355 1540 2410 pro
1550 2349 1637 2403 ιιιιιιι
1646 2353 1769 2406 Aiiuciiii,

973 2419 1000 2467 et
1010 2409 1147 2492 significat
1158 2412 1265 2467 lineam
1272 2413 1500 2485 plantationum,
1512 2410 1547 2490 ad
1557 2426 1637 2491 quain
1647 2411 1682 2464 D.
1693 2409 1769 2491 llier.

972 2481 1072 2536 allusit.
1092 2481 1162 2536 Nam
1185 2481 1278 2537 areola
1300 2481 1496 2562 plantationum
1521 2488 1624 2545 sitiens,
1647 2487 1673 2535 et
1694 2480 1771 2536 arida

972 2560 1040 2632 apte¹
1056 2553 1278 2609 accommodatur
1297 2567 1396 2609 amma
1419 2552 1507 2607 Deum
1531 2565 1636 2606 sumine
1659 2549 1772 2607 deside·
1875 2586 1882 2602 .

972 2629 1052 2678 raab.

1008 2693 1094 2749 Vsus.
1110 2696 1137 2752 2.
1146 2722 1181 2732 -
1191 2693 1286 2750 Siiivit
1294 2693 1393 2748 caiam
1400 2691 1507 2749 maced
1513 2691 1603 2748 Deum
1612 2689 1772 2772 (catenavi-

972 2781 1048 2820 cum.
1065 2764 1156 2819 Potest
1169 2762 1255 2820 videri
1272 2763 1337 2820 vitio
1358 2763 1539 2832 librariorum,
1562 2769 1680 2833 positum
1702 2763 1771 2833 [oci-

974 2839 1039 2901 tcm,
1056 2849 1106 2905 pro
1120 2836 1233 2905 sortem,
1256 2841 1286 2889 ut
1310 2834 1390 2889 sentit
1413 2833 1534 2904 Lyranua
1556 2832 1591 2888 ob
1614 2830 1771 2888 affinitatem

972 2905 1130 2961 vocularum
1158 2905 1275 2961 maxime
1301 2919 1363 2961 cum
1388 2903 1430 2958 bis
1458 2901 1587 2960 continuo
1613 2903 1720 2976 legatur
1743 2902 1770 2958 in

973 3003 1055 3059 llebr.
1081 2985 1137 3060 bib
1162 2986 1279 3064 ninia&
1301 3016 1423 3057 mioniii
1446 3015 1519 3082 issi
1539 2999 1611 3072 quod
1638 2997 1773 3072 significat

973 3075 1062 3130 Deam
1070 3079 1096 3127 et
1105 3073 1221 3142 sortem,
1228 3081 1257 3128 ut
1265 3073 1345 3129 etiam
1354 3072 1434 3128 vertit
1444 3072 1477 3126 D.
1487 3073 1574 3138 Hier.;
1585 3078 1612 3126 et
1621 3070 1718 3127 Graece
1727 3072 1774 3126 ha·

972 3145 1052 3200 betur
1063 3141 1181 3225 ἰσχυρὸν,
1196 3143 1224 3199 id
1239 3151 1281 3200 est
1290 3146 1404 3216 sertem.
1416 3143 1497 3198 Certe
1506 3148 1536 3196 ut
1545 3139 1640 3198 scribit
1649 3140 1682 3197 D.
1695 3140 1770 3197 llier.

972 3220 1005 3274 ad
1021 3221 1132 3278 Sunium
1146 3231 1173 3278 et
1182 3219 1336 3285 Fretellam,
1349 3218 1372 3273 si
1382 3216 1617 3289 quidscriptorum
1627 3223 1668 3272 est
1678 3231 1772 3272 errore

971 3299 1112 3360 mutatum,
1141 3308 1196 3351 non
1223 3289 1355 3346 debemus
1379 3286 1460 3344 stulta
1481 3288 1654 3344 contentione
1677 3287 1772 3343 deien-

973 3361 1048 3418 dere.
1065 3363 1129 3419 llihi
1143 3371 1234 3418 tamen
1248 3377 1308 3416 rem
1332 3359 1413 3415 altius
1435 3357 1592 3429 pensitanti,
1617 3357 1707 3414 visum
1729 3365 1773 3414 eat

971 3447 1026 3487 non
1041 3451 1103 3491 esse
1117 3431 1301 3492 necessarium
1316 3439 1344 3486 ut
1357 3430 1482 3485 meamus
1494 3429 1601 3501 lapsum
1617 3445 1678 3484 esse
1692 3443 1771 3485 com-

972 3511 1082 3562 mutatae
1107 3503 1243 3571 dictionis,
1267 3508 1297 3559 ut
1325 3499 1355 3556 fit
1378 3516 1411 3556 ex
1433 3499 1569 3556 vicinitate
1592 3498 1770 3572 syllabarum.

972 3573 1027 3629 Sed
1042 3576 1130 3648 primo
1144 3575 1239 3632 Latina
1252 3571 1342 3639 lectio,
1366 3569 1453 3628 semel
1474 3571 1604 3627 duntaxat
1619 3571 1706 3626 Deum
1721 3571 1771 3624 ha-

971 3643 1062 3701 bebat.
1079 3647 1173 3704 sitivit
1188 3645 1287 3702 anima
1302 3659 1365 3698 meo
1380 3643 1514 3699 odDeam
1524 3644 1628 3708 vivum,
1641 3639 1772 3713 quemad·

971 3716 1082 3771 modum
1097 3717 1185 3773 adhuc
1199 3715 1295 3771 visitur
1309 3713 1338 3767 iii
1353 3711 1506 3782 psalmodia
1520 3713 1599 3768 Rom.
1620 3717 1647 3766 ει
1660 3711 1690 3765 in
1701 3725 1770 3767 con-

971 3792 1044 3842 textu
1067 3790 1139 3861 Aug.
1171 3788 1267 3842 Postea
1290 3799 1324 3839 ex
1347 3781 1482 3836 sermonis
1505 3788 1532 3838 et
1557 3780 1698 3837 sententia
1720 3795 1770 3836 co·

1026 3857 1104 3922 tate,
1134 3871 1188 3912 non
1217 3863 1259 3910 est
1286 3850 1464 3923 impmbabile
1487 3866 1504 3907 a
1527 3851 1628 3906 Latinis
1648 3849 1771 3905 additum

971 3871 1055 3983 {Eum
1070 3930 1189 3998 sontem,
1205 3923 1272 3981 nihil
1284 3922 1466 3994 cogitantibus
1481 3920 1515 3976 de
1528 3921 1600 3988 sorti,
1612 3920 1691 3993 quasi
1701 3920 1771 3976 alte·

971 4013 1033 4052 mm
1049 4013 1098 4068 pro
1108 3997 1193 4052 altero
1202 4001 1345 4067 ponerent,
1355 3992 1420 4064 quin
1428 3991 1518 4063 potius
1528 3991 1564 4048 ad
1572 3991 1671 4063 prioris
1681 3990 1770 4047 versi-

971 4067 1025 4123 culi
1039 4067 1248 4124 accomodarent
1262 4061 1473 4134 colligationem.
1497 4062 1567 4117 Nam
1587 4069 1649 4118 ante
1664 4061 1769 4117 sextin-

991 4145 1070 4193 entos
1085 4153 1181 4205 annos,
1198 4138 1302 4208 liaymo
1316 4133 1383 4206 legit
1397 4140 1424 4188 et
1433 4133 1626 4205 interpretatur
1647 4135 1768 4214 sonum.

971 4155 1066 4266 §iuvit
1080 4211 1179 4265 enimc
1191 4223 1255 4264 mea
1268 4204 1306 4262 cd
1320 4207 1410 4262 Deum
1425 4204 1592 4272 babendum,
1609 4205 1699 4261 Deam
1706 4204 1769 4260 dico

970 4282 1089 4351 sonum,
1101 4278 1165 4352 quia
1174 4279 1233 4350 ipse
1243 4284 1285 4333 est
1298 4275 1377 4348 origo
1397 4274 1479 4331 totius
1498 4275 1573 4331 boni.
1589 4274 1718 4330 Similiter
1732 4275 1767 4330 D.

969 4352 1041 4422 Aug.
1058 4350 1104 4405 lib.
1120 4365 1174 4406 uno
1189 4346 1411 4420 Soliloquiorum,
1428 4362 1476 4401 seu
1491 4346 1604 4418 quilibet
1614 4346 1694 4414 alius,
1705 4360 1766 4415 cap.

970 4423 1014 4489 ab,
1031 4429 1177 4494 postquam
1196 4418 1334 4476 recensuit
1356 4416 1530 4482 versiculum,
1562 4415 1652 4472 statim
1674 4414 1768 4472 excla-

969 4498 1043 4558 inat;
1059 4491 1180 4548 «Oions
1190 4489 1261 4561 vitia,
1272 4502 1343 4546 vena
1358 4503 1490 4568 aquarum
1504 4486 1664 4553 viventium,
1680 4500 1767 4558 quan·

969 4562 1006 4618 do
1020 4562 1128 4618 veniam
1143 4563 1177 4618 ad
1190 4576 1277 4633 aquas
1286 4558 1438 4614 dulcedinis
1447 4558 1546 4614 tiioeii
1563 4557 1688 4630 Amplius
1698 4555 1769 4628 quia·

969 4632 1031 4705 quis
1042 4633 1151 4689 tandem
1167 4631 1248 4688 luerit
1261 4629 1306 4702 qui
1321 4628 1405 4684 edidit
1424 4627 1623 4684 enarrationem
1643 4627 1672 4683 iii
1695 4627 1768 4683 hunc

968 4703 1067 4776 psalm.
1083 4712 1149 4760 tom.
1166 4719 1195 4758 iv
1210 4701 1293 4758 idest
1307 4698 1473 4771 OpemmD.
1489 4699 1576 4766 llier.;
1588 4705 1767 4772 posteaquam

970 4774 1122 4855 explanavit
1139 4783 1197 4830 tres
1216 4773 1304 4829 loutes
1321 4769 1475 4838 convenire,
1502 4770 1582 4825 Pater
1600 4777 1628 4824 et
1642 4768 1725 4824 Filius
1739 4773 1767 4823 ει

969 4843 1086 4925 Spiritus
1100 4852 1226 4912 sanctus;
1241 4857 1304 4898 moi
1318 4840 1534 4898 descendensad
1544 4839 1694 4896 secundum
1704 4853 1768 4894 ver·

969 4915 1095 4986 mutilum,
1109 4917 1303 4988 interpretatur
1316 4914 1427 4984 sontem
1441 4913 1544 4977 viuum
1554 4911 1644 4992 ipsum
1658 4908 1764 5034 baptis·

968 5001 1024 5042 ma.
1053 4988 1094 5043 lix
1122 4987 1220 5060 quibus
1246 4989 1360 5056 apparet
1384 4982 1493 5038 abunde
1520 4982 1665 5039 lectionem
1713 4993 1765 5060 auc

968 5055 1052 5113 inisse
1080 5057 1164 5130 longo
1191 5073 1243 5112 usu
1270 5060 1409 5124 receptam
1438 5070 1445 5108 :
1475 5051 1519 5108 cui
1546 5068 1594 5108 sua
1616 5055 1765 5108 auctoritas

968 5128 1114 5183 tribuenda
1128 5135 1179 5194 εει,
1195 5127 1313 5182 maxime
1327 5130 1440 5195 propter
1456 5123 1629 5195 euphoniam.
1643 5123 1715 5178 Nam
1737 5120 1768 5176 in

1007 5198 1129 5252 'busdam
1157 5198 1254 5253 similia
1280 5193 1473 5265 cognoscimus
1500 5192 1621 5250 factitata
1641 5193 1677 5249 ab
1699 5191 1767 5264 ipsis

968 5214 1070 5324 minis
1084 5269 1268 5325 consonantia
1281 5265 1379 5338 gratia,
1397 5279 1457 5388 Ἥξει
1478 5271 1568 5320 minen
1590 5280 1646 5321 nou
1666 5277 1765 5336 repro·

968 5338 1074 5394 bantur.
1096 5338 1234 5420 Siquidem
1258 5333 1342 5393 Sunia
1364 5340 1391 5389 et
1433 5334 1528 5391 retella
1547 5335 1709 5408 quesierant
1732 5347 1767 5390 aa

968 5409 1042 5464 llier.
1058 5424 1117 5474 cur,
1133 5426 1161 5464 in
1175 5409 1271 5481 psalm.
1294 5419 1397 5475 xxxii,
1418 5404 1503 5460 latini
1516 5405 1655 5476 dicerent;
1673 5407 1708 5463 itt
1723 5404 1766 5460 lc·

967 5497 1029 5552 pem
1045 5483 1126 5536 iiiam
1140 5483 1171 5538 ic
1184 5478 1276 5536 medio
1291 5475 1462 5546 cardicensi,
1478 5492 1529 5548 pro
1544 5493 1598 5550 quo
1616 5479 1645 5534 iii
1668 5477 1766 5534 areca

967 5550 1134 5623 comperisse
1154 5550 1282 5608 dicebant
1309 5547 1364 5608 itit
1374 5546 1421 5608 cdi
1433 5547 1515 5628 abaci
1528 5573 1576 5611 σου
1589 5551 1616 5610 ἐν
1635 5547 1708 5633 μέσῳ
1719 5569 1767 5622 τηε
