3906 6056
157 129 227 184 tace
495 123 804 182 conmutassent
821 123 931 182 belse
949 123 985 182 D.
1005 124 1118 182 raum.
1135 156 1170 168 —
1184 127 1221 184 IN
1239 129 1294 184 ΕΡ.
1314 121 1362 186 AD
1380 129 1466 188 lton.
1735 139 1807 194 tato

158 249 247 308 tomes
264 247 380 321 peceati,
396 247 442 322 qni
456 245 555 308 dicitur
568 248 797 321 concupiscentie,
823 247 867 305 vel
891 251 998 312 con-A
1012 248 1106 306 miseri
1116 253 1275 325 εειιιεει
1289 253 1333 310 vel
1347 270 1402 312 non
1425 257 1527 314 babent
1540 258 1615 330 qnod
1633 259 1737 329 volunt,
1761 262 1808 320 vel

159 338 364 411 cupiscibilitas‚
388 338 445 394 sive
464 337 509 394 lex
534 337 730 408 membrorum,
760 337 817 394 sive
840 337 958 412 languor
1007 337 1035 393 id
1050 339 1152 394 habent
1166 341 1239 411 quod
1254 357 1309 397 non
1329 352 1401 401 recte
1416 345 1518 402 volunt.
1542 347 1639 403 Βεειιιε
1654 349 1737 421 igitur
1751 366 1807 405 non

158 438 275 496 neturae,
292 425 392 484 etaliis
414 427 578 484 nominibus.
598 428 653 484 lsta
668 434 714 482 aut
728 427 956 499 concupiscentia,
1008 433 1060 496 est,
1076 427 1129 482 nisi
1152 428 1198 501 qui
1224 429 1307 485 habet
1328 431 1418 487 omnia
1437 450 1498 504 quae
1518 435 1585 505 vult,
1610 444 1637 492 et
1661 436 1728 492 nihil
1748 438 1806 494 vult

159 517 202 574 vel
228 515 477 588 concupiscibilitas
504 533 564 589 quse
591 516 690 572 dicitur
724 515 813 572 fomes
840 516 955 586 peccati,
1007 516 1085 572 mala.
1102 517 1210 590 thuia
1232 518 1323 586 nullus
1337 528 1378 575 εει
1402 521 1461 578 ειιιε
1474 533 1587 594 peceato
1601 525 1744 598 originali,
1760 527 1805 583 vel

156 613 220 662 ante
235 605 400 677 baptismum
414 605 493 677 culpa
507 613 549 661 est
563 613 590 661 ει
604 619 702 677 poena3
717 611 780 677 post
793 604 956 676 baptismum
1008 603 1120 672 veniali,
1136 605 1228 661 subdit
1243 623 1249 662 :
1266 609 1380 675 Beatus,
1396 608 1438 665 vir
1451 611 1526 682 (iol)
1537 612 1581 668 cui
1594 629 1650 669 nou
1663 613 1804 686 imputavit

156 703 248 752 autem
261 709 344 766 poena
354 702 396 750 eat
410 701 437 752 et
447 709 501 750 non
515 694 606 765 culpa,
622 694 695 766 quod
717 693 860 764 parvulum
874 693 956 749 babi-
1006 693 1138 749 Dominus
1144 695 1179 750 ad
1188 711 1298 766 poeuem
1302 702 1462 769 peceatum,
1475 699 1609 772 originale
1617 702 1689 774 quod
1697 703 1805 759 aliunde

155 783 210 840 lem
225 783 430 855 concupiscere,
450 783 494 839 val
504 799 559 839 non
573 782 767 854 concupiscere
794 781 867 838 lacit.
880 783 955 853 (lot)
1006 789 1057 848 est,
1075 782 1117 837 rel
1133 782 1249 839 veniale.
1266 784 1462 860 [Ambrosius]
1476 787 1525 843 Vel
1535 787 1623 860 aliter,
1639 797 1692 846 tres
1702 791 1803 862 gradus

157 871 304 929 Addultum
320 887 388 930 vero
401 871 482 928 etiarn
497 870 700 942 concupiscere,
719 871 857 943 quaelicet
871 869 899 926 in
913 887 955 927 re·
1006 867 1168 926 delictorum
1183 870 1255 927 lecit.
1271 873 1385 929 Videtur
1401 875 1474 930 enirn
1489 875 1622 947 tripertita
1637 877 1705 934 ratio
1718 879 1747 933 in
1762 879 1804 933 his

156 961 295 1035 generatis
307 961 364 1030 jam
378 975 432 1016 non
453 959 598 1030 deputetur
619 959 648 1014 ιιι
661 967 815 1031 peccatum,
831 974 955 1031 quaecun-
1005 956 1084 1013 dictis
1108 967 1220 1030 propter
1242 960 1403 1017 delictorum
1427 963 1596 1020 varietatem.
1612 965 1719 1022 Primus
1734 982 1802 1038 gra-

156 1065 210 1122 que
224 1059 315 1106 tamen
343 1048 436 1122 proles
464 1048 596 1119 nuscitur,
613 1047 733 1120 obligata
756 1047 799 1104 εει
826 1047 955 1121 originali
1005 1045 1057 1102 dus
1072 1046 1210 1120 iniquitas,
1226 1048 1270 1106 vel
1283 1049 1410 1122 impietas
1424 1060 1475 1120 est,
1493 1053 1596 1109 scilicet
1613 1070 1676 1110 cum
1690 1055 1803 1112 Creator

154 1147 277 1211 peccato.
1005 1149 1060 1190 non
1073 1135 1241 1208 agnoscitur,
1263 1137 1291 1192 ιι
1311 1146 1351 1194 εει
1371 1137 1526 1196 infidelitas.
1543 1141 1684 1198 Secundus
1699 1143 1802 1214 gradus

190 1226 338 1283 Dimittitur
362 1241 431 1298 ergo
460 1225 683 1298 concupiscentia
708 1225 806 1292 carnis,
822 1225 851 1281 in
868 1225 955 1297 bapti·
1004 1231 1046 1279 est
1059 1223 1227 1296 inoperibus
1241 1225 1364 1300 gravium
1386 1236 1572 1298 pcccatorum.
1595 1231 1701 1286 Tertius
1724 1247 1800 1298 vero,

154 1324 250 1385 smate,
267 1331 322 1371 non
336 1323 433 1371 utnon
447 1315 491 1384 sit,
508 1315 557 1370 sed
571 1321 601 1372 ut
618 1330 674 1372 non
691 1313 839 1387 imputetur
853 1329 954 1386 pecea-
1004 1311 1114 1378 levium.
1135 1313 1281 1370 Remittere
1297 1331 1361 1370 vero
1381 1323 1409 1370 ει
1423 1333 1531 1390 regere,
1549 1323 1576 1372 ει
1591 1333 1646 1374 non
1669 1318 1802 1390 imputare

154 1413 222 1471 tum,
237 1405 290 1461 hoc
308 1411 350 1460 εει
366 1403 439 1460 enim
463 1419 518 1460 non
532 1403 635 1460 babere
650 1411 801 1475 peccatum,
822 1419 877 1459 non
891 1418 953 1459 esse
1003 1399 1084 1456 unius
1107 1401 1222 1458 rationis
1245 1411 1272 1460 et
1293 1419 1391 1460 sensus
1406 1412 1468 1460 sunt
1494 1405 1587 1474 verba,
1604 1406 1667 1479 quia
1686 1415 1713 1462 ει
1739 1422 1800 1463 cum

153 1509 232 1549 reum
245 1492 359 1564 peccati.
375 1490 578 1564 [Augustinus]
589 1490 733 1559 Quomodo
744 1491 953 1563 enimaliapec·
1003 1489 1070 1561 tegit
1084 1489 1204 1558 remittit,
1221 1499 1247 1547 ει
1262 1506 1323 1548 cum
1343 1493 1455 1548 remittit
1476 1509 1531 1550 non
1545 1495 1669 1566 imputat.
1693 1495 1747 1552 Sed
1766 1494 1802 1550 ad

153 1589 215 1638 cata
229 1589 394 1652 praterennt
408 1588 470 1636 actu
485 1588 512 1636 et
525 1589 667 1636 remanent
685 1588 772 1648 reatu,
792 1587 822 1636 nt
835 1579 989 1672 bombi-B
1004 1577 1113 1634 laudem
1125 1579 1219 1652 gratiae
1233 1581 1284 1636 Dei
1293 1581 1430 1654 prolixius
1444 1581 1563 1655 loquitur
1578 1601 1586 1639 :

152 1670 197 1726 dia
208 1677 235 1725 ει
244 1669 353 1736 similia,
370 1667 408 1724 ita
424 1669 579 1726 econtrario
601 1667 661 1724 lieri
675 1675 774 1740 potest,
798 1675 826 1724 ut
846 1684 950 1726 concu·
1039 1667 1123 1723 Vnus.
1141 1671 1213 1726 9-12.
1228 1699 1264 1710 -
1284 1691 1296 1722 ι
1317 1670 1459 1727 Beatitudo
1473 1673 1532 1728 baec
1549 1671 1577 1726 iu
1595 1671 1802 1729 circumcisione

150 1758 296 1831 piscantia,
311 1757 339 1814 id
363 1765 447 1813 estut
464 1757 714 1828 concupiscibilitas
731 1765 877 1829 praetereat
891 1773 952 1813 rea·

151 1855 190 1914 tu,
206 1854 233 1902 et
246 1854 355 1902 maneat
368 1853 439 1903 actu.
452 1847 491 1903 De
505 1846 556 1903 hac
569 1845 605 1900 ita
628 1846 666 1902 ait
680 1845 847 1919 Augustinus
864 1861 871 1899 ι
892 1847 951 1900 lla-

151 1935 307 2008 netqnippe
322 1935 351 1990 in
365 1949 480 2005 corpore
498 1934 595 1990 mortis
618 1933 697 2004 bajus
716 1933 835 1990 carnalis
851 1949 952 1990 coneu-

151 2024 295 2095 pisoentia,
314 2023 391 2094 eujus
414 2022 519 2079 vitiosis
534 2019 677 2079 desideriis
698 2037 749 2078 nos
766 2038 822 2078 non
837 2022 950 2078 obedire

152 2112 337 2185 precipimur,
352 2128 413 2184 quae
427 2119 519 2167 tamen
534 2111 754 2182 concupiscentia
769 2110 890 2183 quotidie
903 2111 953 2166 mi·

152 2201 245 2256 buitur
258 2201 286 2256 in
300 2199 506 2272 proficientibus
520 2207 547 2256 et
561 2199 770 2258 continentibus.
788 2198 856 2267 Quia
878 2199 950 2254 enim

149 2289 215 2345 dum
230 2288 283 2345 sibi
299 2288 416 2346 invicem
431 2288 472 2344 vir
490 2288 643 2360 mulierque
664 2289 823 2354 miscentur,
841 2286 899 2343 sine
914 2287 951 2342 li-

149 2377 243 2433 bidine
258 2393 313 2434 non
335 2385 378 2433 est
401 2384 542 2449 parentum
561 2376 729 2442 concubitus,
754 2375 789 2433 ob
814 2377 867 2433 boc
881 2375 952 2432 lilio·

149 2483 210 2522 rum
229 2483 263 2522 ex
286 2467 382 2522 eadem
397 2481 479 2522 carne
503 2465 684 2534 nescentium,
709 2481 764 2522 non
783 2472 874 2536 potest
891 2465 950 2522 sine

150 2563 263 2628 peccato
287 2571 348 2611 εεεε
376 2563 536 2625 conceptus,
557 2554 603 2610 ubi
626 2561 768 2626 peecatum
793 2569 849 2610 non
863 2561 950 2610 trans-

150 2643 231 2700 mittit
254 2643 426 2716 propagatio,
443 2642 493 2699 sed
520 2641 621 2710 libido;
650 2658 701 2699 nec
724 2641 876 2700 fecunditas
895 2643 949 2698 bu·

153 2725 242 2788 ιιιειιεε
261 2741 362 2788 εειιιεει
375 2731 439 2788 iacit
453 2731 577 2787 bomincs
591 2746 655 2789 cum
670 2738 784 2803 peccato
797 2731 883 2797 ιιεεει,
900 2732 948 2788 εει

1006 1763 1136 1812 «tantum
1153 1765 1254 1824 manet,
1284 1774 1318 1813 an
1348 1758 1428 1814 etiam
1455 1759 1484 1814 in
1505 1761 1661 1832 praeputio?
1679 1761 1801 1818 Dicimus

1004 1843 1116 1912 ·euim,
1141 1845 1204 1917 quia
1222 1855 1343 1918 reputata
1359 1853 1401 1903 est
1428 1847 1547 1905 abraba
1567 1847 1637 1905 fides
1658 1849 1694 1905 ad
1719 1849 1800 1920 ιιιειι-

1004 1953 1016 1984 «
1033 1932 1109 1988 tiam.
1127 1932 1270 2003 Quomodo
1292 1952 1357 2010 ergo
1386 1944 1512 2008 reputata
1527 1939 1593 1993 esti
1607 1939 1636 1992 ln
1653 1938 1801 1995 circumci-

1004 2041 1015 2072 ι
1033 2021 1120 2092 sione,
1136 2039 1171 2078 an
1181 2023 1208 2078 in
1216 2025 1347 2096 praeputio
1361 2025 1375 2082 ι
1392 2026 1454 2081 Non
1478 2025 1506 2080 ιιι
1518 2025 1735 2094 circumcisione,
1751 2026 1800 2083 sed

1004 2129 1015 2160 ι
1032 2108 1059 2164 in
1073 2111 1217 2183 praeputio.
1231 2113 1265 2168 Et
1278 2112 1387 2187 siguum
1401 2114 1508 2187 accepit
1528 2115 1745 2172 circumcisionis
1763 2115 1800 2171 si-

1003 2220 1014 2244 u
1032 2199 1178 2272 gnaculum
1191 2199 1302 2271 justitie
1322 2200 1386 2257 fidei
1401 2219 1461 2274 quae
1480 2210 1523 2258 est
1549 2203 1577 2257 in
1594 2204 1750 2276 praeputio:
1771 2210 1800 2259 ut

1003 2287 1064 2341 «sit
1078 2288 1158 2345 Pater
1176 2289 1298 2345 omnium
1322 2289 1491 2346 credentium
1518 2307 1569 2363 per
1585 2291 1756 2363 praeputium,
1771 2299 1799 2348 ιιι

1003 2385 1168 2449 «reputetur
1182 2384 1208 2433 et
1223 2377 1276 2432 illis
1291 2378 1325 2434 ad
1336 2377 1470 2448 justitiam
1487 2387 1533 2436 :et
1547 2379 1580 2435 sit
1594 2388 1672 2451 pater
1682 2379 1799 2436 circum-

1002 2466 1143 2523 «cisionis
1167 2482 1222 2522 non
1250 2466 1293 2522 bis
1320 2474 1427 2522 tantum
1455 2467 1502 2540 qui
1529 2474 1592 2523 sunt
1620 2484 1654 2526 cx
1681 2469 1799 2526 circurn-

1001 2577 1014 2607 ι
1030 2555 1143 2622 cisione,
1157 2557 1206 2611 sed
1221 2563 1249 2611 ει
1262 2555 1305 2610 bis
1319 2556 1365 2628 qui
1380 2563 1518 2612 sectantur
1532 2557 1647 2629 vestigia
1662 2557 1724 2614 ιιιει
1738 2575 1799 2631 quae

1002 2666 1013 2697 ι
1031 2652 1072 2700 εει
1087 2644 1114 2698 in
1127 2644 1258 2716 praeputio
1272 2643 1360 2716 patris
1375 2645 1462 2700 nostri
1476 2645 1602 2702 Abrahoe.
1621 2665 1633 2696 ι

1036 2733 1184 2789 beatitudo
1199 2733 1268 2800 bec,
1287 2742 1339 2790 ειε.
1358 2734 1398 2789 Ex
1414 2733 1505 2789 verbis
1519 2734 1661 2806 Prophetae
1674 2733 1800 2807 probavit

144 2909 297 2980 justissima
311 2909 537 2966 condemnatione
551 2909 664 2980 peceati.
681 2909 745 2965 ldeo
755 2907 851 2966 beatus
861 2908 948 2964 David
984 2931 985 2934 ¹
1000 2908 1026 2963 in
1042 2909 1141 2981 quibus
1156 2909 1199 2976 sit,
1216 2925 1251 2964 an
1263 2909 1292 2963 in
1305 2909 1406 2965 Judaeis
1419 2916 1525 2965 tantum
1540 2927 1574 2965 an
1591 2911 1671 2966 etiam
1684 2911 1712 2966 in
1727 2927 1799 2985 gen·
1852 2947 1856 2954 ·

148 3006 262 3072 propter
275 2998 410 3070 originale
424 3005 564 3069 peccatum
583 3013 637 3069 quo
653 2996 810 3052 naturaliter
823 2996 948 3054 obstricti
966 2969 1081 3052 Gtibus.
1099 2995 1185 3066 Quasi
1199 2997 1272 3055 dicat
1287 3011 1367 3053 :cum
1386 3005 1493 3053 constet
1517 2999 1588 3070 quod
1611 2999 1749 3055 beatitudo
1764 3015 1798 3055 ειι

148 3085 198 3142 sulii
213 3095 276 3143 suut
290 3087 348 3154 irae,
359 3085 425 3143 dicit
441 3103 448 3141 ι
464 3087 496 3142 lu
507 3087 706 3159 iniquitatibus
721 3090 873 3158 conceptus
884 3100 947 3141 rum
999 3085 1088 3158 gratia
1102 3085 1136 3140 sit
1145 3101 1196 3156 per
1210 3084 1302 3154 fidem,
1317 3085 1399 3140 modo
1424 3094 1559 3157 quaeratur
1581 3085 1608 3141 in
1629 3087 1727 3159 quibus
1752 3087 1800 3142 sit.

148 3181 178 3234 ct
187 3178 350 3248 inpeccatis
358 3176 486 3249 concepit
496 3191 541 3232 mc
551 3179 643 3232 meter
656 3174 817 3248 rnen(Pacl.
827 3176 865 3246 n.)
877 3176 948 3230 Ecce
999 3174 1147 3232 Bcetitudo
1158 3189 1224 3248 ergo
1234 3173 1292 3230 lraec
1302 3177 1417 3231 tentum
1424 3174 1561 3231 menotio
1569 3176 1796 3246 circumcisione,

148 3264 319 3337 exbisliquet
333 3263 650 3336 eoncupiscentiamesse
664 3262 797 3337 originale
806 3271 948 3335 peccatum
999 3263 1050 3318 boc
1063 3261 1143 3319 estin
1156 3261 1268 3334 ludaeis,
1284 3279 1323 3318 uu
1343 3265 1432 3319 etium
1443 3264 1475 3318 in
1498 3263 1647 3336 preputio,
1666 3263 1751 3320 idest
1769 3263 1797 3320 in

149 3354 235 3426 (ιιι).
248 3353 388 3426 Originale
396 3360 488 3410 autem
498 3352 605 3420 dicitur,
615 3353 718 3426 quiaex
726 3352 822 3410 vitiosa
832 3353 948 3427 originis
998 3352 1144 3424 gentibus3
1163 3351 1250 3419 idest,
1275 3351 1398 3424 nunquid
1418 3350 1568 3408 beatitudo.
1596 3353 1714 3409 Abrabae
1734 3350 1798 3410 filiis

147 3449 251 3499 nostrae
265 3442 420 3500 conditione
434 3441 558 3498 trabitur.
575 3443 637 3497 Non
652 3441 725 3497 enim
735 3441 798 3514 qnia
812 3441 846 3498 ab
860 3442 946 3498 Adam
998 3440 1064 3497 solis
1080 3456 1211 3498 concessa
1226 3447 1276 3508 est,
1292 3456 1327 3496 an
1337 3441 1419 3497 etiarn
1429 3440 1567 3514 bisquicx
1577 3441 1703 3514 gentibus
1713 3442 1798 3498 sunt?
1897 3431 1904 3444 '

146 3530 340 3590 descendimus
360 3547 409 3602 per
440 3531 532 3588 carnis
545 3529 725 3605 propaginem
742 3530 805 3587 ideo
820 3530 948 3604 originali
998 3529 1103 3587 Deinde
1128 3529 1208 3599 hujus
1235 3529 1395 3602 quaestionis
1424 3529 1557 3586 rationem
1572 3531 1658 3602 aperit
1681 3530 1796 3599 dicens;

102 3643 105 3648 ·
145 3627 259 3692 peccato
274 3627 406 3686 tenemur,
425 3634 488 3677 cum
503 3626 530 3676 et
545 3620 667 3676 Christus
688 3619 722 3674 ab
744 3636 778 3676 eo
792 3620 947 3676 descende·
997 3619 1124 3675 Dicimus
1135 3619 1222 3686 enim,
1245 3626 1300 3674 etc.
1325 3617 1409 3687 Quasi
1424 3618 1495 3674 dicat
1511 3636 1518 3672 ε
1533 3617 1591 3674 Ηοε
1612 3619 1675 3674 ιιεο
1691 3635 1795 3690 quaero,

147 3709 183 3764 rit
198 3708 244 3781 qui
258 3707 332 3764 omni
345 3717 458 3780 peccato
478 3709 581 3776 carui13
601 3708 650 3765 sed
671 3708 737 3781 quia
763 3708 860 3765 vitiosa
884 3709 947 3782 lege
998 3708 1060 3779 quia
1075 3706 1190 3762 dicimus
1205 3722 1236 3762 ex
1257 3723 1339 3761 seusu
1364 3706 1434 3780 legis
1457 3707 1610 3778 loquentes,
1637 3707 1707 3774 Quia
1727 3708 1796 3776 fider

147 3797 330 3868 concipiendi,
357 3813 391 3853 ex
413 3805 525 3868 peccato
548 3796 629 3868 primi
653 3797 771 3854 bominis
794 3797 944 3864 accedenti,
997 3798 1132 3867 reputato
1148 3793 1318 3851 ertabrulroe
1332 3795 1525 3865 adjustitiam
1537 3809 1592 3849 non
1606 3793 1793 3864 circumcisio;

147 3886 274 3957 concepti
289 3903 391 3954 sumus,
409 3886 437 3940 ιι
461 3893 502 3942 εει
523 3885 598 3943 canis
624 3885 854 3956 concupiscentia,
884 3886 946 3942 ideo
997 3883 1023 3939 id
1039 3891 1081 3939 est
1090 3881 1168 3939 robis
1191 3882 1281 3956 legem
1296 3881 1511 3954 intelligentibus
1530 3889 1637 3939 constat
1650 3882 1685 3938 ιε
1704 3883 1796 3940 Abra-

146 3974 250 4047 peccati
265 3975 306 4030 rei
320 3991 424 4042 sumus,
441 3975 513 4046 quod
529 3974 663 4047 originale
671 3974 780 4031 dicitnr.
796 3976 868 4032 Ecce
882 3974 945 4030 bre·
996 3974 1060 4028 bam
1076 3971 1149 4044 quod
1160 3971 1250 4042 justus
1265 3971 1314 4027 sed
1327 3987 1378 4043 per
1392 3969 1485 4026 sidem.
1497 3972 1531 4026 Et
1545 3987 1605 4027 cum
1618 3971 1669 4028 hoc
1679 3979 1793 4044 constet,

146 4063 219 4119 viter
231 4063 403 4135 assignatum
417 4072 459 4120 εει
473 4063 538 4136 quid
559 4063 593 4119 sit
604 4063 738 4138 originale
753 4071 903 4136 peccatum,
920 4070 946 4120 et
997 4060 1134 4134 quomodo
1153 4075 1220 4132 ergo
1235 4066 1360 4130 reputata
1370 4067 1429 4129 est,
1445 4058 1474 4114 id
1488 4059 1567 4116 estin
1578 4076 1632 4134 quo
1642 4068 1722 4130 statu,
1734 4077 1795 4118 cum

146 4167 233 4218 quare
247 4151 351 4210 dicatur
365 4151 509 4224 originale,
525 4160 551 4208 et
562 4169 646 4224 quare
660 4153 943 4224 imputeturposteris,
996 4157 1078 4216 esset,
1095 4150 1416 4215 incircumcisionem
1445 4149 1525 4205 etiam
1546 4151 1577 4206 in
1594 4152 1746 4228 preputio,
1766 4150 1794 4206 id

144 4247 171 4295 et
187 4241 324 4313 quemme
338 4239 367 4296 in
380 4240 543 4312 baptismate
551 4240 711 4308 remittatur,
727 4248 757 4296 ut
771 4241 874 4298 scilicet
890 4257 945 4298 uon
996 4245 1036 4294 est
1046 4244 1192 4311 postquam
1207 4237 1385 4296 circumcisus
1399 4239 1494 4295 estrei
1505 4237 1796 4313 antequamessetcir·

145 4336 284 4386 remaneat
297 4335 360 4401 post
378 4329 541 4401 baptismum
556 4330 645 4401 culpa,
662 4329 710 4386 sed
721 4345 822 4402 poena:
839 4339 866 4387 et
879 4330 946 4386 illud
960 4329 986 4390 D
999 4325 1147 4383 cumcisus.
1163 4327 1208 4394 Et,
1223 4326 1292 4384 sieut
1308 4327 1335 4382 in
1351 4343 1383 4384 eo
1398 4327 1536 4384 videbitur
1549 4327 1589 4385 sic
1603 4328 1635 4386 in.
1644 4327 1705 4384 aliis
1719 4327 1796 4384 credi

145 4418 219 4490 quod
236 4425 376 4474 remaneat
400 4435 456 4474 non
480 4420 535 4489 jam
560 4418 721 4487 dominetur,
743 4419 766 4474 si
785 4427 942 4492 perseveret
999 4415 1109 4488 poterit.
1132 4415 1236 4472 Deinde
1265 4416 1345 4474 solvit
1362 4415 1468 4488 utrique
1491 4417 1572 4472 simul
1585 4415 1728 4490 quaestioni
1746 4433 1794 4473 re-

144 4506 227 4562 horno
240 4505 268 4561 in
282 4506 517 4580 gratiabaptismi.
534 4508 598 4566 ldeo
613 4517 692 4565 caute
708 4508 745 4565 ait
761 4527 768 4565 :
782 4509 864 4566 Beati
873 4525 942 4582 quo-
992 4505 1131 4576 spondens
1149 4523 1155 4562 :
1172 4505 1232 4563 Nora
1248 4505 1279 4561 iu
1295 4506 1512 4562 circumcisione
1526 4509 1651 4574 turrium,
1665 4505 1694 4561 id
1708 4513 1750 4562 εει
1765 4503 1793 4562 in

143 4596 434 4666 remremr'uoesuut,
447 4605 510 4666 ειε.,
521 4597 653 4672 mitigatae
667 4605 832 4670 etquantum
843 4597 943 4654 adcul-
991 4594 1103 4662 ludaeis,
1121 4594 1180 4650 bue
1199 4603 1240 4650 εει
1253 4593 1401 4660 beatitudo,
1425 4595 1474 4650 aed
1493 4593 1576 4650 etiam
1591 4595 1624 4651 in
1639 4596 1791 4669 preputio,

119 4699 208 4757 pam
223 4683 330 4751 deletu,
347 4684 396 4742 sed
410 4700 466 4741 non
480 4695 612 4758 quantum
629 4687 665 4742 ad
679 4703 797 4759 poenam,
819 4696 846 4743 et
872 4702 941 4762 quo·
992 4681 1076 4738 idest
1096 4682 1123 4738 in
1148 4683 1276 4758 gentibus
1291 4682 1417 4738 similiter
1437 4699 1522 4738 :non
1533 4681 1561 4738 iu
1585 4682 1794 4741 circumcisione

142 4789 209 4829 rum
221 4778 350 4845 peccatu,
361 4773 489 4845 actualia,
508 4779 581 4833 tecto
591 4780 659 4833 sunt
670 4776 697 4831 in
713 4776 859 4848 baptismo.
876 4777 942 4834 Pec-

143 4868 205 4918 cata
220 4861 285 4918 dieit
295 4877 356 4933 qnae
371 4869 434 4918 sunt
447 4863 475 4918 in
494 4871 565 4932 actu,
581 4863 689 4936 quseita
707 4865 736 4922 ιιι
749 4865 883 4938 baptismo
900 4874 942 4924 ιε-

142 4958 187 5007 ειε
201 4956 263 5004 sunt
283 4957 313 5006 ut
327 4950 395 5005 ultra
414 4967 469 5008 non
493 4953 634 5009 videantur
648 4970 665 5011 a
680 4955 737 5011 Deo
765 4954 799 5010 ad
820 4971 941 5027 poenam,

144 5037 274 5112 quiahoc
290 5047 331 5096 est
345 5041 432 5096 Deum
447 5041 540 5098 videre
555 5051 676 5113 peecata.
689 5043 792 5100 Omnes
806 5045 879 5100 beati
894 5045 942 5100 ba-

143 5127 209 5183 bent
222 5127 294 5200 quod
325 5127 428 5196 volunt,
456 5145 512 5186 nou
541 5137 631 5188 tamen
654 5149 750 5190 omues
773 5133 821 5207 qui
842 5134 943 5192 habent

143 5216 216 5289 qnod
231 5216 336 5284 volunt,
354 5216 483 5276 continuo
506 5227 568 5275 sunt
583 5220 681 5278 beati:
701 5220 830 5280 continuo
851 5230 942 5280 autem

191 5393 248 5460 roa)
267 5395 425 5462 Augustinus,
439 5398 472 5450 Da
484 5400 551 5464 nupt.
567 5401 592 5452 et
605 5401 746 5468 concupisc.

189 5461 248 5528 ιιι)
267 5460 315 5528 ld.,
329 5462 389 5516 lbld.

992 4778 1105 4837 tantum,
1124 4771 1151 4826 id
1176 4779 1218 4827 est
1232 4779 1356 4843 tempore
1378 4771 1592 4828 circumcisionis
1608 4779 1732 4844 reputata
1752 4780 1793 4829 εει

992 4857 1061 4915 fides
1076 4859 1195 4916 Abrahae
1209 4859 1399 4931 adjustitiam,
1425 4861 1475 4916 sed
1495 4861 1522 4916 in
1544 4861 1688 4933 praeputio,
1709 4862 1793 4919 idest

992 4954 1116 5020 tempore
1126 4948 1262 5021 praeputii.
1276 4951 1309 5005 Et
1323 4949 1438 5021 rignum
1460 4951 1580 5022 accepit,
1597 4956 1648 5006 ειε.
1664 4949 1790 5022 Respon-

991 5037 1037 5092 det
1052 5036 1198 5108 Apostolus
1218 5037 1260 5092 bis
1275 5054 1336 5111 quae
1350 5037 1433 5109 objici
1446 5047 1518 5094 reete
1533 5045 1670 5109 poterant,
1687 5039 1792 5097 scilicet

992 5141 1053 5182 cnm
1073 5133 1134 5181 ante
1155 5125 1392 5183 circumcisionem
1414 5143 1466 5200 per
1488 5127 1574 5183 ιιιειιι
1593 5127 1683 5197 justus
1706 5137 1788 5198 essct,

992 5231 1076 5288 quare
1104 5213 1186 5270 fuerit
1203 5215 1394 5272 circumcisus.
1426 5216 1461 5272 Et
1488 5215 1565 5289 quasi
1591 5217 1651 5294 quis
1667 5217 1787 5279 diceret:

1026 5389 1094 5458 (ιιι)
1113 5393 1271 5460 augustinus,
1285 5395 1318 5447 De
1331 5393 1447 5450 Τιιιιιει.
