3938 6068
191 213 245 268 bib
619 210 902 270 commutatust
924 211 961 268 nt
985 207 1152 270 Psttuos.
1170 241 1204 252 —
1218 212 1314 270 esst.
1330 213 1388 269 XC.
1792 214 1844 272 ebt

194 333 304 391 timebis
318 333 430 408 laqueos
439 335 607 394 venantium.
629 337 665 393 lit
687 344 751 394 nota
773 336 838 409 quia
850 336 1031 398 renatorcsA
1044 349 1132 407 agnus
1147 333 1253 406 dicitnr,
1265 343 1291 392 et
1304 337 1469 406 hujusmodi,
1485 337 1552 410 quia
1564 351 1616 395 nec
1625 335 1669 394 leo
1678 351 1731 395 nec
1740 351 1839 412 agnus,

194 421 222 478 in
239 437 320 480 sacra
333 421 471 494 Scriptura
484 423 530 480 rix
543 424 571 480 in
594 425 666 482 hono
689 423 852 482 invenimus.
877 425 995 480 licentra
1044 438 1096 479 nec
1119 423 1283 493 hujusmodi.
1309 425 1371 480 lstae
1394 425 1466 482 enim
1490 424 1679 482 similitudines
1703 432 1765 482 sunt
1788 441 1843 484 non

195 510 355 584 piscatores,
375 527 439 568 raro
453 511 480 568 in
497 513 578 570 malo.
595 517 629 570 ht
643 531 662 570 o
677 515 755 572 uerbo
776 527 873 586 aspero
894 513 995 568 multos
1043 511 1234 584 proprietates.
1256 513 1291 568 tu
1314 521 1355 569 est
1379 521 1509 585 tanquam
1533 518 1612 571 scuto
1635 513 1841 583 misericordie,

195 601 374 672 perverbum
389 615 516 672 asperum
532 601 604 656 misit
620 601 745 658 diabolus
769 601 797 658 ln
817 602 940 674 laqueos,
966 600 997 656 in
1047 599 1232 656 :ircummbtt
1248 605 1284 666 ta,
1302 599 1329 655 id
1344 607 1386 656 est
1399 607 1523 674 proteget
1537 609 1572 668 te,
1588 603 1694 658 ueritum
1709 605 1779 675 ejus.
1792 603 1843 658 lle·

196 703 267 761 quos
281 703 330 760 per
344 689 457 746 verbum
471 705 596 761 asperum
612 689 713 748 cadunt
726 691 819 763 aliqui,
837 690 913 746 verbi
928 703 995 764 gra-
1044 686 1112 743 ritas
1126 687 1177 743 Dei
1191 695 1241 756 est,
1258 704 1320 760 quse
1333 704 1388 744 non
1401 687 1513 760 respicit
1526 703 1669 760 personae,
1685 703 1736 746 nec
1745 691 1842 748 miscet

194 777 242 844 tia,
258 783 285 832 ut
300 776 345 848 qui
367 776 461 834 nolunt
485 793 547 834 csse
570 777 680 848 Christi,
704 787 816 851 propter
836 778 995 835 insultantes
1044 783 1186 847 sperantes
1199 775 1234 833 de
1250 776 1358 848 seipsis,
1373 793 1435 832 cum
1450 776 1492 832 his
1512 775 1559 849 gari
1580 784 1692 848 sperant
1715 777 1742 833 in
1764 779 1842 844 Deo:

196 863 350 921 Christiano
363 865 476 934 nomini,
490 874 517 922 et
531 867 577 939 qui
591 867 686 923 timent
699 867 883 924 detractiones
904 867 996 923 homi·
1044 863 1094 919 sed
1108 863 1239 920 discernit
1258 865 1375 921 humiles
1398 873 1424 920 et
1447 863 1591 936 superbos,
1616 865 1792 935 paenitentem
1811 881 1843 922 ac

196 969 261 1008 num
277 954 347 1010 adeo
361 962 392 1010 ut
405 961 542 1011 cessenta
563 955 608 1013 via
630 955 691 1012 Dei.
715 955 856 1012 insultatio
879 971 945 1026 ergo
968 962 996 1012 et
1045 950 1246 1008 defendentem.
1262 952 1408 1026 [Cassiod]
1423 953 1471 1008 Vel
1486 953 1522 1009 ita
1538 971 1545 1008 ε
1561 952 1697 1024 Scapulis,
1721 953 1844 1024 speranti

197 1041 331 1099 detractio
354 1041 502 1099 infidelium
524 1043 639 1099 verbum
660 1059 787 1116 asperum
811 1053 862 1100 εει.
887 1044 936 1100 Vel
958 1044 996 1100 ita
1045 1037 1119 1096 fideli
1133 1037 1329 1096 benefaciebat
1344 1040 1541 1112 promittithic.
1556 1041 1681 1112 Scapulae
1695 1041 1767 1097 enirn
1782 1048 1846 1097 eunt

196 1145 248 1202 per
262 1129 388 1202 laqueum
403 1140 430 1187 ει
444 1131 557 1188 verbum
572 1147 697 1202 asperum
715 1133 832 1204 geminae
841 1131 996 1188 tentationis
1045 1127 1218 1199 operationes
1241 1128 1415 1195 mirabilium,
1443 1128 1541 1200 quihus
1564 1137 1590 1183 ει
1614 1129 1736 1185 humeris
1760 1129 1844 1186 virtus

197 1218 296 1274 modos
315 1217 459 1292 signifieat.
482 1219 610 1292 'l'entatio¹
628 1219 701 1276 enim
724 1221 767 1276 vel
789 1220 818 1275 fit
842 1235 892 1291 per
915 1218 994 1286 facta,
1045 1214 1095 1270 Dei
1119 1215 1278 1272 ostenditur.
1306 1217 1405 1272 Pennae
1426 1223 1488 1272 sunt
1511 1217 1614 1272 monita
1638 1218 1843 1289 prophetarum,

196 1323 259 1378 qnae
274 1306 318 1362 hic
333 1306 432 1364 dicitur
447 1305 579 1380 laqueus3
601 1307 644 1364 vel
658 1306 688 1363 stt
703 1324 752 1379 per
766 1308 859 1376 rerba,
876 1323 937 1380 quae
952 1307 997 1364 hic
1046 1319 1106 1374 quae
1121 1303 1157 1358 ad
1169 1303 1256 1360 coelos
1271 1304 1381 1360 uehunt.
1398 1305 1433 1360 Et
1447 1313 1497 1370 εει,
1513 1305 1688 1362 obumbrabit
1702 1306 1762 1373 ttbt,
1783 1305 1843 1378 [hl-

197 1394 297 1452 dicitur
310 1411 326 1450 a
339 1394 424 1452 verbo
438 1408 547 1468 εερειε,
562 1394 614 1451 etsi
627 1395 688 1452 lete
702 1395 836 1463 videatur,
857 1409 942 1469 grave
955 1402 997 1452 εει
1046 1390 1130 1458 εειε.,
1145 1391 1280 1465 Cassiod]
1295 1399 1324 1447 ει
1339 1407 1426 1465 neque
1441 1392 1482 1448 sol
1500 1391 1655 1459 divinitatis,
1675 1408 1766 1466 neque
1777 1393 1842 1448 lunt

196 1491 289 1540 umen
316 1482 399 1540 verbo
426 1483 533 1539 tenuri.
560 1483 707 1556 [Cassiod.
731 1483 852 1556 alcuin]
873 1484 997 1557 ιεεεεεε
1045 1477 1218 1536 humanitatis
1243 1479 1353 1548 Christi,
1379 1488 1405 1536 ιε
1425 1487 1495 1546 urat,
1518 1480 1636 1550 scapulis
1659 1480 1724 1551 suis,
1750 1479 1778 1535 id
1803 1488 1845 1536 est

195 1587 264 1644 ergo
280 1577 343 1628 sunt
356 1570 483 1627 versutie
497 1571 676 1644 spiritualium
703 1572 747 1630 vel
769 1572 919 1630 carnalium
942 1571 996 1628 ini-
1045 1566 1249 1637 operationibus
1263 1567 1440 1623 mirabilium.
1452 1569 1486 1624 lit
1501 1568 1550 1624 sub
1564 1567 1662 1640 pennis
1675 1569 1742 1637 eJus‚
1759 1567 1845 1624 idest

197 1659 331 1717 ιειεοιεει
346 1659 373 1714 in
387 1658 475 1716 lactis.
492 1659 614 1716 Verbum
634 1675 762 1734 asperum
782 1667 825 1718 est
846 1675 927 1716 omne
949 1661 994 1716 di.
1008 1653 1074 1748 Bin
1088 1653 1198 1710 monitis
1211 1657 1405 1726 prophetarum
1420 1656 1447 1710 in
1461 1655 1558 1728 quibus
1572 1663 1614 1712 εει
1627 1655 1769 1728 protectio,
1782 1672 1845 1727 spo·

196 1757 271 1806 aum
286 1747 358 1820 quod
372 1755 463 1804 movet
477 1747 614 1804 hominem
629 1747 761 1820 „eguus
784 1747 893 1817 divinis,
918 1748 994 1804 scili.
1046 1741 1132 1810 rabis,
1150 1751 1176 1798 et
1189 1742 1292 1799 veritas
1304 1744 1363 1812 ejus
1377 1742 1494 1815 implens
1512 1745 1658 1814 promissa,
1684 1743 1711 1799 id
1735 1751 1776 1800 est
1800 1743 1844 1800 in·

196 1845 241 1896 cet
255 1835 378 1894 εοεειειε
391 1835 435 1893 vel
448 1835 555 1892 blanda.
571 1837 604 1892 Ει
618 1845 669 1905 εει,
690 1837 813 1894 liberavit
835 1853 880 1893 nra
901 1837 937 1893 de
958 1837 997 1892 la·
1046 1830 1169 1887 carnatio
1184 1829 1292 1886 Christi.
1314 1831 1415 1888 Unde:
1437 1833 1543 1888 Veritus
1560 1830 1593 1888 dc
1616 1836 1694 1888 terro
1715 1835 1779 1888 ortu
1803 1837 1846 1889 cst

197 1939 270 1999 qnec
282 1925 447 1992 venantium,
462 1923 491 1980 id
509 1933 551 1981 est
571 1926 606 1981 da
630 1925 786 1991 tentatione,
811 1939 873 1996 quae
896 1923 926 1980 iit
949 1941 998 1996 per
1045 1919 1135 1988 (Prot.
1161 1921 1291 1991 nxxxrr).
1322 1919 1505 1976 Circumdabit
1536 1927 1571 1986 te,
1598 1928 1725 1992 tanquam
1756 1927 1843 1977 scuto.

195 2013 288 2082 iactam
304 2021 331 2070 et
345 2029 362 2070 a
375 2012 460 2070 serbo
472 2028 582 2086 sepem,
598 2013 626 2068 id
650 2021 699 2079 est,
726 2029 743 2069 a
766 2013 912 2070 tentatione
935 2029 997 2086 qum
1046 2005 1121 2062 ldem
1136 2005 1201 2061 dixit
1217 2015 1324 2064 scutum
1339 2007 1412 2080 quod
1428 2016 1455 2063 ει
1467 2023 1572 2080 pennas
1586 2007 1701 2064 dixerat.
1719 2007 1872 2065 incarne.

196 2103 227 2159 lit
241 2119 292 2177 per
307 2102 402 2160 verba.
1046 2093 1082 2150 tio
1096 2109 1214 2166 namque
1229 2095 1337 2162 Christi,
1357 2103 1385 2151 et
1406 2096 1524 2167 scapulis
1548 2095 1703 2164 obumbrat,
1721 2103 1749 2152 et
1767 2103 1845 2153 scuto

564 2242 569 2255 ,
643 2243 648 2255 ,
838 2243 844 2254 ‚
893 2243 928 2256 ..
1045 2180 1175 2238 defendit.
1192 2181 1253 2240 Nou
1271 2183 1683 2241 timebisctimoreuocturuo.
1696 2181 1845 2258 [legibi-

235 2246 320 2303 Μ·
335 2248 361 2302 ⁸·
376 2274 410 2284 “
431 2265 443 2296 ¹
461 2243 585 2315 3⁰⁸P¹¹¹¹⁸
609 2259 666 2300 ⁵⁰¹⁵
686 2243 858 2300 ⁰b¹¹mbmb¹²
881 2243 930 2300 ”¹³¹
946 2260 953 2300 ²
970 2251 997 2300 θ(
1045 2277 1090 2325 εει
1105 2269 1206 2326 notavit
1219 2285 1322 2342 genera
1336 2269 1534 2338 defensionum,
1550 2271 1586 2326 ita
1600 2279 1674 2328 notat
1697 2279 1723 2327 et
1743 2285 1846 2344 genera

198 2359 210 2386 ·
232 2333 396 2406 sutrensis
411 2333 469 2404 eius
484 2331 619 2406 sperante.
639 2356 650 2382 ι
1045 2356 1229 2428 peccorum
1252 2366 1281 2413 ut
1302 2358 1409 2432 pastor
1434 2358 1470 2414 su
1491 2357 1626 2427 timaus,
1652 2367 1679 2414 u
1702 2357 1846 2432 distinguit

232 2475 362 2550 3⁶anss
376 2476 446 2531 ,mg
462 2471 609 2547 [Cassiod.,
626 2472 670 2529 (ῃ,
688 2473 748 2542 ing,
764 2471 847 2546 Aug]
862 2473 913 2531 Hic
926 2489 996 2546 pm,
1045 2452 1159 2517 quatuor
1171 2461 1273 2546 genera
1287 2446 1474 2546 tentationum,
1487 2461 1548 2520 quae
1558 2453 1628 2513 sunt,
1639 2445 1708 2502 levis
1721 2452 1748 2502 ει
1757 2445 1847 2546 occul·

196 2563 279 2622 ming
299 2562 417 2636 speranti
440 2562 513 2636 quod
540 2559 762 2619 mmmmm·
793 2561 877 2630 Quasi
901 2561 994 2619 diem:
1046 2539 1082 2602 ta,
1099 2549 1160 2605 quar
1175 2532 1343 2607 srgnriicatur
1357 2551 1407 2606 per
1420 2542 1546 2590 umorem
1557 2541 1729 2603 nocturnum,
1741 2533 1847 2590 levrset

198 2654 267 2711 ntea
283 2670 291 2708 t
307 2651 441 2718 liberavit,
458 2657 484 2707 u
498 2649 646 2718 attinere,
663 2651 836 2707 emmeram
852 2650 915 2706 rue.
943 2649 996 2720 om
1044 2619 1191 2722 merresa
1214 2637 1274 2720 ειε
1297 2620 1466 2696 signaretur
1488 2637 1538 2721 ref
1560 2621 1687 2722 assitam
1708 2621 1846 2678 volantem

1044 2725 1072 2764 tn
1088 2709 1152 2778 dre;
1168 2724 1262 2781 granta
1276 2719 1303 2765 et
1317 2710 1423 2766 occulta
1437 2726 1499 2783 quae
1513 2710 1683 2782 argmiicatur
1696 2725 1748 2782 per
1760 2725 1848 2784 nego-

1045 2797 1111 2854 tium
1126 2797 1267 2854 amhulens
1282 2797 1309 2853 in
1326 2798 1468 2866 tenebris;
1493 2799 1586 2873 gratis
1609 2806 1636 2854 et
1655 2805 1760 2870 aperta,
1783 2812 1844 2872 quta

1045 2885 1176 2958 accipitur
1189 2902 1239 2956 par
1252 2886 1415 2943 demonium
1429 2886 1621 2944 meridianum.
1636 2887 1671 2942 Et
1685 2895 1738 2954 est,
1753 2887 1846 2944 εεειε·

1044 2973 1137 3030 brabit
1151 2975 1212 3041 tibi,
1229 2981 1255 3030 et
1269 2973 1468 3032 circumdabit.
1485 2973 1615 3048 [alcuin]
1631 2975 1665 3030 lit
1679 2975 1727 3040 ita,
1742 2989 1799 3031 non
1813 2973 1847 3030 ti·

1045 3061 1133 3117 mobis
1146 3076 1163 3116 e
1177 3061 1275 3117 tinrore
1290 3070 1433 3133 nocturno,
1455 3063 1484 3118 id
1505 3072 1547 3119 εει
1569 3078 1584 3117 a
1607 3061 1661 3118 levi
1683 3061 1842 3130 tentatione,

1393 3148 1461 3220 Quae
1476 3149 1573 3206 dicitur
1586 3149 1666 3205 timor
1682 3156 1840 3216 nocturnus,

1045 3237 1251 3294 ashnihtudine
1262 3237 1385 3310 periculi.
1401 3237 1479 3295 Unde
1495 3237 1574 3294 timor
1593 3245 1698 3293 tantum
1716 3236 1841 3293 habetur.

1044 3325 1080 3381 Et

198 2741 306 2799 habitas
321 2739 348 2796 in
361 2739 494 2810 adjutorio
510 2737 640 2796 altissimi
654 2739 779 2812 scapulis
794 2740 863 2806 suis,
881 2738 934 2806 vel,
951 2740 997 2795 tu-

199 2838 243 2890 tcr
257 2831 388 2904 scopulos
402 2845 478 2886 suut.
494 2827 552 2900 lico
566 2827 629 2883 ideo
643 2827 717 2894 dicit,
737 2841 773 2883 ne
787 2835 865 2898 putes
880 2827 953 2900 quod
967 2835 996 2883 ιε

195 2929 223 2978 ιε
245 2917 336 2993 possis
350 2924 506 2991 protegere,
531 2916 566 2972 ad
589 2915 716 2981 litteram,
740 2930 801 2972 cum
825 2915 899 2983 dicit,
925 2913 996 2973 inter

197 3008 322 3081 scapulas
337 3021 402 3063 suas
416 3002 588 3062 obumbrabit
602 3003 657 3074 tibi,
674 3009 730 3059 eta
750 3011 828 3078 tergo
848 3011 927 3074 potes
951 3003 1031 3100 imo

197 3098 333 3170 telligcre,
358 3102 386 3151 et
399 3110 417 3151 a
430 3101 551 3166 pectore.
577 3092 701 3163 Scapula
721 3093 793 3147 enim
815 3092 890 3149 circa
913 3101 995 3163 caput
1166 3149 1171 3160 ,
1294 3148 1300 3160 .

198 3195 271 3255 snnt,
287 3185 337 3241 sed
349 3183 413 3256 qnia
428 3181 503 3239 addit
517 3181 567 3238 sub
581 3181 642 3248 alie,
651 3179 695 3237 vel
709 3181 813 3253 peruia
827 3181 888 3253 ejus
902 3196 996 3254 aperu-
1045 3165 1107 3222 (ΨΒ
1121 3147 1150 3204 fl‘
1164 3150 1354 3221 ¹3⁰⁰¹¹⁸¹¹²¹b¹²⁸
1370 3168 1377 3205 ²

198 3277 251 3342 bia,
266 3271 440 3329 manifestum
461 3277 505 3326 est
528 3270 591 3342 quia
612 3269 747 3341 protectio
770 3276 812 3324 εει
834 3283 849 3324 ε
872 3275 994 3340 pectore,

197 3361 275 3438 qnasi
289 3370 316 3418 te
328 3359 418 3432 posito
430 3357 460 3414 in
472 3357 563 3414 medio
578 3357 680 3413 alarum
696 3356 759 3414 hinc
781 3356 844 3413 inde
864 3371 996 3428 expanat-

196 3467 277 3519 rum;
294 3457 320 3507 ει
334 3447 433 3506 dicitur
447 3445 491 3503 hic
504 3461 521 3502 a
535 3445 616 3501 simili
630 3444 739 3518 gallina
754 3461 816 3518 qnae
835 3444 924 3516 pullos
946 3445 996 3501 sub
1081 3466 1168 3522 vm,
1185 3469 1210 3522 g·
1235 3489 1246 3513 „
1264 3468 1288 3522 Α
1312 3466 1413 3542 ,ΨΜ
1436 3465 1544 3524 volume
1567 3467 1595 3524 in
1619 3467 1674 3537 die,
1695 3483 1711 3522 g
1734 3466 1844 3540 „egogo

197 3540 249 3597 ⁸¹5⁵
261 3537 380 3611 Ρῖθῑθεῑῑ
394 3543 488 3592 ⁰⁰¹¹⁸ffl
501 3533 673 3591 milium-1³²
691 3541 733 3590 0⁸3
756 3549 873 3590 ⁸0¹¹⁸¹¹³³
889 3533 996 3591 ΟΜ·
1049 3575 1060 3605 ι
1082 3554 1288 3626 perambulante
1300 3554 1327 3610 in
1342 3555 1482 3625 tenebris;
1502 3557 1537 3612 ab
1559 3555 1670 3612 incursu
1690 3562 1717 3612 et
1737 3555 1843 3613 daemo-

196 3625 285 3684 brabit
299 3625 358 3693 tibi,
374 3625 402 3680 id
416 3631 459 3680 est
476 3622 701 3679 obumbraculum
722 3621 899 3693 protectionis
923 3637 996 3693 pree·
1049 3669 1059 3689 ,
1082 3642 1128 3698 „10
1142 3643 1302 3700 maiduno,
1325 3664 1336 3694 ,

198 3715 291 3782 stabit,
305 3713 379 3770 inter
391 3711 516 3784 scapulas
540 3726 615 3778 suas,
631 3725 648 3767 a
662 3710 744 3766 simili
765 3709 882 3784 gallinae,
905 3708 933 3765 id
956 3716 997 3765 ost

198 3811 264 3861 ante
278 3809 374 3874 pectus
388 3816 467 3857 sunm
482 3806 509 3856 te
522 3807 615 3872 ponet,
631 3806 661 3854 ut
684 3798 735 3854 alis
757 3805 892 3869 protegat,
917 3805 947 3854 ut
969 3805 997 3852 tu
1082 3802 1221 3874 Αεεειιιε
1234 3803 1347 3858 uobrutc
1361 3803 1393 3858 ιε
1404 3801 1463 3868 die,
1480 3801 1574 3876 [lug]
1591 3803 1618 3858 id
1634 3809 1674 3858 est
1688 3815 1705 3859 a
1718 3801 1773 3859 levi
1789 3809 1849 3859 ten-

199 3891 277 3966 qnasi
292 3891 321 3946 in
335 3889 426 3946 medio
440 3888 555 3960 positus,
573 3887 640 3944 hinc
663 3885 726 3943 inde
747 3885 798 3942 alis
820 3886 878 3942 sire
901 3885 998 3957 pennis
1048 3888 1159 3954 tatione,
1176 3903 1237 3960 qum
1246 3887 1276 3942 ht
1285 3888 1443 3944 scientibus.
1455 3887 1507 3958 Qui
1518 3891 1589 3946 enim
1599 3891 1845 3962 peccatignorans,

199 3978 328 4052 expansis
340 3977 383 4036 vel
398 3977 528 4042 extensis,
545 3991 599 4049 quo
617 3975 743 4031 inimicus
756 3989 811 4030 non
830 3975 930 4030 audeat
953 3989 997 4030 ac·
1049 3975 1126 4047 quasi
1140 3977 1168 4030 in
1182 3985 1262 4032 nocte
1275 3984 1371 4047 peccat
1388 3993 1394 4032 :
1411 3985 1438 4032 et
1452 3977 1498 4033 ille
1512 3985 1660 4034 tentatura
1675 3977 1770 4035 timore
1794 3993 1847 4035 nc-

198 4069 309 4135 cedere,
325 4065 392 4122 nihil
405 4065 510 4132 timeas,
527 4064 580 4120 nisi
594 4063 658 4120 inde
671 4063 780 4120 exieris.
802 4063 837 4118 lit
850 4061 998 4118 notandum
1048 4071 1154 4120 cturno.
1171 4063 1223 4132 Qut
1238 4071 1328 4120 arrtem
1343 4065 1433 4121 sciens
1447 4073 1550 4137 peccat,
1566 4067 1593 4122 in
1620 4067 1664 4123 die
1687 4074 1782 4138 peccat
1797 4085 1804 4121 :
1821 4073 1848 4123 et

198 4157 270 4230 quod
287 4155 360 4211 nulla
374 4154 433 4211 aris
448 4153 488 4210 sic
501 4151 653 4208 inlinuntur
666 4167 729 4208 cum
746 4151 828 4222 pullis
848 4156 875 4205 ut
899 4149 999 4220 gallina
1048 4151 1093 4207 ille
1115 4159 1232 4208 tentatur
1254 4166 1271 4207 a
1294 4153 1393 4226 sagitta
1415 4153 1443 4208 in
1468 4154 1522 4210 die.
1547 4155 1616 4210 Nam
1639 4171 1688 4228 per
1711 4155 1759 4211 illa
1780 4155 1843 4224 duo,

199 4261 261 4318 quae
283 4251 340 4301 tota
361 4249 479 4299 mutatur
502 4240 601 4298 affectu
625 4255 730 4309 eorum,
753 4239 826 4312 quod
851 4238 999 4311 cognosci·
1049 4239 1181 4296 sciliceta
1200 4240 1297 4296 timore
1319 4249 1346 4296 et
1370 4257 1385 4296 a
1407 4242 1516 4316 sagitta,
1542 4244 1597 4301 duo
1618 4243 1720 4301 leviora
1743 4259 1845 4316 genera

198 4350 260 4390 mus
274 4333 301 4388 in
316 4331 484 4388 relaxatione
498 4331 662 4402 plumarum,
679 4338 706 4385 et
719 4327 874 4384 infirmitate
897 4326 973 4384 vocis
989 4345 996 4382 :
1049 4327 1235 4394 tentationum,
1252 4327 1404 4386 maniiestae
1418 4330 1521 4387 scilicet
1542 4339 1567 4387 et
1590 4331 1712 4400 occulta,
1735 4332 1846 4389 notavit.

199 4423 240 4480 sic
260 4419 391 4493 sapientia
414 4419 465 4476 liei
487 4425 599 4491 propter
621 4433 672 4474 nos
694 4418 741 4489 qui
762 4416 863 4473 inlirmi
887 4431 997 4473 eramus
1012 4386 1097 4472 Dllis
1111 4417 1218 4474 duobus
1232 4417 1338 4474 levibus
1354 4420 1408 4476 duc
1425 4415 1515 4476 r'eddit
1537 4420 1674 4494 graviora,
1700 4420 1805 4486 dicens,
1829 4438 1848 4477 c

199 4509 270 4568 iacta
285 4517 327 4566 est
341 4507 449 4564 infirma
463 4507 575 4579 (ldottb.
590 4507 669 4578 xxv),
687 4505 751 4579 quia
764 4505 837 4562 lacta
857 4513 899 4562 est
920 4519 996 4575 caro,
1048 4506 1160 4576 negotio
1174 4507 1390 4578 perambulante
1407 4510 1438 4564 iu
1455 4509 1587 4574 tenebris,
1605 4507 1631 4562 id
1647 4515 1688 4562 est
1699 4521 1716 4562 a
1726 4508 1848 4580 graviori
1934 4507 1936 4512 '

199 4606 227 4656 ει
242 4597 373 4655 habitavit
387 4597 415 4651 in
429 4595 507 4652 nobis
522 4595 614 4665 (icum.
631 4595 661 4664 r),
678 4602 706 4648 ut
721 4593 773 4649 sub
786 4593 837 4649 alis
852 4593 909 4662 ejus
932 4607 998 4664 spe·
1049 4601 1075 4649 et
1090 4594 1196 4651 occulta
1212 4595 1360 4650 tentatione
1373 4615 1380 4662 3
1392 4601 1420 4652 ct
1434 4597 1467 4652 ub
1480 4597 1600 4652 incursu
1610 4600 1639 4652 ct
1653 4596 1800 4664 doerucuio,
1821 4596 1849 4652 id

199 4701 300 4752 remus,
320 4694 346 4742 et
368 4685 418 4741 snb
442 4683 540 4756 pennis
561 4684 629 4754 ejus,
655 4681 781 4748 velulis,
805 4680 999 4738 misericordia
1048 4690 1090 4738 est
1099 4683 1134 4738 ab
1142 4683 1297 4740 incurrente
1307 4683 1442 4740 daemonio
1455 4685 1613 4741 meridiano
1621 4701 1679 4742 uou
1688 4685 1808 4752 timebit,
1821 4684 1849 4740 id

200 4775 258 4846 ejus
272 4773 408 4846 sperabis.
1049 4778 1091 4826 εει
1109 4787 1124 4825 a
1139 4771 1217 4844 gravi
1231 4780 1258 4827 et
1273 4780 1368 4843 aperta
1377 4771 1534 4840 tentatione,
1551 4772 1620 4830 sicut
1635 4781 1685 4842 est,
1703 4787 1762 4829 cum
1779 4773 1849 4828 adeo

1050 4859 1135 4914 lervel
1162 4867 1245 4915 :estus
1274 4860 1492 4931 persecutionis,
1527 4861 1598 4916 unde
1631 4861 1708 4916 multi
1737 4861 1846 4917 cedunt.

1050 4947 1132 5005 Leria
1147 4961 1201 5003 ncn
1216 4947 1255 5004 sic
1271 4957 1379 5020 urgent,
1397 4957 1425 5004 ut
1445 4957 1563 5021 cogant3
1589 4949 1636 5006 sed
1660 4957 1773 5020 possunt
1797 4949 1851 5006 cito

1050 5035 1186 5092 declinata
1201 5035 1327 5093 transire.
1344 5037 1446 5093 Gravia
1461 5053 1528 5095 vero
1543 5053 1607 5104 non,
1633 5045 1661 5093 ει
1677 5053 1737 5095 cum
1753 5053 1851 5109 peree-

236 5126 330 5182 Scttto.
346 5122 441 5198 [Aug]
456 5121 514 5180 tlae
528 5129 591 5178 sunt
609 5121 690 5180 etism
706 5131 821 5180 scutum.
844 5123 879 5178 Et
894 5130 999 5179 utrum·
1051 5131 1128 5178 cutor
1142 5124 1239 5179 acriter
1254 5125 1344 5192 instat,
1361 5125 1480 5182 nondum
1496 5125 1583 5180 lirnris
1596 5127 1623 5180 in
1644 5125 1708 5196 lide,
1734 5126 1780 5198 qui
1801 5141 1853 5184 ne-

200 5230 254 5287 que
269 5214 320 5269 sub
334 5211 510 5269 similitudine
524 5211 559 5267 de
573 5212 632 5267 Deo
650 5211 756 5280 dicitur,
777 5211 839 5284 quia
863 5227 915 5269 nec
938 5213 999 5280 alae,
1052 5210 1141 5266 sciunt
1156 5212 1298 5268 Christiani
1313 5229 1384 5280 εεεε,
1402 5228 1531 5285 spernere
1546 5215 1702 5286 praesentia.
1727 5223 1754 5270 ει
1775 5231 1852 5286 quee-

201 5316 253 5360 nec
267 5309 373 5359 scutum
389 5300 499 5372 proprie
513 5299 540 5355 in
555 5301 614 5356 Dec
629 5307 700 5368 sunt,
716 5300 786 5357 sicut
808 5301 866 5371 ipse
891 5301 999 5368 dicitur,
1051 5315 1114 5355 rere
1129 5298 1230 5355 futura.
1247 5299 1299 5370 Qui
1314 5301 1382 5357 tales
1402 5308 1548 5368 tententur,
1571 5319 1587 5357 a
1607 5302 1719 5376 negotio
1740 5319 1851 5374 perem-

200 5391 271 5463 lapis
286 5399 314 5446 et
327 5390 380 5456 lec,
399 5405 489 5463 agnus
503 5396 529 5445 et
544 5389 653 5454 vitulus,
670 5402 731 5445 cum
746 5394 837 5445 tamen
860 5388 927 5445 nibil
948 5391 1001 5446 ho·
1053 5387 1161 5444 bulante
1173 5387 1200 5444 in
1215 5389 1345 5458 tenebris,
1362 5389 1405 5446 vel
1419 5404 1480 5445 cum
1495 5398 1653 5461 persecutor
1674 5392 1744 5448 adeo
1768 5391 1850 5448 instat

201 5496 261 5536 rum
278 5478 321 5535 sit.
338 5478 367 5534 si
380 5477 451 5534 enim
468 5493 531 5534 vere
546 5477 614 5549 lapis
628 5486 711 5544 esset,
727 5477 771 5533 leo
794 5493 848 5533 non
873 5487 956 5534 esset.
973 5479 1002 5536 si
1052 5477 1111 5532 haec
1125 5476 1283 5556 scientibus,
1300 5493 1360 5549 quoe
1374 5478 1486 5534 tentatio
1501 5487 1551 5548 est,
1576 5495 1593 5534 a
1613 5480 1748 5536 doemonio
1764 5479 1848 5536 meri-

201 5568 245 5627 lec
270 5574 352 5634 esset,
377 5583 465 5640 agnus
489 5582 544 5623 non
573 5574 654 5623 esset.
680 5566 745 5624 ldeo
768 5581 837 5638 ergo
861 5573 888 5624 et
909 5568 952 5624 leo
976 5576 1002 5624 et
1052 5564 1145 5621 diano.
1161 5565 1197 5620 Et
1211 5575 1341 5638 utrosque
1355 5567 1436 5638 capit,
1452 5575 1479 5624 ει
1495 5567 1613 5625 εειεειεε
1639 5577 1665 5624 ει
1682 5569 1847 5640 ignorantes.

236 4913 325 4968 Vsus.
344 4915 371 4967 b.
386 4940 421 4951 -
438 4928 449 4962 ι
466 4909 549 4966 Scuto
564 4909 743 4966 circumdabit
760 4906 900 4964 teteritas
921 4906 998 4977 ejus,

202 5023 214 5054 ι
237 5017 291 5058 non
304 4998 441 5056 timebisa
457 4999 553 5055 timore
568 5005 711 5056 nocturno.
735 5021 746 5048 a
