3882 6064
182 284 231 340 tal
856 287 958 343 PETRI
985 285 1174 342 bonallam.
1777 289 1829 348 idi

184 406 271 478 quiin
286 405 377 463 tuturo
392 407 450 464 haec
470 414 593 481 tempora
617 409 796 482 multiplicata
811 410 863 466 sibi
881 426 981 483 exspe·
996 409 1025 471 A
1070 412 1154 467 Voss.
1169 414 1212 466 ta.
1229 431 1291 462 -ι
1312 409 1430 467 Posuisti
1457 425 1508 466 nos
1530 410 1708 484 opprobrium
1731 409 1827 468 ricinis

183 502 259 551 ctant
288 494 377 562 reddi,
408 504 438 551 ιιι
461 495 613 554 Jerusalem
644 513 738 567 aures,
761 507 788 554 et
816 499 979 569 hujusmodi.
1033 498 1174 565 «nostris,
1201 498 1438 556 subsannationem
1462 505 1489 555 et
1509 498 1632 556 derisum
1647 499 1689 555 hia
1704 499 1827 571 quisunt

183 581 237 652 Qui
260 599 327 640 aero
345 584 383 639 ita
397 585 485 642 Deum
499 586 574 654 colit,
591 585 737 644 laudabilis
755 603 812 644 non
835 595 887 654 est,
912 587 982 644 sicut
1062 585 1090 640 in
1103 585 1217 642 circuitu
1230 594 1335 643 nostro.
1354 607 1366 638 ι

182 687 238 728 noa
256 670 433 728 laudatoria
456 673 502 729 illo
520 674 663 744 ieiunium,
686 674 733 747 qui
757 676 791 730 ad
814 674 982 730 luxuriosam
1067 675 1201 740 Posuisti,
1217 674 1272 747 [Gl.
1287 674 1499 744 int.,Gassiod.,
1510 674 1554 732 Gl.
1565 674 1632 746 int.,
1643 675 1827 742 Cassiod.,(il.

183 775 290 816 coenam
309 768 402 818 servat
411 769 534 819 rechem
549 778 638 818 suum.
650 762 709 819 lloo
718 762 979 832 estenimjejunium
1031 761 1098 817 int..
1111 761 1247 820 cassiodt
1258 762 1337 834 quasi
1346 763 1420 820 dicat
1436 779 1443 818 :
1458 762 1635 820 Praetardura
1648 763 1731 819 etiarn
1740 763 1830 835 turpia

184 863 239 904 non
261 849 444 916 contuentia,
469 850 519 905 sed
538 849 663 906 luxuriae.
687 849 780 906 Gratis
793 851 883 924 itaque
898 852 973 908 Deus
1032 850 1159 921 patimur,
1175 849 1238 922 quia
1250 851 1444 923 posuistiaos,
1459 849 1614 924 quasilixoa
1627 851 1656 907 in
1669 851 1721 909 hoc
1730 867 1828 925 oppro-

181 936 235 994 coli
249 937 341 1005 dehet,
357 953 412 993 noa
425 945 538 1010 propter
552 937 625 994 aliud
644 939 678 993 ab
690 953 743 1006 eo;
758 937 983 1011 etnoncpredie-
1032 937 1124 995 briam
1137 938 1239 996 vicinis
1253 940 1370 1006 aarum,
1378 939 1434 1008 iam
1445 939 1501 1008 J'am
1516 939 1717 996 convertendis.
1730 938 1829 995 Gravis

183 1023 224 1081 ris
247 1025 321 1081 Deus
344 1025 493 1082 evidenter.
513 1025 576 1082 Noa
599 1026 752 1098 egredieris
775 1026 837 1082 dico
858 1026 980 1095 ulterius,
1032 1024 1138 1082 afflictio
1153 1034 1203 1093 est,
1220 1042 1280 1099 quae
1294 1042 1310 1081 a
1323 1026 1420 1084 vicinis
1434 1027 1650 1101 ingeritur,quia
1663 1043 1718 1084 non
1732 1027 1829 1084 transi·

183 1113 295 1180 oDeus,
310 1113 381 1170 sicut
397 1113 463 1169 olim
477 1113 579 1169 iudeis
594 1113 723 1183 faciebas,
734 1114 766 1171 in
777 1116 938 1182 virtutibus,
955 1113 983 1168 id
1033 1113 1102 1170 toria
1128 1113 1238 1184 dicitur,
1263 1114 1337 1187 qnod
1353 1130 1369 1170 a
1383 1115 1622 1172 circumstantibus
1640 1113 1786 1188 irrogatur,
1803 1122 1830 1171 et

185 1209 236 1270 est,
264 1201 291 1257 in
310 1202 475 1259 exercitibus
503 1204 620 1260 nostris.
636 1202 671 1258 Et
680 1219 731 1274 per
743 1205 796 1262 hoc
809 1203 922 1258 invalidi
934 1219 982 1258 su·
1031 1202 1475 1273 posuistinossuhsannationem
1488 1219 1550 1277 qum
1563 1202 1593 1258 iit
1602 1210 1742 1260 contracto
1752 1219 1827 1270 uaso,

182 1305 245 1346 mus
259 1297 353 1346 contra
367 1290 502 1347 inimicos.
1032 1289 1076 1345 ael
1090 1296 1285 1363 contemptum.
1304 1291 1362 1347 dlis
1376 1291 1476 1359 littera,
1492 1295 1521 1348 et
1531 1291 1659 1350 derisam
1672 1291 1719 1363 qui
1734 1291 1827 1348 litore.

217 1379 303 1436 Vens.
321 1383 365 1438 lh.
380 1409 416 1420 -
432 1399 444 1430 ι
460 1378 589 1436 avertisti
611 1395 662 1436 nos
678 1387 832 1436 retrorsum
850 1386 913 1451 post
928 1377 982 1434 iui-
1032 1377 1143 1435 Derisus
1157 1393 1209 1436 vox
1224 1377 1337 1435 confusa
1351 1377 1460 1444 laada,
1477 1377 1679 1436 insultationem
1693 1379 1829 1436 immode-

185 1467 300 1525 «micos
323 1475 452 1536 nostros3
468 1475 496 1525 ιι
514 1468 560 1540 qui
581 1467 696 1525 oderam
726 1484 788 1538 nos,
821 1465 984 1540 diripiebant
1032 1473 1093 1522 rata
1112 1465 1251 1522 hilaritate
1266 1466 1440 1522 denuntians.
1458 1451 1636 1540 Contemptus
1650 1474 1702 1534 est,
1716 1467 1821 1536 abiecta

185 1575 197 1607 ι
214 1554 276 1612 sibi.
294 1575 306 1608 a
961 1531 978 1566 ⁰
1032 1553 1122 1610 vilitas
1136 1555 1180 1610 his
1197 1555 1245 1628 qui
1263 1556 1295 1612 in
1309 1556 1436 1613 circuita
1448 1559 1633 1624 nostramet,
1649 1562 1676 1612 et
1690 1569 1828 1628 nunquam

217 1643 362 1701 avertisti.
379 1642 474 1718 ling,
491 1642 535 1700 Gl.
548 1642 609 1717 int]
620 1644 786 1716 Exsequitur
793 1644 909 1716 quahter
917 1659 983 1700 con·
1032 1640 1175 1698 nobiscum
1189 1650 1260 1698 sunt.

182 1731 236 1789 iusi
250 1739 278 1790 et
291 1731 393 1816 repulsi
407 1731 526 1788 luerunt.
542 1733 736 1790 luertistinos
746 1737 903 1790 retrorsum
916 1735 1022 1820 postB
1068 1730 1156 1787 Voss.
1175 1760 1210 1770 -
1225 1732 1269 1786 lo.
1282 1730 1421 1786 «Posuisti
1428 1746 1479 1788 nos
1489 1731 1517 1786 in
1527 1729 1731 1788 similitudinem
1738 1729 1829 1806 genti-

182 1821 313 1878 inimicos
327 1825 447 1887 nostros,
465 1819 528 1892 quia
543 1819 598 1877 illic
619 1821 737 1877 victores
747 1829 774 1876 et
789 1835 839 1877 nos
855 1820 938 1888 victi;
955 1827 982 1875 et
1035 1840 1046 1866 a
1063 1817 1132 1885 bus;
1149 1818 1359 1875 commotionem
1374 1819 1470 1892 eapitis
1482 1819 1637 1892 inpopulis.
1656 1843 1668 1869 a

181 1907 247 1966 dicit
265 1909 318 1964 hoc
340 1924 392 1981 pro
413 1905 602 1964 deficientibus
626 1907 722 1965 elide.
742 1909 821 1965 Unde
835 1908 977 1981 sequitur:
1066 1907 1420 1980 Posuistinospentibaain
1430 1908 1651 1965 similitudinem
1660 1906 1754 1988 [ιιι.
1766 1907 1830 1964 Cas-

179 1996 216 2052 at
229 1996 280 2071 qui
291 1996 413 2054 oderant
428 2011 480 2053 nos
494 1995 665 2068 diripiebant
678 1997 741 2064 sibi,
757 1995 785 2052 id
795 1996 881 2054 estad
892 2003 981 2052 castra
1031 1993 1113 2065 aiod,
1129 1993 1213 2068 tagl
1231 2002 1260 2050 ut
1273 1994 1308 2051 de
1331 1995 1411 2051 nohis
1437 1993 1555 2052 iormam
1567 1995 1767 2052 maledictionis
1780 2011 1830 2050 su-

178 2082 328 2156 iniquitatls
341 2099 398 2140 suae
411 2083 591 2141 attrahebant.
1030 2097 1080 2154 per
1102 2081 1171 2138 alios
1194 2090 1303 2138 sumant
1325 2083 1449 2140 diceutes
1464 2098 1472 2139 r
1488 2083 1533 2140 Sia
1546 2099 1645 2157 pereas
1659 2090 1689 2139 ut
1706 2083 1827 2139 Lauren-

216 2170 304 2230 Vaas.
325 2175 372 2230 ts.
390 2203 426 2214 -
442 2193 453 2224 ι
470 2171 574 2228 Dedisti
590 2187 641 2228 nos
663 2179 792 2244 tanquam
816 2187 883 2229 oves
899 2187 979 2230 esca·
1031 2169 1084 2224 tius
1097 2177 1126 2226 et
1139 2169 1303 2240 hujusmodi.
1319 2171 1369 2228 Vel
1383 2170 1498 2244 posuisti
1512 2186 1573 2243 nos,
1592 2171 1620 2227 id
1630 2178 1672 2227 est
1679 2170 1830 2243 apposuisti

182 2275 278 2328 ·rum,
294 2267 321 2317 ιι
330 2260 359 2316 in
373 2259 501 2335 gentibus
515 2259 670 2333 dispersisti
683 2275 744 2317 nos.
760 2280 771 2310 ι
1030 2260 1062 2314 in
1077 2259 1207 2330 pentibus
1221 2260 1485 2317 imsimilitudinem
1503 2259 1613 2317 Christi.
1629 2260 1661 2315 ln
1676 2256 1830 2315 similitudi-

135 2347 140 2356 '
214 2349 331 2406 bertini.
352 2347 498 2422 [Cassiod.,
520 2347 564 2404 (ιι.
582 2348 642 2416 int,
663 2351 746 2420 Aug..
772 2347 913 2415 Cassiod..
929 2349 979 2404 al·
1029 2361 1093 2402 nem
1108 2346 1208 2402 Christi
1221 2347 1338 2419 appositi
1353 2347 1562 2422 suntgentihus,
1573 2347 1741 2421 qnandoeos
1755 2362 1831 2405 com-

179 2435 270 2510 cuin.]
293 2437 351 2493 lloo
381 2436 446 2492 dicit
471 2436 535 2509 quia
557 2435 650 2492 omnia
672 2421 807 2509 potestate
829 2436 880 2493 Dei
902 2433 977 2505 fiunt,
1028 2433 1139 2507 paribus
1152 2433 1409 2506 poeniseliecerunt,
1426 2435 1644 2508 etposuiatinos
1658 2437 1690 2492 in
1720 2436 1834 2509 populls

177 2523 203 2582 id
220 2532 262 2582 est
285 2541 365 2598 quam
387 2526 460 2582 Deus
480 2524 525 2581 dat
540 2528 679 2599 tanquam
703 2539 909 2582 caesareorum
923 2540 979 2582 noa
1030 2522 1245 2580 commotionem
1268 2524 1379 2596 capitis,
1396 2523 1424 2578 id
1437 2529 1479 2579 est
1493 2523 1527 2579 ad
1540 2522 1725 2580 insultandum
1739 2522 1830 2592 nobis,

178 2612 259 2683 letus,
276 2614 361 2670 idest
382 2629 443 2686 quae
456 2613 492 2668 ad
505 2627 586 2670 escas
601 2621 674 2680 sunt,
690 2629 746 2670 nou
762 2612 799 2671 ad
813 2612 885 2670 letus
899 2611 978 2685 spiri·
1031 2616 1061 2664 ut
1080 2616 1108 2665 et
1130 2610 1239 2666 Christo
1261 2609 1461 2669 insultaverunt
1480 2611 1511 2667 in
1534 2611 1670 2684 passione,
1685 2618 1831 2670 moventes

176 2701 291 2758 tualium
314 2716 438 2775 operum,
460 2701 565 2776 plangit
585 2715 633 2758 eos
655 2701 702 2774 qui
723 2701 762 2757 sia
778 2708 840 2756 sunt
863 2700 937 2774 passi
949 2709 979 2756 ut
1030 2697 1119 2768 capita
1133 2712 1192 2754 sua.

175 2789 203 2846 in
222 2805 323 2863 carpus
340 2789 463 2863 gendum
485 2795 668 2857 verterentur,
695 2788 772 2862 quasi
791 2788 830 2860 ab
845 2789 977 2844 eismau·
1066 2785 1152 2842 Vnas.
1170 2787 1214 2842 ιι.
1229 2815 1264 2827 -
1280 2806 1292 2838 ι
1310 2787 1378 2844 'lota
1399 2786 1444 2844 die
1466 2787 1631 2846 verecundia
1651 2803 1712 2845 mea
1734 2795 1830 2846 contra

177 2877 268 2936 ducati
279 2895 288 2948 3
298 2877 503 2952 atinpentilms
514 2877 684 2950 dispersisti.
696 2877 745 2932 Vel
755 2876 833 2933 itsab
844 2876 891 2933 illo
904 2875 975 2934 loco.
1031 2896 1043 2921 ι
1065 2889 1109 2930 me
1124 2880 1174 2944 est,
1191 2881 1219 2930 et
1232 2873 1355 2931 conlusio
1373 2874 1453 2932 iaciei
1463 2891 1533 2934 mea
1540 2876 1681 2949 cooperuit
1693 2892 1774 2933 me.»

177 2967 322 3038 avertisti,
337 2973 365 3023 et
378 2965 436 3038 agit
443 2965 478 3022 de
485 2964 707 3037 persistentibus,
721 2964 768 3038 qui
782 2971 872 3021 tamen
890 2963 977 3022 iurari
1063 2961 1183 3020 Totadie
1201 2963 1370 3021 verecundia
1378 2967 1663 3032 meaaantrameest,
1680 2963 1725 3021 sel
1735 2977 1828 3020 coram

175 3061 381 3127 persecutomm
400 3050 530 3126 fugiendo
553 3053 717 3126 quandoque
739 3051 850 3110 ιιιιιιιι.
876 3053 977 3110 lithos
1029 3057 1135 3106 maest.
1148 3048 1615 3122 [Cassiod.,Gl.int.‚Cassiod.,Gl.
1627 3050 1829 3124 int.,Cassiod.]

176 3151 218 3199 est
233 3159 241 3198 t
257 3143 453 3200 avertistinos
460 3145 618 3199 retrorsum
629 3144 694 3214 post
711 3141 842 3198 inimicos
856 3145 977 3199 nostros.
1028 3136 1127 3194 Gravis
1150 3138 1315 3195 verecundia
1338 3138 1501 3210 ostenditur,
1524 3155 1585 3212 qua
1606 3146 1749 3211 permanet
1773 3145 1830 3195 tota

176 3231 270 3288 areni
290 3237 332 3286 est
354 3230 460 3285 hostem
482 3228 589 3303 lugere,
615 3228 766 3286 secondum
787 3228 853 3284 illud
869 3245 877 3285 t
894 3230 979 3287 Sicos
1027 3223 1085 3279 die.
1099 3224 1135 3280 Et
1149 3225 1208 3282 heac
1225 3233 1285 3283 erat
1302 3233 1395 3283 eontra
1409 3233 1528 3294 sanctos,
1544 3226 1589 3283 vel
1603 3241 1696 3284 emm
1716 3225 1828 3295 meliis

177 3317 979 3392 perseeattsuerintinunamciuitatemsupiteinatiam
1028 3311 1055 3367 id
1078 3318 1121 3368 est
1142 3321 1206 3371 ante
1227 3313 1322 3371 oculos
1345 3321 1511 3385 sanctorum,
1542 3313 1652 3389 quando
1683 3329 1752 3386 qnos
1775 3313 1830 3369 im-

182 3405 293 3478 (llattlr.
308 3407 352 3478 a).
371 3405 408 3463 dt
421 3406 469 3478 qui
481 3405 604 3462 aderunt
629 3419 689 3471 nos,
718 3403 891 3476 diripiebant
914 3403 976 3460 sihi.
1027 3397 1089 3470 pios
1103 3399 1227 3456 sciebant
1241 3401 1292 3458 sibi
1312 3401 1440 3458 insultare
1470 3402 1607 3470 ridebant,
1624 3401 1670 3458 vel
1684 3409 1781 3460 contra
1795 3416 1827 3458 se

182 3493 352 3568 llociugatis
374 3491 519 3566 confingit,
543 3499 573 3546 ut
596 3491 697 3548 cadant
710 3491 738 3545 in
757 3490 889 3562 predam,
916 3489 978 3562 quia
1028 3486 1093 3544 dicit
1111 3503 1184 3556 esse,
1205 3487 1235 3544 id
1259 3497 1301 3545 est
1316 3497 1411 3547 contm
1424 3491 1477 3547 hoc
1492 3489 1566 3562 quod
1580 3489 1668 3547 bonus
1682 3495 1750 3556 erat,
1767 3488 1832 3561 qaia

176 3581 299 3640 hostibus
312 3587 453 3654 nequeunt
467 3579 609 3636 resistere·
629 3579 809 3645 beonnam,
824 3576 977 3649 persisten-
1027 3583 1202 3642 coniecerat
1225 3585 1297 3642 unde
1319 3585 1500 3644 verecundari
1513 3586 1637 3644 deberet.
1662 3585 1831 3644 Describens

171 3675 216 3724 tes
229 3665 259 3722 in
272 3664 479 3738 fide,tanquarn
493 3678 555 3720 oves
570 3677 710 3719 escarum.
723 3661 780 3717 lios
790 3660 892 3718 diversi
902 3675 977 3717 mar·
1027 3679 1118 3728 aurem
1132 3673 1327 3730 vereeundiam
1342 3673 1433 3730 subdit
1448 3691 1456 3730 ς
1472 3677 1509 3732 Et
1520 3677 1647 3747 consueto
1661 3674 1747 3750 saeui
1759 3697 1831 3738 m

173 3763 246 3828 tyres
267 3761 405 3820 notantur,
428 3751 457 3807 id
480 3758 522 3807 est
546 3750 658 3806 diversa
689 3757 838 3821 martyrum
861 3763 975 3820 genera,
1028 3761 1172 3834 000p0rm't
1187 3778 1242 3818 me,
1260 3759 1384 3830 Quodam
1400 3761 1472 3818 enim
1487 3762 1570 3836 pauiu
1584 3763 1753 3824 confugimas
1766 3769 1832 3825 vul.

175 3843 222 3901 alii
236 3843 310 3902 enim
323 3840 434 3898 luerunt
447 3854 513 3897 esca
526 3837 601 3910 laris,
626 3837 671 3893 alii
691 3836 793 3894 traditi.
806 3835 936 3910 gentibus
949 3836 979 3893 in
1028 3855 1085 3904 tum
1104 3847 1170 3905 dicis
1185 3857 1320 3921 opertum,
1348 3850 1413 3906 dum
1434 3849 1507 3906 nube
1522 3851 1673 3925 sanguine,
1685 3853 1770 3913 facies
1783 3857 1831 3912 jn.

175 3932 344 3990 servitutem.
359 3929 438 3987 Unde
452 3926 528 3997 dicit,
545 3934 673 4000 tanquam
694 3941 761 3982 ores
780 3938 913 3994 escarum,
929 3924 978 3980 ubi
1028 3935 1168 3992 flammam
1182 3936 1285 3994 rumai,
1307 3937 1362 3994 Sed
1383 3953 1446 3995 eum
1460 3937 1534 4006 dicii,
1551 3941 1690 4012 coopemip
1703 3959 1757 4011 me,
1773 3960 1831 4002 „011

175 4028 284 4078 notatur
306 4016 488 4091 quorumdam
511 4013 650 4072 mactatio.
668 4015 704 4071 Et
716 4013 749 4071 in
763 4013 894 4086 pennbos
917 4013 977 4069 dis·-
1028 4025 1141 4093 vultum,
1166 4041 1221 4082 non
1237 4025 1327 4083 solum
1350 4025 1450 4096 vultus,
1476 4027 1525 4083 sed
1539 4027 1620 4083 etiam
1634 4030 1716 4088 totius
1728 4046 1833 4104 porpo-

176 4107 267 4180 penu
281 4123 342 4163 nos·
358 4103 409 4161 ure
423 4101 711 4175 perseusannos.
985 4181 988 4187 ¹
1030 4112 1070 4170 ris
1082 4112 1210 4172 inuram
1222 4115 1379 4172 horrorem.
1397 4115 1432 4170 ra
1445 4115 1505 4172 hee
1519 4114 1642 4174 marusa
1654 4121 1777 4191 proceda

213 4195 300 4252 vars.
317 4193 361 4247 tt.
376 4221 412 4234 -
426 4211 439 4242 ι
455 4189 608 4247 vendidisti
617 4188 829 4260 populumtunm
840 4186 899 4244 sine
914 4203 976 4260 pre·
1066 4202 1152 4259 vm,
1165 4204 1210 4257 ιι,
1224 4232 1259 4243 -
1275 4222 1287 4254 a
1304 4205 1328 4257 Α
1349 4217 1417 4260 pope
1429 4203 1620 4275 exprobrantis
1634 4213 1662 4262 er
1676 4206 1832 4282 obloquen.

180 4305 192 4337 ι
208 4282 246 4340 tio
260 4299 268 4350 ;
283 4287 311 4338 et
322 4293 377 4336 non
391 4277 441 4334 iuit
454 4275 598 4334 multitudo
611 4275 640 4331 ia
658 4274 913 4332 commutationibus
927 4290 978 4332 eo-
1031 4310 1043 4342 a
1060 4289 1104 4358 tis,
1120 4288 1220 4346 stacia
1234 4288 1337 4346 inimici
1351 4297 1379 4346 et
1391 4291 1592 4364 persequentis.
1610 4312 1622 4344 ι

181 4393 193 4424 1
210 4385 282 4428 tum·
302 4389 314 4421 a
1062 4377 1083 4434 l
1099 4393 1163 4434 uoce
1177 4378 1389 4450 exprobrantis,
1404 4377 1498 4451 [hug.,
1510 4378 1645 4455 Cassiod]
1655 4381 1684 4438 id
1693 4390 1735 4440 est
1744 4384 1830 4441 insul-

218 4462 372 4526 l'endidtsta'
382 4462 520 4535 poputum
541 4463 633 4529 tuam,
654 4459 747 4535 [aaa.
762 4458 899 4529 Cassiod„
924 4460 974 4518 it—
989 4461 1108 4522 Dtantis
1123 4464 1201 4522 95
1219 4469 1249 4522 et
1261 4465 1475 4540 ohlopmntisid
1489 4475 1531 4525 est
1540 4467 1644 4526 crimen
1653 4470 1830 4544 imponentis.

180 4552 302 4627 cuin.]id
316 4557 501 4636 estmartyres
516 4548 582 4605 dum
592 4547 690 4604 dantur
704 4547 876 4622 alienigenis,
888 4555 915 4605 et
925 4549 978 4608 hoo
1027 4553 1201 4627 Exprobrare
1215 4553 1287 4610 enim
1308 4562 1348 4610 est
1361 4555 1390 4610 in
1407 4553 1505 4612 taciem
1518 4557 1701 4628 maledicam
1717 4560 1833 4635 obloqui

183 4644 244 4700 stne
266 4639 366 4714 pretio.
391 4637 521 4694 Videmus
542 4635 616 4693 euim
639 4649 708 4709 quos
732 4635 842 4705 dedisti,
859 4637 909 4694 sed
923 4652 979 4694 non
1027 4645 1071 4694 est
1093 4635 1199 4693 absenti
1225 4635 1379 4706 dehabere,
1395 4644 1421 4694 et
1435 4637 1533 4696 dolose
1545 4641 1681 4700 mordere.
1698 4643 1765 4713 Quis
1779 4659 1832 4700 au-

183 4743 253 4803 quos
272 4725 412 4799 accepisti,
434 4724 499 4798 quia
519 4723 611 4780 nullus
623 4723 773 4796 acquiritur
788 4742 795 4780 :
812 4725 885 4796 quod
898 4724 929 4782 iit
943 4724 979 4782 ad
1028 4732 1082 4782 tem
1102 4723 1138 4781 sit
1152 4724 1320 4796 exprobrans
1339 4732 1367 4783 et
1378 4725 1532 4800 obloquens
1556 4729 1655 4800 subdit,
1671 4733 1786 4804 asceta,
1801 4732 1831 4787 id

183 4815 372 4891 probationem
381 4814 425 4871 rel
435 4812 471 4869 ad
481 4811 687 4869 correctionem.
700 4812 777 4868 Unde
787 4812 911 4885 sequitur
923 4830 931 4868 ι
942 4815 979 4870 Et
1028 4820 1070 4870 est
1083 4813 1118 4868 ab
1131 4811 1258 4869 instantia
1270 4815 1383 4872 tnimtct
1396 4813 1460 4872 odio
1473 4815 1609 4886 babeatis,
1619 4822 1830 4894 stparsepaen-

181 4901 775 4979 non[uitmultitadoincommatatianibas
791 4900 979 4973 eorumquiin
1030 4903 1066 4959 tis
1079 4901 1108 4956 in
1123 4909 1196 4958 actu.
1218 4902 1252 4958 lit
1698 4968 1707 4984 ι

183 4994 228 5052 vel
249 4992 340 5050 nauus
362 5005 413 5064 pru
434 4989 474 5047 eis
494 4987 651 5061 acquiritur.
674 4988 723 5046 Vel
744 4987 841 5060 siquis
864 4996 976 5062 querat,
1063 4989 1150 5046 Vnus.
1167 4990 1830 5068 ta.-11toesomntaven0runrsupernm,nec

183 5080 265 5153 pauci
278 5089 368 5136 tamen
381 5085 457 5134 sunt.
476 5075 687 5134 Velsecundum
697 5075 979 5144 aliamlitteram,sci-
1031 5077 1136 5134 uohliti
1150 5085 1300 5146 sumoste3
1317 5086 1345 5135 at
1362 5077 1455 5153 inique
1479 5095 1535 5138 non
1559 5081 1667 5154 egimus
1689 5083 1718 5140 in
1738 5092 1829 5142 testa-

182 5168 246 5225 licet
260 5169 317 5240 (til)
329 5172 358 5224 et
373 5182 430 5224 non
440 5163 662 5238 fuitmultitudo
672 5165 978 5236 injuhitationtiuseo·
1031 5185 1043 5218 ι
1059 5173 1149 5222 mento
1163 5172 1219 5222 tua.
1239 5189 1250 5216 ι

182 5273 257 5323 rum,
274 5256 337 5328 quia
351 5262 474 5327 tempore
498 5253 695 5326 persecutionis
705 5268 760 5310 non
770 5255 978 5326 congregabsn-
1062 5253 1125 5311 Haec
1139 5255 1246 5322 omnia,
1262 5253 1414 5328 [Cassiod.,
1436 5256 1563 5326 alcuin„
1582 5261 1665 5332 Aug„
1682 5259 1828 5326 Cassiod,

182 5354 235 5410 tur,
251 5351 280 5398 ut
291 5343 437 5412 jubilarent
452 5343 521 5410 Deo,
537 5348 565 5396 ut
580 5342 608 5398 lit
622 5341 651 5397 in
664 5357 741 5413 pace.
1028 5343 1110 5413 hug„
1131 5341 1175 5398 Gl.
1192 5340 1252 5415 int]
1267 5343 1345 5414 quasi
1360 5342 1432 5400 dicat
1449 5361 1455 5399 :
1470 5345 1532 5402 Non
1547 5347 1705 5419 separatim,
1721 5347 1770 5406 sed
1786 5351 1828 5404 si-

214 5574 265 5640 (ot)
276 5575 377 5640 August.
391 5573 486 5638 aceepit
503 5589 610 5642 tiaran.
621 5571 652 5626 ab
663 5586 763 5634 arsita,
777 5571 801 5626 id
812 5575 849 5626 est
858 5568 945 5640 iubilo,
958 5584 1007 5627 uon
1018 5571 1049 5626 ab
1060 5590 1145 5635 aranu.
1166 5571 1191 5625 ld
1203 5575 1253 5640 est,
1267 5577 1341 5627 muto.
