3940 6066
258 222 328 278 rats
721 261 724 268 ι
918 227 1021 286 rarat
1045 225 1236 290 Lounthm.
1849 241 1921 296 ibit

259 348 489 418 «moechandum,
513 350 684 408 moecharisl
707 349 761 420 Qui
783 351 950 408 abominaris
974 353 1055 420 idola,
1070 354 1296 416 Aincamatione
1320 355 1429 428 Christi,
1455 365 1482 416 et
1504 356 1645 418 dirimtate
1664 361 1797 434 praeteris.
1821 363 1916 420 Deum

260 437 464 511 ‹sacmlegium
480 437 569 496 tacisi
583 439 637 510 Qui
652 441 679 495 in
696 441 759 515 lege
774 441 912 516 gloriaris,
926 459 975 514 per
988 459 1059 514 praa-
1108 446 1273 516 inhonoros,
1297 447 1382 506 idest
1406 463 1491 506 causa
1510 464 1540 504 es
1563 465 1646 521 quare
1669 450 1715 508 alii
1734 451 1918 508 inhonorent.

259 525 483 584 «varicatiouem
516 527 587 602 legis
623 530 710 585 Deum
742 529 923 587 inhonores?
951 531 1059 588 Nomen
1108 535 1143 590 lit
1157 551 1230 594 vere.
1244 537 1351 595 Nomou
1369 537 1447 594 cuim
1461 537 1521 603 Dei,
1537 537 1618 594 hodie
1632 539 1850 614 blasphemius·
1863 558 1917 614 per

257 613 971 692 1enimlleipervosblasphemeturintergentes,
989 619 1059 676 sicut
1107 639 1153 680 uos
1174 625 1252 681 inter
1275 629 1385 698 gentes,
1414 624 1604 701 [Augustinus]
1632 627 1699 682 dum
1721 627 1915 684 testimonium

257 703 416 775 «sccptum
439 711 498 772 est;
514 705 684 763 circumcisio
707 707 819 780 quidem
840 708 953 779 prodest
966 707 990 762 si
1014 707 1057 763 le·
1107 711 1181 783 quod
1195 711 1274 768 Pater
1294 713 1369 769 dedit
1382 713 1417 769 de
1438 713 1506 769 Filio
1520 729 1570 770 suo
1593 729 1648 770 non
1669 714 1791 787 recipitis
1813 717 1917 789 inquo

257 807 349 865 ugem
371 793 521 862 observas3
537 793 561 850 si
584 803 675 852 autem
698 794 890 866 prevaricator
912 794 983 869 legis
1006 795 1055 863 sis,
1106 798 1180 855 Patri
1200 801 1359 868 detrahitur,
1380 801 1445 873 quia
1459 801 1487 856 in
1505 801 1613 858 Christo
1633 804 1714 859 Pater
1733 803 1917 876 blasphema-

256 880 455 939 «circumcisio
482 891 529 939 tua
554 883 718 955 preputium
744 882 815 941 iacta
838 892 890 941 est.
921 884 950 941 Si
971 884 1057 958 igitur
1105 895 1160 954 tur,
1177 888 1318 960 sicutipse
1333 889 1371 948 ait
1392 907 1399 944 :
1418 891 1470 960 Qut
1491 907 1535 948 mc
1549 892 1661 964 recipit,
1685 906 1741 948 non
1754 908 1801 947 me
1823 891 1914 948 solum

258 971 448 1042 «preputium
460 971 534 1028 illius
545 972 573 1028 in
583 972 819 1030 circumcisionem
837 973 1013 1045 reputabitur,
1029 981 1056 1030 et
1105 977 1216 1050 recipit,
1233 978 1282 1034 sed
1297 994 1361 1035 eum
1375 979 1423 1053 qui
1438 995 1481 1035 me
1500 979 1581 1035 misit
1593 979 1704 1048 (ltctih.
1721 981 1764 1052 ιι).
1789 981 1827 1036 Ει
1848 981 1912 1038 ideo

257 1057 416 1128 «judicabit
430 1060 457 1114 id
477 1060 549 1133 quod
572 1077 606 1116 ex
629 1068 727 1117 natura
751 1070 793 1117 est
816 1060 987 1134 preputium,
1011 1061 1054 1119 le·
1104 1063 1175 1122 inter
1189 1073 1285 1139 gentes
1305 1066 1509 1139 blasphematur
1531 1083 1632 1123 nomen
1647 1067 1698 1124 Dei
1720 1083 1772 1140 per
1786 1068 1910 1138 Judaeos,

256 1167 267 1194 ι
285 1161 349 1219 gem
363 1161 567 1215 consummans,
590 1156 617 1205 te
629 1149 676 1222 qui
688 1165 739 1222 per
762 1150 880 1206 litteram
893 1157 922 1207 et
935 1149 1054 1209 choum-
1105 1153 1167 1226 quia
1182 1154 1356 1211 credentibus
1370 1155 1498 1228 gentibus
1511 1155 1598 1212 ludaei
1617 1156 1734 1213 suadere
1748 1157 1910 1213 nitebantur

256 1255 267 1283 ι
284 1234 416 1292 cisionem
429 1237 626 1307 prevaricator
640 1254 671 1294 es
685 1238 807 1312 legista
1104 1241 1241 1300 Christum
1263 1260 1318 1300 non
1332 1260 1394 1301 esse
1417 1243 1563 1301 dicendum
1585 1245 1683 1301 Deum.
1698 1245 1733 1300 lit
1754 1255 1821 1301 nota
1847 1247 1909 1319 quin

289 1324 320 1380 Si
332 1328 429 1381 autem
445 1329 478 1382 tu
492 1325 605 1383 tadeus
627 1329 848 1399 coquomismris,
869 1336 933 1399 etc,
949 1327 1002 1397 val,
1020 1333 1053 1386 tu
1103 1331 1194 1388 verbis
1221 1333 1373 1391 Ezechielis
1399 1333 1540 1406 prophete
1573 1334 1658 1389 utitur
1684 1334 1834 1406 Apostolus
1861 1351 1908 1406 pro
1950 1403 1954 1412 Ι

252 1415 700 1486 uutemtudoeuscoqnominoris,
711 1416 873 1473 alialittera.
885 1417 1051 1474 Hicludoeos
1102 1419 1169 1490 suis,
1186 1421 1233 1493 qui
1255 1420 1382 1478 Ezechiel
1395 1422 1429 1478 ad
1452 1422 1560 1478 Judaeos
1575 1421 1617 1478 sui
1637 1421 1769 1494 temporis
1791 1423 1848 1479 hoc
1863 1423 1906 1477 di·

251 1502 409 1574 specialiter
422 1504 592 1578 aggreditur,
609 1505 720 1578 grarius
731 1521 863 1562 accusans
876 1521 924 1562 eos
938 1506 973 1562 de
987 1520 1052 1577 pec·
1102 1509 1195 1566 cebat:
1208 1511 1314 1567 Nomen
1324 1511 1374 1568 Dei
1384 1511 1596 1584 blasphematur
1601 1528 1654 1585 per
1663 1527 1708 1569 vos
1719 1513 1798 1568 irater
1806 1517 1906 1584 pentes

251 1591 329 1658 catis,
347 1607 380 1647 eo
395 1591 468 1664 quod
490 1593 571 1665 plura
594 1592 693 1648 babent
715 1593 834 1661 auxilia;
851 1594 929 1667 qirasi
952 1594 1049 1651 dicat:
1101 1599 1211 1670 (lizech.
1228 1599 1343 1671 xxxvl),
1369 1599 1432 1672 quia
1446 1599 1511 1655 olim
1531 1607 1629 1672 gentas
1651 1616 1706 1656 non
1728 1600 1904 1658 animadver-

251 1687 361 1760 gentilis
383 1695 488 1743 tanturn
503 1688 583 1744 habet
606 1690 756 1746 naturalem
779 1690 880 1761 legem.
896 1692 935 1746 Tu
948 1698 1087 1774 autem,B
1101 1687 1194 1742 lebant
1207 1687 1316 1744 Judaeoa
1331 1687 1383 1743 sihi
1397 1688 1512 1744 traditos
1524 1703 1575 1759 pro
1590 1688 1680 1744 noxiis
1693 1689 1759 1758 suia,
1777 1689 1829 1745 aad
1844 1689 1904 1744 ido-

250 1777 393 1846 otudaee,
418 1776 494 1848 plura
515 1777 610 1845 habes,
636 1777 682 1850 qui
703 1779 908 1852 cognomineris
928 1779 1049 1846 iudaeus,
1101 1773 1135 1831 lis
1149 1775 1205 1832 sais
1228 1776 1327 1831 dabant
1350 1775 1467 1849 gloriam
1490 1777 1526 1832 de
1548 1775 1669 1842 victoria,
1693 1776 1772 1849 quasi
1793 1777 1904 1834 ludaeo-

249 1865 352 1921 atuda
374 1864 537 1936 patriarcha,
554 1865 632 1938 quasi
648 1883 681 1922 ex
704 1867 867 1939 cognatione
880 1868 933 1924 hoc
952 1883 1052 1924 nomen
1101 1879 1163 1920 rum
1178 1865 1265 1922 Deum
1279 1863 1407 1920 vicissent
1419 1865 1448 1920 in
1460 1864 1572 1936 iudeis,
1586 1873 1613 1922 et
1627 1865 1700 1938 qaod
1714 1865 1827 1922 ahands
1843 1867 1905 1922 brec

249 1951 299 2010 tibi
313 1953 394 2009 venit.
416 1955 452 2010 at
471 1955 622 2028 requiescis
645 1955 677 2011 in
693 1957 759 2029 icqe,
776 1955 857 2013 idest
872 1971 926 2012 non
942 1955 1052 2030 vagaris
1100 1951 1184 2010 verba
1208 1954 1355 2025 sumpserit
1375 1954 1521 2025 Apostolus
1544 1953 1663 2010 ostendit
1684 1954 1780 2010 dicans
1796 1970 1804 2009 τ
1822 1956 1906 2012 Sicut

249 2042 398 2108 errorrlms,
414 2049 504 2099 certus
528 2042 593 2114 quid
608 2043 708 2099 debeas
734 2044 891 2115 observare,
918 2043 988 2100 sicut
1005 2061 1051 2100 va·
1098 2044 1308 2115 scriptumest,
1324 2042 1353 2097 in
1366 2041 1511 2099 Ezechiele
1525 2041 1560 2098 de
1580 2043 1818 2114 contemporaneis
1834 2043 1903 2099 suis.

249 2138 349 2204 gantur
361 2130 401 2187 illi
425 2131 470 2204 qui
485 2138 547 2186 sunt
561 2131 620 2188 sine
639 2132 711 2204 lege.
728 2133 762 2187 at
781 2133 916 2205 plor-iaris
937 2133 969 2188 iu
984 2133 1048 2200 Deo,
1101 2131 1286 2188 Circumcitio
1299 2131 1411 2204 quidem
1420 2130 1534 2204 prodest
1549 2131 1609 2200 tibi,
1621 2132 1647 2188 ci
1661 2133 1749 2204 leqcm
1762 2131 1902 2198 observes,

249 2219 277 2274 id
293 2227 335 2276 est
348 2220 382 2277 de
397 2219 552 2294 cognitione
568 2219 628 2276 Dei.
643 2221 679 2275 lit
693 2223 770 2277 nosti
785 2221 963 2279 uoluntatem
978 2223 1047 2294 ejus,
1099 2228 1151 2277 etc.
1177 2219 1305 2277 Ostendit
1318 2235 1402 2292 supra
1424 2219 1515 2292 legem
1529 2235 1584 2276 non
1596 2220 1692 2290 jurare
1711 2236 1759 2278 eos
1783 2221 1820 2276 ad
1835 2221 1904 2276 obti-

248 2306 366 2382 [llaimo]
380 2309 415 2365 de
430 2309 619 2380 redemptione
633 2309 745 2364 humani
763 2309 883 2383 generis,
908 2326 991 2382 quam
1001 2311 1048 2365 tibi
1098 2309 1217 2365 nendam
1226 2307 1358 2379 justitiam
1373 2317 1400 2364 et
1413 2309 1506 2365 vitam.
1522 2309 1602 2365 llodo
1617 2309 1735 2365 ostendit
1756 2309 1903 2366 circumci-

245 2413 296 2469 per
309 2398 456 2470 prophetas
471 2397 612 2453 nuntiavit.
636 2399 672 2454 Et
690 2399 791 2472 protae
810 2399 940 2466 utiliora,
965 2398 1049 2455 idest
1098 2398 1204 2454 sionem
1218 2413 1272 2454 non
1283 2399 1387 2468 juvare,
1404 2397 1483 2470 quasi
1504 2397 1578 2454 dicat
1593 2413 1600 2452 :
1615 2397 1651 2452 lit
1663 2413 1726 2454 cum
1738 2397 1828 2454 Judaei
1844 2400 1900 2455 sint

245 2485 406 2542 dactilibus
420 2487 528 2543 utiliora
542 2487 722 2559 aciscligere,
738 2487 803 2560 quia
818 2503 849 2543 es
876 2488 1046 2555 instructus,
1098 2486 1176 2554 tales,
1198 2502 1215 2542 o
1235 2485 1340 2553 Judaee,
1370 2485 1541 2543 circumcisio
1569 2485 1678 2558 quidem
1700 2485 1814 2558 prodest
1839 2487 1898 2554 tibi,

244 2592 297 2648 per
308 2575 564 2648 lcqcm,etconidia
575 2580 602 2632 te
613 2577 708 2650 ipsum
718 2576 818 2633 ducem
828 2592 887 2632 esse
897 2592 1045 2647 caecorum,
1096 2575 1143 2647 qui
1158 2591 1190 2632 es
1203 2575 1238 2630 de
1253 2590 1355 2646 genere
1369 2574 1507 2630 Abraham
1523 2589 1529 2629 :
1545 2574 1568 2628 si
1581 2582 1672 2630 ιιιιιιιι
1686 2573 1779 2648 legem
1798 2575 1899 2632 obser-

245 2663 273 2718 id
288 2672 398 2720 estnon
417 2663 636 2737 intelligentium,
653 2673 680 2720 et
700 2663 815 2720 confidis
830 2672 856 2721 te
880 2663 970 2737 ipsum
984 2681 1046 2722 esse
1096 2679 1155 2731 ves,
1171 2663 1288 2736 illelmo,
1314 2661 1485 2736 ambrosius]
1499 2662 1527 2718 id
1547 2671 1589 2719 ast
1611 2662 1786 2735 spiritualiter
1806 2675 1899 2722 custo-

245 2752 343 2808 lumen
357 2768 455 2809 corum
479 2754 527 2826 qui
541 2753 573 2808 in
597 2753 721 2809 tenebris
737 2757 815 2821 aaut,
836 2752 917 2808 idest
931 2751 1046 2810 confidis
1095 2751 1164 2818 dias,
1179 2760 1209 2808 ut
1222 2751 1329 2808 Christo
1351 2752 1459 2818 credas,
1475 2767 1557 2823 quam
1575 2750 1619 2808 les
1639 2751 1773 2823 promisit,
1795 2760 1825 2808 ut
1849 2754 1898 2809 de-

244 2841 317 2914 quod
346 2841 425 2898 etiam
445 2841 600 2897 illuminare
629 2848 708 2914 potes
736 2857 785 2898 eos
807 2841 900 2916 quiin
924 2842 1045 2899 tenebris
1093 2855 1182 2912 ponas
1206 2839 1297 2896 omnia
1319 2840 1417 2911 turpia,
1442 2847 1472 2895 ut
1494 2855 1544 2897 cor
1563 2840 1753 2897 choumoidss.
1779 2841 1897 2897 Prodest

223 2929 224 2934 ’
243 2937 315 2986 sunt.
331 2929 425 2987 Caecos
440 2930 508 2986 etin
523 2929 643 2987 tenebris
667 2928 815 2987 existentes
829 2929 894 2987 dicit
915 2930 1042 3005 gentiles,
1094 2943 1161 3002 ergo
1185 2928 1220 2985 ad
1243 2928 1326 2985 uitam
1350 2927 1544 3000 spiritualiter;
1558 2937 1585 2985 ιι
1599 2929 1651 2986 hoc
1674 2935 1702 2985 et
1725 2928 1777 2984 alis
1799 2945 1896 2987 sacra-

242 3018 330 3092 quiet
351 3018 456 3074 ratione
475 3018 572 3090 privati
597 3019 663 3076 caeoi
682 3027 754 3086 sunt,
778 3027 805 3074 ιι
828 3019 930 3091 siquid
953 3017 1041 3075 sciunt
1094 3025 1185 3074 menta
1203 3017 1275 3091 legia
1294 3017 1466 3091 intelligenti,
1490 3017 1552 3090 quia
1575 3018 1729 3074 obediendo
1751 3018 1811 3074 Deo
1832 3019 1898 3076 iacit

240 3107 374 3164 tamenin
395 3106 516 3163 tenebris
531 3113 602 3163 sunt.
619 3107 652 3162 lit
665 3105 781 3164 confidis
803 3114 829 3163 te
844 3123 906 3164 esse
918 3107 1041 3165 erudito·
1055 3071 1078 3132 ⁰
1091 3107 1117 3163 ei
1145 3105 1255 3180 signum
1283 3105 1405 3163 tenutis
1430 3115 1460 3162 ιιι
1483 3107 1528 3179 pie
1549 3107 1678 3181 gaudeat,
1703 3115 1729 3163 et
1756 3103 1896 3180 spirituali

240 3194 301 3254 rem
314 3196 525 3270 insipientium,
540 3195 568 3251 id
584 3203 625 3252 est
638 3195 925 3252 tudaeommnondum
939 3211 1039 3268 prore-
1090 3195 1223 3253 suavitate
1244 3195 1387 3252 veritatem
1409 3195 1607 3268 comtemplans
1620 3197 1649 3251 in
1664 3195 1802 3253 Christum
1826 3213 1892 3254 cre-

242 3293 359 3342 ctorum.
375 3285 411 3342 Et
422 3286 592 3357 muqittrum
606 3285 775 3355 infantium,
790 3283 819 3339 id
833 3293 874 3340 est
883 3285 1040 3341 iudeorum
1090 3283 1146 3340 det.
1171 3284 1287 3341 Prodest
1309 3284 1389 3340 etiam
1414 3285 1474 3341 rudi
1496 3285 1598 3358 populo
1621 3285 1739 3342 litteram
1762 3284 1834 3359 legis
1850 3303 1894 3344 se·

241 3373 288 3446 qni
301 3373 336 3430 de
350 3372 412 3446 lege
426 3372 516 3428 adhuc
529 3372 667 3428 disserere
680 3372 815 3430 nesciunt.
832 3373 867 3428 Et
882 3373 998 3429 contidis
1014 3382 1040 3430 te
1089 3373 1181 3443 ctanti,
1196 3373 1263 3429 dum
1277 3374 1329 3429 sub
1344 3373 1441 3430 timore
1454 3373 1505 3430 Dei
1518 3373 1677 3434 custoditur.

239 3477 301 3518 esse
316 3460 464 3518 habentem
477 3464 610 3533 formum,
627 3459 656 3515 id
671 3468 712 3516 est
725 3461 932 3532 perlectionem,
948 3462 1039 3519 scicn-
1125 3461 1263 3530 Questus
1276 3469 1365 3519 autem
1389 3463 1527 3535 quomodo
1550 3463 1593 3520 hic
1607 3463 1680 3520 dicet
1700 3463 1892 3520 circumcisio-

241 3547 289 3602 tim
303 3548 335 3603 iu
353 3547 412 3618 leqe
422 3567 432 3615 ,·
443 3553 471 3602 et
484 3561 539 3602 nou
554 3552 658 3601 tautum
668 3545 798 3614 scientiae,
811 3547 860 3602 sed
873 3546 953 3602 etiam
967 3549 1039 3605 ceri·
1088 3567 1152 3606 nem
1166 3551 1299 3623 prodesse
1320 3567 1383 3608 cum
1397 3552 1425 3607 in
1439 3552 1564 3625 sequenti
1587 3552 1659 3609 dicat
1674 3567 1681 3608 :
1696 3552 1728 3609 Si
1741 3553 1893 3612 cicumci-

213 3623 318 3711 stata,
334 3642 364 3690 ιιι
377 3633 437 3690 aliis
460 3633 614 3707 exemplum
638 3632 759 3691 scientias
781 3635 851 3708 legis
872 3635 1038 3693 sisetveri-
1089 3640 1203 3708 dimini,
1221 3639 1351 3697 Christus
1373 3641 1446 3699 codis
1459 3640 1536 3697 nihil
1559 3640 1686 3713 proderit
1700 3641 1774 3713 (Gal.
1791 3640 1833 3711 v).
1849 3641 1891 3698 td

237 3724 309 3780 tatis.
338 3724 401 3780 Non
427 3722 487 3781 sine
517 3739 598 3780 causa
626 3730 771 3796 utrumque
800 3723 909 3795 posuit,
936 3724 1039 3782 scilicet
1089 3728 1163 3801 quod
1181 3729 1378 3800 respondemus
1393 3729 1446 3786 hoc
1458 3729 1511 3785 dici
1535 3729 1684 3787 secundum
1698 3737 1783 3785 status
1795 3729 1890 3786 direr-

237 3812 357 3871 scientiae
371 3819 396 3868 et
411 3811 543 3869 veritatis.
568 3810 686 3882 Quidam
701 3813 775 3868 enim
799 3813 943 3869 scientiam
956 3813 1038 3869 etin·
1088 3833 1181 3874 sorum
1209 3825 1373 3890 temporum.
1398 3818 1469 3874 Nam
1490 3819 1642 3876 secundum
1664 3825 1762 3874 statam
1788 3818 1891 3875 umens

235 3902 375 3960 tellectum
393 3901 505 3972 alicujus
528 3900 590 3956 libri
613 3901 725 3970 habent,
742 3909 769 3958 et
783 3901 821 3958 ita
847 3902 967 3959 sentiunt
981 3902 1037 3960 sic·
1087 3905 1159 3980 lagia
1172 3905 1238 3962 olim
1259 3906 1359 3979 proluit
1382 3906 1564 3974 circumcisio,
1588 3907 1639 3963 sed
1659 3922 1714 3962 non
1728 3906 1831 3979 proluit
1855 3907 1889 3963 ad

234 4000 263 4047 ιιι
278 3997 366 4048 auctor
389 3991 448 4062 ipse
463 3989 557 4046 sensit.
583 3989 645 4046 Non
669 3998 761 4046 tamen
786 3990 887 4047 habent
909 3991 972 4047 inde
987 4007 1037 4048 re·
1088 3995 1202 4051 salutem
1218 3995 1277 4052 sine
1301 3995 1448 4067 spiritualis
1462 3995 1533 4068 legis
1556 3995 1737 4052 observantia.
1753 3997 1830 4052 Unde
1845 3997 1890 4054 tric

234 4081 352 4147 ritatem,
383 4078 445 4151 quia
473 4078 599 4136 nesciunt
628 4079 766 4150 quomodo
792 4079 827 4134 sit
853 4095 957 4148 verum,
985 4096 1037 4138 nec
1087 4085 1125 4140 ait
1140 4099 1147 4139 :
1162 4085 1296 4156 Tempore
1318 4092 1409 4141 autem
1423 4085 1519 4157 gratim
1541 4093 1686 4158 postquam
1709 4085 1831 4140 exhibita
1847 4095 1889 4142 est

234 4169 391 4226 etiamesse
406 4183 521 4236 rerum;
537 4167 710 4224 sedludaeus
724 4167 1036 4238 jactetsehaberasen-
1086 4173 1186 4230 raritas
1208 4189 1264 4230 non
1285 4173 1367 4230 modo
1390 4189 1445 4230 non
1469 4174 1590 4245 prodest,
1616 4174 1666 4230 sed
1689 4173 1770 4230 etiam
1797 4173 1885 4232 obest.

233 4273 295 4312 sum
308 4256 388 4330 legis,
404 4263 431 4312 et
455 4255 524 4313 scire
544 4270 640 4312 aarum
663 4271 725 4312 esse
747 4255 837 4329 ipsum
860 4273 971 4313 sensum
992 4257 1035 4313 le·
1085 4262 1163 4318 Unde
1177 4262 1207 4317 in
1220 4263 1397 4336 sequentihus
1411 4262 1477 4320 dicit
1493 4279 1501 4318 ι
1516 4263 1547 4322 st
1560 4264 1811 4332 circumcidimini,
1828 4273 1883 4320 etc.

232 4345 285 4418 gis,
307 4344 344 4400 ita
363 4351 392 4400 nt
414 4343 475 4400 aliis
498 4343 569 4401 scire
593 4344 749 4400 volantibus
772 4344 806 4400 sit
826 4345 976 4417 exemplar.
1001 4347 1036 4402 lit
1085 4351 1114 4408 st
1129 4355 1228 4409 cctcm
1240 4353 1443 4426 proeccrtcctcr
1458 4353 1527 4424 tcpts
1541 4369 1589 4420 cc3
1605 4351 1684 4425 quasi
1696 4351 1770 4408 dicet
1786 4367 1794 4407 :
1810 4353 1887 4409 Tunc

231 4451 292 4491 cum
307 4433 366 4490 haec
389 4434 480 4489 omnia
498 4433 756 4502 habeas,oludaee,
780 4435 828 4507 qui
850 4450 915 4508 erqo
939 4425 1067 4494 ciiumli
1081 4441 1195 4512 prodest
1222 4439 1394 4499 circumcisio
1417 4441 1441 4496 si
1466 4441 1559 4516 legem
1580 4441 1731 4510 ohserrea;
1746 4441 1770 4496 si
1794 4449 1884 4498 autam

231 4525 322 4590 doces,
338 4538 390 4580 cur
405 4526 431 4579 tc
444 4524 539 4594 ipsam
554 4537 612 4578 nau
627 4522 706 4580 doces
721 4525 734 4579 t
748 4521 798 4578 Vel
820 4522 843 4577 si
862 4523 989 4594 superius
1003 4523 1030 4579 in
1080 4529 1273 4603 prevaricator
1300 4530 1372 4605 legis
1395 4532 1445 4598 sic,
1462 4528 1490 4586 id
1513 4539 1556 4587 est
1570 4531 1594 4586 si
1608 4546 1665 4587 non
1687 4529 1788 4602 imples
1810 4531 1885 4604 quod

229 4611 319 4668 littera
333 4617 384 4667 est·
400 4610 439 4680 Si,
455 4610 533 4684 leges
547 4610 602 4679 itit
619 4609 768 4683 quasihaet
783 4610 870 4667 etilla
886 4612 979 4667 habet·
996 4613 1030 4668 El
1080 4618 1251 4677 circumcisio
1265 4618 1366 4694 =exigit,
1389 4619 1494 4676 scilicet
1507 4627 1536 4676 ιιι
1559 4619 1656 4677 credas
1681 4618 1710 4675 in
1732 4619 1882 4690 Christtun,

230 4701 302 4756 siita
316 4707 367 4768 est,
384 4699 430 4772 qui
445 4715 511 4772 ergo
535 4698 618 4754 alium
642 4698 741 4770 doces,
756 4716 813 4769 cur,
829 4699 959 4772 teipsum
973 4715 1030 4756 non
1080 4708 1258 4766 circumcisio
1274 4712 1335 4776 tac,
1351 4709 1478 4780 mmalis,
1500 4711 1581 4782 sucta
1594 4713 1638 4766 ert
1650 4711 1839 4784 preputium,
1855 4709 1883 4764 id

227 4789 334 4847 doces?
349 4797 375 4846 et
389 4789 437 4863 qtti
443 4789 583 4862 praedicas
596 4804 655 4845 ttott
666 4789 834 4860 furandum,
845 4789 916 4845 sicut
930 4787 973 4846 lex
988 4789 1029 4846 di·
1079 4805 1121 4852 cst
1135 4812 1189 4853 non
1204 4796 1266 4869 plus
1277 4797 1349 4854 valet
1362 4813 1444 4870 quam
1464 4797 1637 4870 praeputium.
1661 4797 1768 4854 Deinde
1780 4813 1797 4852 a
1812 4813 1883 4856 con-

225 4879 271 4948 cit,
287 4893 338 4936 cur
350 4879 482 4950 suroris?
497 4875 600 4933 scilicet
615 4893 726 4934 sensnm
741 4877 776 4935 de
791 4877 899 4934 Christo
913 4877 942 4934 in
953 4878 1027 4952 lege.
1078 4884 1168 4940 trariis
1183 4884 1315 4954 inlcrena,
1330 4885 1422 4942 subdit
1434 4887 1480 4943 :Si
1493 4886 1592 4958 iqitur,
1609 4894 1662 4943 etc.
1674 4904 1682 4953 ς
1692 4885 1772 4958 qnasi
1785 4885 1881 4944 dicat:

224 4969 260 5025 Et
270 4970 318 5043 qui
328 4967 398 5024 dicis
408 4982 466 5023 non
477 4981 535 5022 esse
545 4965 754 5036 maechandum,
765 4966 974 5024 usoechcrictid
985 4975 1027 5024 est
1078 4973 1113 5030 Et
1137 4973 1200 5046 quia
1229 4973 1400 5032 circumcisio
1427 4982 1515 5044 tna,o
1535 4975 1639 5042 tudree,
1665 4972 1695 5030 tit
1717 4974 1881 5046 praeputium

224 5057 367 5116 terimam
391 5053 490 5110 Christi
504 5055 539 5111 de
561 5055 624 5129 lege
644 5055 727 5123 tollis,
743 5063 771 5112 et
793 5056 966 5114 mendacium
977 5073 1027 5129 po·
1079 5061 1103 5118 si
1116 5062 1205 5136 legem
1221 5063 1352 5135 praeteria,
1368 5065 1459 5135 iqitar
1472 5066 1499 5120 si
1510 5066 1695 5139 preputium,
1710 5062 1739 5118 id
1753 5071 1797 5118 cst
1810 5079 1880 5135 gen-

224 5146 278 5203 nis.
293 5148 327 5203 Ει
343 5160 393 5202 cur
404 5145 458 5202 hoc
475 5143 566 5202 tacis?
582 5146 616 5201 Et
630 5146 679 5219 qui
691 5147 866 5203 abominaris
880 5145 966 5213 idola,
981 5163 1027 5204 ca·
1077 5149 1132 5207 tilis
1159 5151 1274 5224 quilibet
1294 5151 1429 5209 custodiat
1448 5152 1568 5224 justitias
1590 5151 1670 5226 legis.
1693 5151 1879 5226 teutmarus}

222 5236 372 5308 mileciam
384 5232 633 5308 sacistchristum
645 5235 771 5306 negando
795 5235 839 5292 rel
854 5235 956 5292 emtum
973 5233 1025 5292 Dei
1075 5239 1161 5296 idest
1177 5241 1305 5298 mandata
1328 5257 1378 5314 per
1398 5257 1458 5314 quaa
1478 5240 1640 5312 justificatur
1661 5241 1754 5308 bomo,
1778 5239 1826 5296 rel
1849 5239 1880 5296 a·

223 5323 314 5380 dando
335 5323 416 5380 idolis
433 5339 439 5379 :
456 5321 529 5397 quod
553 5339 625 5395 saepe
655 5321 780 5381 iecerunt
801 5323 896 5380 ludaei.
919 5323 954 5379 Et
977 5339 1027 5380 cur
1077 5329 1139 5386 dem
1154 5328 1257 5386 Christi
1276 5345 1358 5404 quern
1379 5331 1423 5387 lex
1442 5329 1709 5402 ediustificsts'oncm
1731 5337 1879 5386 tenturam

221 5410 275 5468 hoc
288 5410 380 5469 facist
393 5413 427 5468 Et
441 5419 471 5468 tn
487 5413 536 5487 qai
549 5413 582 5469 iu
596 5413 655 5486 leqc
669 5413 813 5484 clarioris,
826 5429 879 5486 per
891 5413 1026 5486 praevari-
1076 5417 1183 5488 cccinit,
1200 5433 1282 5493 qnam
1302 5419 1362 5492 ipsa
1374 5419 1440 5478 darc
1453 5435 1509 5478 non
1523 5419 1620 5492 potuit.
1643 5419 1741 5476 Nonne
1763 5435 1879 5493 ριιιριι-

219 5500 362 5558 cottonem
377 5501 454 5574 lepis,
470 5500 555 5558 idest
577 5501 641 5573 quia
655 5517 767 5558 sensum
780 5499 851 5575 legis
864 5501 912 5575 qai
926 5509 968 5559 est
991 5501 1026 5558 dc
1075 5506 1142 5565 tium
1155 5508 1237 5568 itlius
1251 5509 1432 5583 reputabitur
1444 5511 1476 5567 iu
1490 5511 1737 5571 mecumcititntm
1749 5512 1761 5566 t
1771 5517 1800 5566 ιιι
1808 5509 1845 5566 sit
1853 5507 1881 5563 li·
