3940 6066
212 75 300 178 'aare
707 85 713 104 ’
934 113 1038 172 rursu
1055 111 1235 173 ιοιιιιιιιιι
1818 119 1892 174 aare

230 237 385 308 generalem
407 235 649 293 resurrectionem.
670 241 711 295 Ac
734 239 758 294 si
784 238 898 306 diceret,
914 238 1068 298 maniis-A
1082 237 1213 308 Quamvis
1226 238 1300 296 enim
1313 236 1445 297 Romanis
1459 237 1573 306 scribat,
1594 237 1648 296 iUis
1662 245 1754 297 temen
1768 257 1799 298 se
1811 241 1887 298 sori·

222 333 314 380 status
328 323 380 380 Dei
393 323 478 381 Filius
502 342 535 382 ex
555 327 758 385 resurrectione
779 337 948 385 mortuorum
961 329 1027 384 lesu
1077 329 1144 384 bere
1177 327 1322 402 significat,
1345 327 1433 402 quiin
1447 327 1581 385 charitate
1595 328 1645 384 Dei
1661 336 1733 386 sunt.
1749 329 1804 399 Qui
1819 337 1888 384 sunt

226 412 326 468 Christi
340 413 449 470 Domini
469 414 564 480 nostri,
589 414 617 470 id
638 423 679 472 est
703 416 767 488 quia
790 416 939 473 resurrexit
955 434 963 484 ς
978 433 1028 487 ρει
1077 417 1114 486 hi,
1131 417 1184 472 nisi
1199 417 1245 489 qui
1258 417 1294 474 de
1308 416 1377 474 Filio
1391 416 1443 474 Dei
1456 425 1531 474 recte
1545 417 1682 473 sentiunt?
1696 417 1799 473 bisunt
1815 434 1888 473 san-

227 501 302 572 quod
315 501 458 557 etiamnos
472 501 500 557 in
515 502 605 558 anima
621 511 647 558 et
660 520 777 576 corpore
793 521 937 578 resurgere
951 503 1025 561 lecit.
1078 505 1114 562 oti
1143 514 1169 562 et
1197 505 1286 562 vocati
1323 505 1459 562 dicuntur.
1485 505 1675 580 [Augustinus]
1701 506 1735 560 lit
1768 506 1888 562 adverte

228 589 306 646 Unde
321 589 427 646 ridetur
435 598 553 646 mortem
567 591 734 649 destruxisse
749 601 779 649 ut
793 609 845 650 nos
858 593 1026 649 redimeret:
1078 593 1142 666 quia
1157 595 1239 650 etiam
1264 593 1310 654 bic
1333 593 1495 668 significavit
1514 595 1661 666 Apostolus
1683 594 1887 668 benignitatem

229 693 315 749 quare
347 686 374 734 et
404 679 549 735 Dominum
576 687 698 736 nostrum
725 690 812 746 vocat,
842 681 936 738 diceus
963 681 1027 736 lesu
1076 683 1127 738 Dei
1140 684 1231 755 potius
1246 698 1327 756 quam
1342 682 1468 738 meritum
1482 682 1600 739 illorum.
1617 683 1678 739 Non
1693 684 1767 739 euim
1781 683 1822 739 ait
1837 683 1887 740 di-

228 766 330 822 Cbristi
344 766 453 822 Domini
465 767 562 823 nostri.
577 769 609 823 ln
621 770 673 826 boc
687 785 753 826 vere
767 777 880 842 apparet
894 769 1027 826 Dominus
1075 771 1224 844 ligentibus
1238 773 1337 838 Deum,
1352 771 1400 826 sed
1415 770 1522 828 dilectis
1536 771 1597 828 Dei.
1610 771 1687 828 Prior
1701 771 1775 828 enim
1785 773 1888 828 dilexit

228 854 302 926 quod
316 862 439 912 manuus
463 865 579 913 mortem
601 857 674 913 vioit.
692 859 757 915 llaeo
780 858 853 916 enirn
865 859 954 929 major
968 857 1025 914 vir·
1075 875 1126 916 nos
1140 869 1202 915 ante
1216 859 1309 916 omnia
1322 860 1429 926 merita,
1446 867 1474 914 ut
1496 875 1547 916 nos
1562 875 1625 915 eum
1639 859 1729 916 dilecti
1743 859 1881 934 diligere·

227 949 271 999 tus
284 951 311 999 et
331 944 444 1000 victoria
462 945 570 1002 videtur
583 945 612 1000 in
624 946 734 1004 Christo
750 947 823 1018 quod
838 963 872 1004 ea
886 953 1022 1019 potestate
1075 965 1150 1004 mus.
1173 949 1251 1004 Unde
1265 948 1347 1005 etiam
1362 947 1475 1017 eddidit,
1492 947 1596 1004 vocatis
1611 947 1724 1015 sanctis,
1740 957 1770 1004 nt
1793 965 1881 1004 nemo

228 1039 356 1104 operatur
369 1040 490 1089 mortuus
505 1048 560 1105 qua
574 1042 703 1105 operatus
717 1033 807 1091 luerat
821 1033 909 1090 vivus.
1077 1035 1130 1091 sibi
1142 1036 1243 1093 tribuet
1256 1037 1331 1108 quod
1344 1043 1457 1093 vocatus
1468 1043 1520 1091 est.
1535 1033 1716 1109 [Ambrosius]
1725 1037 1788 1092 Non
1804 1037 1881 1092 enirn

265 1121 411 1193 Perpetem
421 1123 590 1195 accepimns.
607 1123 657 1180 Hic
667 1123 841 1180 commendat
855 1139 917 1179 eum
928 1137 945 1178 a
955 1122 1026 1178 libe·
1075 1124 1114 1181 itc
1127 1124 1335 1198 intelligendam
1350 1133 1392 1181 est
1407 1125 1481 1198 quod
1494 1123 1542 1190 ait,
1557 1123 1660 1181 vocatis
1682 1125 1794 1190 sanctis,
1813 1133 1879 1180 tan-

226 1208 344 1264 ralitate.
358 1209 712 1280 (38)llicenimostenditur
721 1211 786 1284 quid
795 1211 1026 1268 auctoreicontu·
1076 1229 1157 1285 quarn
1172 1213 1234 1270 ideo
1248 1213 1338 1270 vocati
1353 1213 1407 1268 sint
1420 1213 1494 1286 quod
1508 1212 1596 1268 sancti
1610 1221 1695 1282 erant,
1708 1213 1756 1268 sed
1768 1213 1834 1268 ideo
1840 1214 1880 1270 el-

224 1296 256 1351 lit
271 1316 279 1364 ;
295 1297 374 1370 quasi
387 1297 470 1365 dieat,
493 1298 553 1354 talis
579 1308 619 1355 est
640 1299 765 1356 Christus
778 1317 828 1372 per
846 1316 928 1372 quem
943 1300 1026 1356 talem
1075 1301 1139 1358 lecti
1154 1302 1240 1360 sancti
1255 1302 1319 1374 quia
1339 1302 1427 1359 vocati
1454 1309 1517 1356 sunt
1532 1316 1539 1356 ε
1556 1300 1672 1374 [llaimo,
1696 1301 1878 1375 Augustinus]

224 1399 275 1441 nos
287 1385 402 1457 apostoli
424 1401 486 1442 oum
511 1387 572 1442 aliis
597 1386 724 1444 fidelibus
746 1389 912 1460 accepimus,
938 1388 1025 1445 idest
1074 1391 1109 1446 Et
1124 1391 1186 1447 ideo
1201 1391 1300 1460 vocati,
1316 1390 1380 1462 quia
1393 1390 1494 1458 dilecti,
1511 1397 1540 1444 ut
1554 1389 1589 1444 sit
1603 1405 1710 1454 sensus,
1726 1390 1824 1446 scribit
1835 1391 1880 1445 di-

225 1474 272 1547 qui
286 1474 348 1529 talis
361 1473 437 1531 dedit
445 1476 574 1548 gratiam,
587 1477 690 1534 scilieet
697 1477 888 1534 remissionem
894 1486 1024 1548 peccato-
1074 1479 1154 1536 lectis
1166 1479 1218 1535 Dei
1232 1479 1336 1536 vocatis
1351 1479 1462 1546 sanctis,
1485 1478 1513 1534 id
1537 1485 1579 1534 est
1599 1477 1654 1533 illis
1666 1493 1745 1549 ¹quos
1768 1479 1877 1548 dilexit,

225 1578 285 1618 rum
300 1570 327 1618 et
349 1563 507 1634 patientiam
529 1564 651 1621 omnium
672 1565 808 1636 laborum,
843 1564 1025 1639 [Ambrosius]
1040 1576 1105 1654 But
1128 1569 1163 1624 ad
1176 1568 1346 1625 sanctitatem
1360 1575 1481 1634 vocaret,
1497 1582 1552 1640 qus
1567 1566 1654 1623 εειιειι
1668 1575 1760 1623 essent
1773 1568 1878 1624 saucti-

225 1667 276 1723 per
290 1667 372 1724 ᾳιιειιι
385 1653 621 1732 remunerabimur
636 1653 663 1708 in
679 1653 873 1724 lutur0,etalia
883 1655 1025 1727 donequae
1076 1655 1148 1714 hosti
1160 1673 1211 1729 per
1224 1657 1398 1729 baptismum.
1412 1657 1505 1713 Restat
1518 1663 1609 1710 sutem
1625 1662 1654 1710 ut
1668 1656 1818 1726 Apostolus
1833 1657 1878 1711 di-

225 1739 315 1796 omnia
330 1740 409 1796 nobis
423 1741 486 1797 data
509 1749 572 1796 sunt
586 1741 673 1816 gratis
700 1750 726 1799 et
741 1742 889 1815 accipimus
911 1758 962 1798 nos
977 1759 1025 1800 so·
1075 1746 1242 1804 catsalutenr
1257 1753 1284 1802 et
1303 1745 1471 1817 compleatur
1484 1743 1613 1802 usitatum
1626 1743 1757 1815 Epistola
1772 1743 1878 1816 punci-

225 1827 245 1884 li
257 1828 375 1900 apostoli
389 1829 579 1900 apostolatum,
602 1828 791 1904 [Augustinus]
816 1831 844 1886 id
867 1839 908 1886 est
931 1839 1024 1888 aueto-
1074 1833 1149 1906 pium
1165 1852 1172 1892 z
1189 1835 1252 1891 ideo
1265 1834 1379 1890 subdit:

224 1917 330 1974 ritatem
346 1924 373 1973 et
388 1917 552 1990 legationem
576 1919 753 1990 praedicandi.
770 1918 889 1993 [llaimo]
912 1919 1025 1992 Accepit
1051 1949 1052 1952 ι
1111 1923 1208 1980 Gratia
1224 1923 1308 1991 vebis,
1318 1930 1382 1993 etc,
1391 1939 1442 1994 pro
1453 1939 1486 1980 eo
1499 1923 1722 1996 quodaliisolent
1733 1922 1878 1980 dicerese-

225 2006 299 2062 enim
313 2005 453 2077 spostolus
465 2007 583 2079 gratiam
597 2022 647 2079 per
661 2008 798 2064 Christum
813 2023 874 2064 oum
899 2008 1024 2064 omnibus
1073 2011 1168 2080 lutera,
1184 2011 1232 2079 ait,
1247 2011 1333 2084 gratia
1347 2010 1435 2079 vobis,
1450 2020 1502 2069 etc.
1520 2010 1605 2080 Quasi
1618 2011 1691 2069 dieat
1706 2027 1712 2066 :
1725 2012 1876 2083 Apustolus

224 2093 352 2151 fidelibus
364 2113 372 2162 ;
384 2094 565 2164 apostolatum
579 2111 656 2165 vero,
673 2112 729 2152 non
743 2111 807 2153 curn
821 2096 957 2165 omnibus,
974 2095 1024 2152 sed
1075 2099 1168 2157 scribit
1183 2100 1323 2170 Romanis,
1340 2107 1367 2156 et
1380 2099 1409 2154 in
1429 2099 1574 2156 scribendo
1589 2100 1695 2168 salutat,
1719 2101 1760 2158 sic
1775 2107 1876 2172 optan-

225 2198 288 2240 cum
302 2181 433 2254 apostolis
448 2189 552 2238 tantum
568 2201 576 2241 :
592 2181 751 2258 [Origenes]
773 2193 801 2240 et
824 2184 886 2240 ideo
901 2200 1024 2258 congrue
1074 2189 1110 2245 do
1124 2189 1229 2256 dicens,
1246 2188 1335 2263 gratia
1349 2188 1384 2243 sit
1398 2188 1486 2256 robis,
1498 2187 1526 2244 id
1540 2197 1583 2245 est
1606 2188 1730 2245 remissio
1745 2196 1876 2260 peccatto-

224 2287 279 2328 non
307 2272 496 2328 tantummodo
519 2273 699 2343 apostolatum
727 2273 791 2330 dicit
820 2289 849 2328 se
871 2273 1022 2344 accepisse,
1073 2294 1146 2332 rum.
1165 2278 1206 2332 lla
1219 2277 1292 2334 enirn
1307 2285 1348 2332 est
1365 2277 1455 2348 gratia
1473 2293 1526 2351 qua
1536 2276 1699 2347 justificatur
1720 2278 1834 2348 impius,
1849 2283 1876 2332 et

224 2361 282 2432 (39)
292 2377 326 2416 ne
340 2360 464 2434 ingratus
483 2359 611 2416 existeret
634 2361 741 2436 gratiae,
767 2377 822 2435 qua
849 2361 888 2416 illi
912 2367 1025 2433 peccata
1073 2364 1197 2436 htjustus
1212 2365 1257 2440 qui
1271 2365 1347 2437 prius
1361 2363 1449 2422 iuerat
1462 2365 1572 2438 impius,
1588 2373 1616 2422 ει
1638 2366 1700 2422 ideo
1714 2365 1874 2438 percipien-

225 2448 340 2505 dimisss
353 2458 424 2516 sunt,
440 2458 470 2505 ut
496 2465 577 2506 nemo
605 2450 705 2507 audeat
727 2450 818 2507 dicere
841 2450 902 2508 vita
924 2451 1024 2522 prioris
1073 2455 1116 2510 dae
1129 2455 1210 2524 hujus
1226 2455 1323 2528 gratiae
1338 2454 1432 2510 merita
1450 2455 1523 2510 nulla
1546 2454 1713 2526 precedunt,
1730 2455 1795 2526 quia
1817 2471 1874 2510 rne-

222 2538 326 2593 meritls
341 2553 371 2592 se
386 2539 422 2593 ad
437 2538 616 2611 Evangeliam
631 2555 693 2594 esse
708 2539 879 2610 perductum,
895 2554 958 2595 cum
972 2554 1024 2596 nec
1072 2543 1132 2598 ritis
1146 2542 1222 2614 impii
1238 2559 1292 2600 non
1307 2543 1394 2616 gratia
1417 2543 1466 2600 sed
1490 2559 1573 2616 poena
1595 2542 1720 2609 debetur,
1746 2558 1799 2598 nec
1822 2543 1874 2598 ista

222 2625 276 2697 ipsi
290 2625 412 2696 Apostoli
428 2626 473 2697 qui
494 2626 600 2682 caeteris
622 2627 823 2697 supereminent
841 2627 1024 2698 apostolatum
1073 2640 1146 2688 esset
1161 2631 1261 2704 gratia,
1277 2631 1301 2687 si
1315 2646 1370 2687 non
1384 2632 1496 2688 daretur
1510 2631 1636 2704 gratuita,
1652 2631 1873 2687 seddebitared-

221 2713 348 2785 accipere
361 2714 523 2784 potuissent,
541 2713 592 2769 nisi
607 2715 682 2786 prius
696 2731 758 2770 oum
772 2715 879 2772 caeteris
894 2716 1021 2790 gratiam,
1072 2721 1195 2777 deretur.
1223 2719 1403 2793 [Ambrosius]
1430 2720 1511 2776 Addit
1528 2735 1535 2774 :
1551 2721 1673 2792 Elpco,
1702 2719 1809 2776 scilicet
1838 2721 1873 2774 sit

224 2817 286 2874 quae
299 2811 459 2874 peccatores
473 2809 550 2857 sanat
564 2810 591 2858 et
602 2801 739 2873 justificat,
751 2805 931 2877 accepissent.
947 2804 1024 2878 [Am
1071 2809 1159 2880 vobis,
1190 2809 1220 2864 id
1233 2817 1275 2864 εει
1300 2807 1484 2865 reconciliatio
1506 2808 1541 2863 ad
1550 2809 1636 2864 Deum
1651 2815 1678 2864 et
1689 2808 1872 2880 tranquillitas

221 2889 338 2962 brosius]
353 2890 473 2964 Ideoque
488 2899 640 2963 opportune
655 2898 750 2948 tenens
773 2893 897 2950 ordinem
920 2908 1021 2960 caussa,
1070 2897 1181 2954 mentis.
1199 2898 1256 2969 (to)
1272 2896 1347 2954 Siout
1361 2896 1433 2953 enirn
1458 2896 1544 2968 gratia
1557 2896 1607 2953 Dei
1627 2905 1678 2964 est,
1694 2912 1749 2968 qua
1763 2897 1873 2952 donan-

222 2980 268 3046 ait,
285 2980 440 3051 accepimus
454 2982 579 3052 gratiam
590 2984 619 3036 ει
632 2983 835 3054 apostolatum,
846 2983 874 3038 id
889 2990 931 3038 εει
938 2990 1014 3054 pote-
1070 2996 1114 3043 tur
1128 2986 1208 3042 nobis
1222 2993 1343 3057 peccata,
1359 2985 1395 3040 ita
1407 3001 1461 3057 pax
1471 2993 1512 3041 est
1526 3001 1580 3059 qua
1590 3001 1623 3041 ex
1636 2985 1755 3042 inimicis
1771 3001 1873 3042 recon-

220 3075 317 3126 statem
332 3069 511 3140 apostolatus.
524 3069 600 3126 ubit
614 3070 647 3126 ln
658 3071 785 3127 omnibus
794 3073 931 3144 pectitur.
944 3072 1019 3144 Ergo
1070 3076 1195 3133 ciliamur
1209 3075 1284 3143 De03
1301 3082 1392 3130 temen
1406 3074 1524 3131 sciamus
1539 3073 1619 3130 etiarn
1634 3083 1778 3147 utrumque
1794 3075 1872 3131 scili·

220 3157 543 3230 inludaeis,quialudaeis
554 3158 754 3215 cohabitatione
764 3167 836 3228 sunt,
846 3159 1018 3234 ingentibus.
1071 3172 1113 3221 cet
1127 3164 1377 3236 gratiametpaoern
1386 3164 1422 3219 ad
1436 3163 1591 3238 generalem
1606 3163 1655 3219 Dei
1670 3163 1788 3236 gratiam
1802 3180 1872 3234 per-

220 3246 271 3301 Vel
286 3246 442 3318 accepimus
456 3246 646 3317 apostolatum,
662 3264 718 3303 nou
732 3247 820 3304 solum
831 3248 860 3302 in
869 3265 923 3304 una
937 3255 1020 3322 gente
1069 3253 1167 3320 tinere,
1193 3253 1244 3309 etsi
1252 3252 1288 3307 ita
1298 3251 1426 3308 distincta
1440 3251 1506 3306 sint.
1525 3252 1569 3319 Et,
1586 3258 1614 3307 ut
1624 3251 1873 3308 ostendetunirer·

220 3333 385 3403 Jadaeorum,
401 3334 451 3389 sed
466 3333 548 3389 etiam
559 3334 587 3388 in
597 3335 724 3390 omuibus
734 3335 870 3408 gentibus.
885 3336 927 3392 Ad
938 3337 1020 3408 quid?
1070 3357 1131 3396 sam
1146 3341 1248 3397 bouum
1262 3357 1324 3397 esse
1334 3356 1352 3396 a
1364 3342 1432 3406 Deo,
1449 3340 1556 3397 subdit:
1573 3340 1667 3410 ADco,
1684 3339 1764 3411 quasi
1778 3340 1868 3396 dicat:

219 3421 453 3477 Adobcdr'endnm
468 3421 544 3490 fidei,
553 3422 628 3478 idest
636 3430 665 3477 ut
674 3421 769 3480 ιιειειιι
780 3439 833 3496 ego
841 3439 904 3480 eum
911 3433 1019 3496 aposto·
1070 3430 1135 3486 llaec
1150 3429 1254 3486 seilicet
1268 3428 1355 3502 gratia
1371 3435 1399 3486 et
1421 3444 1476 3500 pax
1494 3429 1549 3484 sint
1571 3427 1650 3484 vobis
1673 3428 1764 3484 aDeo
1790 3429 1871 3484 Patre

220 3503 255 3563 lis
264 3507 325 3562 aliis
339 3523 386 3564 eos
401 3508 514 3565 obedire
522 3507 586 3564 lrdei
596 3509 706 3577 Christi,
715 3511 871 3582 accepimus
881 3513 1020 3583 apostola·
1069 3525 1174 3587 nostro,
1190 3516 1273 3573 idest
1288 3518 1323 3574 ab
1338 3533 1371 3574 eo
1386 3517 1433 3590 qui
1456 3525 1546 3589 potest
1560 3517 1634 3585 dare,
1649 3516 1714 3590 quic
1728 3517 1804 3572 Deus
1814 3524 1867 3588 est,

220 3604 278 3652 tum
294 3613 300 3653 :
318 3604 345 3652 et
359 3596 411 3653 boe
423 3613 475 3670 pro
490 3599 606 3654 nominc
617 3599 687 3669 ejus,
704 3599 806 3656 scilicet
819 3593 930 3666 Christi,
942 3601 1020 3657 idest
1069 3614 1095 3663 st
1110 3606 1176 3674 vult,
1195 3605 1259 3678 quia
1286 3607 1375 3663 Pater.
1391 3604 1572 3679 [Ambrosius]
1587 3607 1621 3661 lit
1635 3614 1664 3660 ut
1685 3605 1745 3660 sine
1759 3605 1871 3662 Christo

220 3685 359 3756 visseins,
376 3685 440 3758 quia
453 3686 513 3756 eius
528 3685 620 3743 vicarii
633 3703 739 3743 sumus.
764 3688 813 3744 Vel
836 3705 886 3760 pro
909 3690 1020 3746 nomine
1069 3694 1173 3750 nullam
1188 3710 1251 3752 esse
1263 3694 1641 3766 paeemetgratiamdoceret,
1651 3693 1761 3762 adjecit,
1774 3695 1870 3750 ctDc·

220 3775 278 3844 eius
293 3775 441 3842 dilatando,
458 3774 486 3830 id
501 3783 542 3831 est
556 3775 672 3847 proejus
682 3776 770 3850 gloria
781 3793 835 3834 non
850 3787 952 3845 nostra,
969 3778 1021 3835 sic·
1069 3785 1147 3840 mino
1161 3786 1226 3840 lesu
1242 3783 1362 3852 Christo,
1379 3781 1438 3838 sine
1454 3798 1508 3854 quo
1521 3781 1596 3838 nulla
1610 3782 1680 3838 bona
1702 3791 1765 3836 sunt
1776 3782 1868 3839 uobis.

221 3872 251 3920 ut
265 3879 315 3920 vos
341 3864 457 3921 llomani
471 3863 571 3921 facitis.
589 3864 693 3921 Deinde
707 3874 735 3921 ut
750 3863 911 3922 familiarius
925 3867 1020 3924 admo-
1068 3873 1126 3946 (ιι)
1142 3871 1223 3941 Quod
1245 3879 1335 3927 autern
1363 3886 1418 3927 non
1438 3871 1560 3943 adjungit
1580 3870 1708 3942 Spiritum
1731 3878 1869 3940 sanctum,

221 3961 296 4020 neat,
313 3952 448 4010 convertit
462 3969 492 4009 se
507 3952 542 4008 sd
558 3955 606 4008 eds
621 3952 716 4010 dicens
733 3955 788 4013 :ln
810 3957 920 4028 quibus,
935 3955 963 4011 id
978 3963 1019 4012 est
1047 3959 1123 4018 'nou
1137 3960 1204 4016 mihi
1217 3960 1271 4016 alia
1284 3959 1354 4016 ratio
1382 3959 1499 4026 videtur,
1515 3959 1567 4014 nisi
1582 3959 1645 4032 quia
1659 3958 1749 4030 ipsum
1763 3959 1869 4015 donum

222 4041 294 4097 inter
308 4057 376 4114 quas
390 4049 497 4112 gentes,
523 4039 641 4114 [Haimo]
667 4051 692 4098 et
718 4059 767 4099 vos
781 4043 905 4114 Romani,
927 4044 956 4100 id
978 4053 1020 4102 est
1068 4050 1119 4106 Dei
1133 4049 1263 4120 Spiritum
1279 4055 1403 4105 sanctum
1424 4047 1613 4120 intelligimus.
1633 4046 1727 4103 Gratia
1741 4063 1826 4119 porro
1841 4054 1869 4103 et

214 4128 301 4186 ludaei
310 4138 337 4185 et
346 4129 463 4203 gentiles
486 4131 579 4186 Romae
603 4129 764 4199 habitantes,
776 4132 843 4188 estis
869 4135 1020 4205 nocctiper
1067 4155 1119 4210 per
1134 4137 1199 4210 quid
1226 4137 1299 4192 aliud
1315 4144 1356 4193 est
1379 4151 1462 4209 quam
1484 4135 1587 4191 donum
1607 4135 1680 4191 Deil
1696 4136 1776 4192 Unde
1791 4135 1867 4191 nullo

218 4217 333 4291 gratiam
343 4225 369 4274 et
383 4217 539 4274 interiorem
552 4218 757 4291 inspirationem
771 4223 837 4278 lesa
853 4219 966 4287 Christi,
990 4222 1018 4277 id
1066 4226 1149 4282 modo
1163 4225 1319 4282 homiuibus
1337 4223 1426 4298 gratia
1438 4224 1496 4279 dari
1506 4231 1596 4295 potest
1610 4238 1673 4296 qua,
1689 4223 1840 4280 liberamur
1854 4239 1869 4278 s

219 4313 293 4362 esta
311 4306 377 4363 Jesa
400 4306 515 4364 Christo.
542 4306 685 4364 Genitrvus
711 4325 761 4382 pro
788 4309 915 4376 ablativo,
940 4327 1016 4366 more
1030 4306 1057 4366 Ι)
1066 4314 1195 4388 peccatis,
1212 4320 1239 4370 et
1252 4331 1304 4387 pax
1320 4330 1373 4388 qua
1387 4312 1596 4370 reconciliamur
1610 4313 1678 4382 Deo,
1694 4313 1748 4368 nisi
1760 4312 1790 4366 in
1806 4313 1869 4384 Spi-

218 4395 327 4452 Graeco.
351 4395 539 4469 [Augustinus¹
562 4396 734 4470 Ambrosias]
758 4398 808 4454 Vel
828 4399 916 4456 voesti
940 4398 1014 4469 estis,
1067 4403 1121 4459 rita
1134 4411 1230 4460 sancto
1247 4420 1254 4457 :
1268 4411 1295 4459 et
1304 4401 1366 4458 ideo
1381 4401 1440 4472 ipsa
1454 4400 1573 4458 Trinitas
1586 4401 1743 4473 pariterque
1757 4400 1866 4457 iucom-

217 4491 247 4540 ut
261 4483 320 4539 sitis
333 4485 398 4540 lesu
414 4483 521 4551 Christi,
538 4485 585 4558 qui
601 4484 721 4540 omnium
735 4485 856 4559 gentium
870 4485 944 4542 salus
964 4494 1014 4543 est.
1067 4490 1205 4548 mutabilis
1231 4491 1320 4548 unitas
1342 4490 1370 4546 in
1394 4490 1446 4546 ista
1475 4490 1637 4546 salutatione
1666 4489 1863 4562 cognoscitur.

126 4591 130 4596 ’
216 4571 285 4628 Cum
298 4573 411 4629 audiunt
425 4572 539 4629 Romani
553 4573 626 4629 inter
639 4581 753 4630 caeteros
763 4591 793 4630 se
808 4582 929 4645 vocatos,
946 4577 1016 4633 scire
1067 4579 1185 4654 [Haimo]
1200 4580 1294 4636 Unitas
1308 4586 1440 4650 apparet,
1455 4594 1506 4650 per
1531 4578 1585 4634 boo
1607 4579 1682 4650 quod
1696 4577 1742 4646 ait,
1759 4594 1774 4632 a
1790 4579 1863 4635 Deo.

216 4669 332 4733 possunt
346 4662 420 4734 quod
433 4677 489 4718 non
503 4661 602 4718 debent
619 4661 746 4736 sublege
761 4678 855 4735 agere,
879 4663 942 4736 quia
957 4665 1015 4722 sine
1066 4671 1107 4725 De
1122 4669 1174 4726 hoc
1189 4668 1285 4724 eodem
1298 4667 1336 4723 its
1350 4667 1387 4723 ait
1403 4667 1500 4722 licimo
1516 4681 1522 4721 :
1539 4666 1749 4737 Spiritussanoti
1763 4682 1866 4723 nornen

215 4747 278 4823 lege
293 4759 471 4822 susceperunt
484 4758 593 4807 caeterae
607 4758 704 4824 gentes
719 4749 1015 4818 hdemChristi,emteri
1065 4773 1120 4814 non
1140 4756 1239 4829 posuit,
1265 4755 1392 4829 quoniam
1414 4755 1442 4812 in
1464 4753 1544 4812 donis
1571 4755 1628 4810 suis
1657 4754 1868 4825 comprehendit

213 4839 307 4910 populi
319 4839 409 4896 vocati
424 4847 487 4894 snut
501 4839 561 4895 sine
568 4839 630 4911 lege
640 4839 740 4912 lloysi,
750 4847 777 4895 et
790 4840 818 4895 hi
829 4856 890 4897 eam
903 4857 1015 4898 servare
1067 4863 1139 4913 eum,
1155 4846 1182 4902 id
1197 4845 1274 4902 estin
1288 4844 1376 4918 gratia
1385 4853 1412 4900 et
1426 4859 1504 4916 pace,
1520 4843 1582 4916 quia
1596 4842 1669 4900 enim
1678 4859 1729 4915 per
1741 4859 1807 4901 eum
1824 4844 1866 4899 di-

216 4927 325 4984 debent.
341 4927 476 4985 θιιυιιιιιε
487 4929 536 5001 qui
548 4933 617 4985 tunt
628 4931 720 4986 Romu
730 4929 843 4986 dilectis
852 4930 1014 4988 Dcivocctis
1064 4935 1165 4991 vinitas
1178 4937 1345 4990 honorantur
1363 4932 1452 5001 electi,
1468 4932 1530 4990 ideo
1543 4931 1571 4988 iu
1592 4930 1672 4990 donis
1695 4932 1753 4988 suis
1780 4933 1866 4990 intel-

213 5019 331 5074 sonctis.
370 5018 515 5090 Hucusque
547 5016 649 5089 pendet
687 5017 787 5088 littera,
825 5017 903 5090 quasi
932 5019 1012 5087 dicat,
1065 5024 1170 5098 ligitur.

213 5105 314 5161 Paulus
329 5106 390 5162 talis
405 5114 431 5162 ει
459 5104 520 5162 talis
549 5105 653 5173 scribit,
670 5106 796 5162 omnibus
818 5107 864 5179 qui
879 5115 942 5162 sunt
955 5109 1012 5164 Ro·
1100 5113 1185 5168 Vnus.
1203 5114 1342 5167 8-tu.-‹
1357 5109 1477 5166 Primum
1492 5109 1603 5183 quidem
1617 5109 1722 5184 gratiss
1737 5124 1793 5182 ago
1806 5110 1865 5166 Deo

214 5209 275 5263 mae,
292 5210 348 5252 non
361 5195 432 5264 aliis,
446 5195 496 5252 sed
510 5194 616 5251 dilectis
630 5194 691 5266 Dei,
707 5195 735 5252 id
745 5203 787 5252 est
796 5195 903 5254 dilectis
916 5196 1011 5254 aDeo.
1065 5223 1077 5250 a
1095 5215 1155 5257 meo
1168 5215 1218 5272 per
1230 5200 1325 5256 Jesurn
1334 5199 1472 5258 Christum
1484 5214 1536 5272 pro
1549 5198 1675 5256 omnibus
1689 5197 1769 5256 vobis
1784 5214 1792 5253 ι

261 5371 307 5438 ιι)
321 5375 423 5438 August.
437 5374 464 5427 in
475 5373 549 5440 eplst.
561 5375 593 5428 ad
604 5376 676 5429 Rom.
1111 5373 1156 5444 to)
1175 5379 1281 5443 August.
1294 5379 1320 5430 in
1331 5375 1499 5439 libiltetrset.

261 5437 305 5506 ss)
322 5439 385 5492 uu.
1107 5444 1150 5510 ιι)
1170 5445 1219 5512 ιιι,
1233 5445 1259 5498 ιι
1270 5445 1351 5511 aput.
1364 5446 1395 5498 aa
1408 5447 1480 5498 aaa.
