3878 6322
200 187 266 241 rasa
856 178 959 236 rnrar
987 140 1166 234 toussani
1778 180 1851 234 raas

200 317 272 378 runt,
296 309 345 364 sed
369 307 448 364 nobis
471 306 699 378 spiritibusnon
721 303 885 371 hominibus,
906 303 934 358 id
954 309 996 358 est
1008 305 1103 364 Atum
1118 300 1164 372 εει
1185 299 1303 355 hominis
1327 299 1425 356 dicitur
1437 299 1618 370 ,accepimus;
1634 301 1683 356 sed
1704 301 1780 356 aliud
1803 311 1849 357 εει

198 389 399 469 spiritualibus,
429 412 485 451 non
512 394 681 460 carnalibus,
711 394 783 465 quod
808 392 911 464 pseudo
940 407 995 446 oon
1046 389 1117 461 quod
1132 389 1287 460 accepimus
1307 396 1336 443 ει
1352 404 1495 456 εεεειεεε;
1511 388 1585 444 aliud
1600 389 1672 460 quod
1688 391 1850 461 accepimus

198 492 270 550 suut,
285 485 501 542 r·euclar·itl)eua
516 482 747 556 qutepraeparavit
762 481 937 554 diligentibus
953 496 993 534 se.
1044 485 1073 532 ut
1088 477 1175 533 sancti
1194 493 1325 533 essemus.
1349 476 1465 548 Spiritus
1486 484 1576 531 autem
1597 478 1714 533 hominis
1727 479 1757 532 in
1773 480 1849 536 Scri·
1915 499 1916 542 4

198 572 378 647 Intelligimus
392 572 465 629 enim
478 573 565 627 Deum
587 577 766 642 praeparatum
790 569 869 624 bonis
882 569 910 622 in
923 583 993 639 prae·
1043 565 1129 636 pluris
1144 565 1276 636 accipitur
1299 566 1359 636 ipsa
1373 566 1472 632 anima,
1497 565 1540 622 rel
1564 565 1649 637 ipsius
1673 567 1773 623 uuimae
1791 585 1847 639 po-

198 661 292 717 mium.
317 661 467 729 Revelavit,
489 660 561 724 dico,
583 668 608 714 ει
630 659 683 714 hoo
704 674 755 728 per
780 656 909 728 Spiritum
928 672 994 710 san·
1043 653 1127 709 tentia
1150 654 1298 710 rationalis.
1321 653 1402 709 Dedit
1416 654 1489 709 enim
1510 654 1590 708 nobis
1613 662 1740 710 naturam
1754 664 1783 711 ut
1798 673 1847 711 es-

202 756 286 806 ctum.
301 751 371 805 Nota
385 749 457 820 quod
472 748 500 802 iu
516 747 586 802 lsaia
601 746 637 800 ita
658 746 774 800 liabetur
790 759 796 798 :
815 745 917 800 Oculus
936 760 993 799 aaa
1043 759 1145 810 semus,
1162 743 1281 797 animam
1296 750 1323 798 ut
1339 742 1500 809 viveremus,
1525 751 1644 799 mentem
1657 752 1687 799 ut
1701 744 1846 818 intellige-

198 839 279 904 viati,
292 838 374 904 Dour,
391 838 491 908 ubsque
503 839 539 901 te,
556 851 616 907 puoe
626 833 795 906 preparasti
812 831 993 903 ditipcatibur
1043 847 1145 886 remus.
1164 833 1197 888 Ut
1215 833 1350 886 sciamus.
1377 829 1462 898 Quasi
1486 831 1558 886 dicat
1576 845 1582 885 :
1599 832 1641 887 ad
1656 831 1709 888 hoc
1730 834 1847 903 accepi-

199 930 225 981 te
241 926 305 995 (lsa.
322 928 410 994 cxiv).
427 922 506 990 Quod
520 937 592 992 pena
604 921 677 976 idem
692 927 733 974 est
746 920 773 973 in
789 935 871 974 sensu
881 935 944 975 aum
960 934 993 975 ao
1042 935 1103 974 mus
1115 918 1247 989 spiritum,
1259 924 1291 974 ut
1303 934 1423 988 pereum
1434 920 1558 975 sciamus
1572 935 1633 992 paca
1643 937 1660 976 a
1669 922 1723 976 Deo
1734 922 1847 976 doaoto

200 1013 272 1084 quod
296 1012 442 1082 Apostolus
461 1010 559 1081 posuit,
586 1016 612 1064 et
632 1008 701 1064 sicut
720 1007 758 1061 ibi
780 1007 877 1062 dicitur
891 1007 992 1078 absque
1042 1011 1111 1063 ruat
1125 1007 1212 1064 uobis.
1229 1007 1286 1078 (27)
1299 1006 1365 1061 Inde
1380 1023 1447 1080 ergo
1462 1007 1593 1078 probatur
1613 1009 1686 1078 quod
1708 1009 1846 1080 Spiritum

199 1106 234 1165 tc,
253 1099 290 1155 ita
305 1107 330 1154 et
344 1100 389 1154 hic
403 1099 472 1153 bene
487 1097 562 1151 addit
584 1095 731 1167 Apostolus
752 1095 841 1164 uobis,
858 1096 992 1151 revetavit
1043 1095 1092 1151 Dei
1106 1094 1268 1165 accepimus,
1285 1095 1348 1166 quia
1374 1095 1426 1152 hoc
1441 1095 1542 1150 scimus
1567 1096 1640 1167 quod
1654 1096 1747 1168 utique
1770 1097 1845 1152 scire

115 1236 120 1246 .
197 1188 271 1243 Deus
283 1187 486 1258 perspiritum
500 1201 595 1240 suam.
1042 1182 1160 1252 expedit,
1186 1183 1248 1254 quia
1270 1183 1329 1237 sine
1353 1183 1404 1238 lrac
1428 1182 1541 1239 scientia
1564 1199 1645 1238 nemo
1669 1184 1765 1239 beatus
1790 1193 1845 1240 est.

232 1273 484 1343 Etbeuepereum.
498 1273 622 1344 Spiritus
633 1271 866 1328 eoimscrutatur
883 1270 989 1339 amaia,
1041 1269 1117 1324 Multi
1140 1270 1239 1342 quippe
1262 1271 1362 1326 habent
1384 1271 1457 1327 dona
1471 1271 1530 1337 Dei,
1547 1279 1573 1326 et
1587 1272 1740 1328 nescientes
1756 1289 1774 1328 a
1788 1288 1846 1344 quo

197 1369 224 1418 ει
238 1362 265 1416 id
279 1369 321 1417 est
344 1364 431 1417 ctiam
446 1360 590 1434 profundo
610 1362 671 1429 lici,
688 1368 716 1415 ut
730 1359 765 1414 de
788 1359 905 1414 essentia
929 1357 990 1413 Dei.
1041 1357 1166 1424 habeant,
1190 1359 1274 1430 impia
1288 1359 1403 1415 vanitate
1424 1361 1572 1428 iactantur.
1588 1361 1675 1416 Nemo
1699 1369 1793 1416 autem
1809 1362 1846 1416 de

196 1449 318 1506 Scrutari
333 1458 421 1504 autem
437 1449 534 1504 dicitur
546 1448 662 1519 Spiritus
684 1447 734 1503 Dei
749 1447 849 1514 omnia,
865 1463 920 1502 non
936 1446 991 1502 uti·
1041 1446 1121 1500 donis
1136 1447 1186 1502 Dei
1211 1447 1304 1501 beatus
1319 1455 1370 1512 εει,
1388 1447 1433 1519 εει
1449 1447 1524 1502 danti
1545 1455 1586 1503 est
1599 1447 1733 1521 ingratus.
1762 1449 1845 1504 Unde

194 1555 247 1612 εεε
261 1545 291 1592 ut
305 1537 378 1609 quod
393 1537 479 1593 nescit
493 1537 623 1602 inveniat,
640 1537 688 1591 sed
708 1536 769 1607 εειε
784 1535 850 1590 nihil
865 1534 991 1606 relinquit
1041 1533 1069 1588 in
1081 1534 1241 1608 Evangelio,
1257 1536 1305 1608 qui
1320 1536 1401 1591 trabat
1424 1534 1537 1591 dabitur
1550 1537 1576 1592 ci
1591 1537 1669 1606 (tur.
1685 1537 1758 1606 rur).
1777 1536 1844 1610 [Au-

195 1626 304 1684 omnino
329 1626 403 1698 quod
426 1625 539 1680 nesciat.
564 1623 751 1696 [Augustinus]
766 1624 815 1679 Vel
838 1623 900 1678 ideo
915 1622 988 1692 dicit,
1000 1657 1026 1718 B
1041 1621 1175 1695 gustinus]
1199 1623 1281 1678 Plane
1304 1623 1376 1678 enim
1399 1623 1510 1690 habere,
1534 1633 1574 1680 est
1599 1625 1668 1681 scire
1691 1625 1767 1681 unde
1790 1625 1844 1680 ha-

194 1715 268 1787 quod
282 1713 396 1785 Spiritus
410 1713 461 1769 Dei
475 1720 612 1770 scrutatur
636 1711 736 1778 omnia,
754 1711 818 1783 quia
833 1710 948 1767 scrutari
963 1718 989 1766 ιε
1039 1710 1123 1778 beas;
1139 1727 1194 1766 non
1208 1711 1309 1766 habere
1323 1719 1423 1778 autem,
1440 1711 1547 1768 nescire
1561 1713 1634 1769 unde
1653 1713 1770 1770 habeas.
1787 1713 1843 1783 Qui

194 1803 267 1860 lacit.
293 1801 372 1871 Quod
396 1801 468 1857 enim
492 1802 563 1856 dono
587 1800 672 1871 ipsius
686 1808 714 1855 tu
729 1799 806 1868 lacis,
832 1799 877 1854 ille
899 1801 989 1854 lacere
1039 1815 1106 1870 ergo
1122 1812 1176 1854 uon
1199 1799 1291 1867 habet,
1308 1799 1392 1855 idest
1412 1800 1584 1856 nescitunde
1607 1801 1707 1856 habeat
1721 1802 1750 1856 id
1766 1803 1842 1874 quod

193 1890 302 1958 dicitur,
327 1890 391 1962 quia
405 1890 463 1944 sine
487 1889 534 1944 illo
548 1897 576 1944 tu
590 1903 646 1943 non
668 1887 783 1945 laceres.
811 1887 876 1956 Quis
899 1889 986 1943 euim.
1038 1887 1129 1953 habet,
1146 1886 1283 1943 auferetur
1300 1888 1335 1942 ab
1352 1903 1395 1944 εο.
1414 1882 1485 1956 θεαί
1493 1893 1520 1944 ει
1538 1890 1687 1962 loquimar.
1704 1888 1794 1958 Quasi
1804 1891 1843 1944 di-

195 1979 279 2046 Quasi
302 1978 374 2034 dicat
392 1993 398 2032 :
414 1980 485 2034 Vera
508 1975 625 2047 Spiritus
653 1976 712 2044 Dei,
729 1983 756 2031 et
770 1992 826 2030 non
845 1975 915 2030 alius
939 1977 989 2030 scit
1038 1985 1082 2032 cat
1099 1990 1105 2030 :
1121 1976 1227 2032 Scimus
1247 1991 1339 2047 quaea
1362 1977 1419 2031 Deo
1444 1977 1544 2031 donata
1567 1986 1630 2032 sunt
1652 1977 1743 2034 nobis.
1771 1977 1842 2047 Quae

194 2067 287 2122 omnia
310 2082 370 2139 qua
392 2065 443 2120 Dei
465 2072 536 2120 sunt.
560 2063 639 2134 Quod
663 2079 680 2119 a
702 2063 802 2120 minori
826 2062 986 2119 ostenditur.
1038 2071 1065 2118 ει
1092 2063 1244 2134 loquimur;
1266 2063 1314 2130 illi,
1338 2064 1440 2120 scilicet
1463 2064 1577 2135 pseudo,
1602 2065 1654 2120 alia
1676 2065 1839 2139 loquuntur.

196 2151 988 2225 Quiacmmlromirrumrciteaquoeruathomiuiaalicu-
1037 2150 1239 2226 [Hieronymus]
1259 2153 1405 2226 loquimur
1437 2152 1509 2220 dico,
1533 2171 1590 2210 aaa
1614 2155 1645 2210 iu
1666 2155 1758 2211 verbis
1784 2157 1841 2212 tu-

188 2244 243 2313 jus,
259 2243 286 2298 id
302 2249 344 2298 est
358 2243 510 2299 voluntates
521 2249 548 2297 et
563 2240 746 2306 secretaria
760 2241 887 2312 spiritus,
904 2240 930 2295 id
947 2247 989 2295 est
1037 2257 1130 2297 maaca
1144 2241 1293 2313 sapientiae
1307 2242 1405 2309 doctis,
1418 2241 1523 2297 ratione
1541 2242 1586 2299 vel
1600 2250 1708 2298 ornatu.
1719 2243 1841 2300 llalebat

189 2331 306 2399 annuus,
322 2331 444 2387 bominis
457 2329 553 2401 ipsius,
570 2337 596 2386 ει
609 2344 664 2384 non
684 2328 802 2396 alterius,
820 2329 868 2401 qut
881 2329 913 2383 m
926 2329 986 2401 ipso
1037 2329 1110 2386 enim
1131 2329 1177 2384 illa
1200 2330 1344 2386 ostendere
1373 2329 1431 2385 sola
1461 2330 1579 2402 puritate
1600 2331 1728 2400 veritatis,
1756 2350 1839 2405 quarn

190 2426 235 2478 asi
250 2425 261 2478 t
275 2417 467 2494 [Ambrosius]
1037 2417 1137 2490 eloquii
1151 2417 1279 2473 tinctione
1294 2417 1396 2475 locare.
1420 2419 1472 2475 Sed
1496 2420 1527 2474 ia
1556 2419 1687 2475 doctriua
1711 2420 1838 2493 Spiritus

226 2508 396 2564 Manifestum
411 2514 453 2562 εει
467 2505 540 2562 enim
559 2505 738 2578 cogitationes
761 2514 898 2562 nostrast
911 2505 985 2561 nullo
1036 2505 1133 2577 sanati,
1150 2506 1214 2578 quia
1228 2505 1344 2577 Spiritus
1359 2514 1468 2562 sanctus
1494 2507 1607 2562 interius
1621 2507 1703 2563 docet
1724 2508 1836 2564 audito-

188 2597 261 2665 sciri,
284 2597 337 2652 nisi
358 2596 391 2650 ab
415 2594 505 2650 animo
534 2603 638 2661 nostro,
669 2611 748 2666 quem
771 2594 894 2665 spiritum
922 2593 986 2650 dicit
1035 2611 1097 2660 res;
1113 2594 1258 2667 loquimur,
1274 2594 1346 2662 dico,
1363 2595 1398 2648 ita
1422 2595 1595 2650 moderanter
1615 2595 1709 2652 omnia
1733 2597 1838 2654 scilicet

189 2685 345 2756 Apostolus.
364 2684 407 2738 lta
423 2688 452 2739 et
474 2699 535 2754 qua
550 2684 600 2738 Det
613 2687 691 2749 suut,
716 2682 818 2738 scilicet
839 2682 945 2738 occulta
958 2689 986 2737 et
1035 2687 1243 2754 comparantes,
1253 2682 1281 2738 id
1289 2690 1330 2738 est
1341 2682 1487 2750 tradentes,
1498 2683 1662 2756 spiritualia
1671 2685 1837 2757 spirituali-

188 2780 296 2829 secreta
309 2771 370 2836 Dei,
386 2786 468 2826 acmo
483 2771 620 2841 copaouit,
637 2770 683 2842 εει
696 2770 783 2825 adhue
798 2769 833 2824 sit
851 2771 941 2836 homo,
956 2770 984 2825 id
1034 2771 1094 2838 bus,
1120 2770 1202 2842 quod,
1217 2787 1277 2838 ros,
1302 2771 1443 2839 Corinthii,
1468 2771 1613 2841 nonestis,
1629 2779 1656 2827 ει
1668 2771 1733 2828 ideo
1757 2773 1836 2845 culpa

188 2869 229 2917 est
243 2857 369 2924 carnalis,
385 2857 442 2912 uiri
462 2858 586 2929 Spiritus
600 2857 658 2922 Dei,
675 2857 703 2913 id
718 2865 759 2912 est
783 2857 897 2928 Spiritus
919 2875 984 2914 san·
1037 2866 1134 2928 vestra,
1158 2867 1185 2916 et
1207 2875 1263 2916 non
1285 2868 1388 2928 nostra,
1416 2860 1489 2932 quod
1513 2861 1618 2928 majora
1638 2876 1694 2916 non
1716 2861 1836 2916 diximus

186 2957 255 3017 ctus,
272 2945 351 3002 atilli
366 2960 435 3017 quos
450 2959 618 3017 cognoscere
634 2943 706 3002 lacit.
718 2945 795 3001 Unde
810 2945 899 3001 subdit
912 2961 917 3000 :
929 2948 983 3003 Nos
1034 2947 1121 3004 robis.

190 3037 223 3094 Ἷ
230 3035 268 3092 2
283 3038 389 3090 autem.
415 3032 499 3102 Quasi
514 3032 585 3089 dicat
602 3051 609 3088 :
626 3033 741 3105 Spiritus
755 3033 805 3089 Dei
819 3034 903 3090 norit.
929 3007 1017 3091 llosG
1069 3037 1154 3092 Vana.
1171 3037 1267 3092 ll-lt.
1284 3067 1319 3077 -
1333 3037 1474 3093 Animalia
1488 3042 1584 3094 autem
1600 3037 1680 3094 aomo
1694 3054 1757 3094 aaa
1769 3055 1836 3112 per·

186 3127 285 3180 autom
300 3122 457 3194 accepimus
473 3136 543 3188 cum,
560 3139 618 3176 aaa
632 3121 725 3193 utique
733 3121 889 3192 accepimus
903 3124 984 3195 spiri·
1033 3125 1103 3195 cipit
1118 3141 1150 3180 ea
1166 3142 1227 3197 quor
1244 3130 1314 3182 ruat
1330 3127 1455 3198 Spiritus
1473 3126 1672 3194 Dai,·rtuttitia
1693 3128 1774 3183 caim
1792 3133 1837 3184 ert

187 3216 248 3268 tam
277 3210 361 3282 liujus
387 3210 498 3276 mandi,
528 3208 716 3282 [Augustinus]
737 3210 765 3264 id
795 3218 836 3264 est
859 3210 982 3281 spiritum
1032 3213 1088 3279 ilii,
1112 3217 1141 3268 at
1160 3228 1218 3268 mou
1238 3218 1331 3286 poteri
1356 3215 1527 3286 iutellipcrc,
1553 3216 1618 3287 quia
1637 3217 1835 3288 spiritualiter

185 3298 371 3372 pythonicum,
388 3298 433 3370 εει
448 3298 517 3353 εοιει
532 3297 695 3366 coniectoris
718 3314 779 3369 quae
802 3298 896 3353 mundi
919 3307 983 3354 sunt
1032 3303 1230 3358 cromiaatur.
1246 3303 1409 3375 spirit-uatis
1434 3307 1532 3359 autera
1541 3303 1654 3374 judicat
1677 3305 1787 3375 omnia,
1804 3309 1835 3361 ct

184 3387 315 3453 divinare,
333 3387 378 3459 εει
397 3401 446 3456 per
460 3385 589 3455 Sibyllam
611 3385 719 3441 locutus
734 3393 784 3451 est,
801 3385 848 3458 εει
867 3403 917 3457 per
931 3402 980 3442 re·
1030 3389 1091 3462 ipso
1106 3391 1247 3446 artemiae
1257 3391 1415 3462 judicatur,
1440 3392 1515 3447 sicut
1535 3393 1750 3465 scriptumest:
1765 3393 1834 3461 Quis

183 3474 306 3530 risimilia
321 3489 393 3544 saepe
418 3472 529 3538 fallitur,
548 3481 572 3527 et
586 3471 661 3529 fallit.
678 3474 737 3540 Vel,
753 3489 807 3529 non
826 3475 980 3545 accepimus
1031 3480 1108 3533 caim
1123 3480 1254 3549 copaovit
1266 3495 1382 3535 seuram
1398 3480 1519 3548 Domini,
1537 3484 1588 3536 aut
1606 3481 1668 3552 puis
1682 3481 1834 3538 iustruxit

183 3563 308 3635 spiritum
334 3561 414 3630 liujus
442 3560 544 3627 mundi,
567 3559 595 3616 id
623 3569 664 3616 εει
692 3561 815 3632 spiritum
843 3563 977 3631 elationis,
1030 3579 1094 3620 aum
1108 3569 1119 3621 t
1134 3567 1187 3621 Nos
1203 3570 1300 3622 autem
1317 3584 1433 3624 aearum
1449 3568 1555 3624 Cirrirti
1570 3567 1713 3624 habemus.

183 3667 237 3725 εεο
263 3651 409 3706 doceamur
437 3648 599 3719 sapientiam
626 3650 730 3717 mundi,
755 3651 803 3706 aad
825 3652 979 3723 accepimus
1063 3653 1204 3710 Animalia
1223 3659 1322 3712 autem
1338 3655 1427 3712 homo.
1445 3655 1529 3725 Quasi
1543 3655 1615 3712 dicat
1632 3675 1638 3711 :
1653 3657 1710 3712 Nos
1725 3655 1833 3714 scimus

182 3741 318 3811 spiritum
332 3739 381 3812 qui
397 3755 435 3794 ea
454 3738 509 3793 Deo
534 3745 584 3793 est.
610 3739 666 3809 (25)
691 3738 806 3808 Spiritus
828 3755 894 3812 ergo
916 3739 976 3808 Dei,
1029 3758 1089 3814 quae
1115 3741 1213 3798 donata
1243 3750 1306 3798 sunt
1342 3743 1431 3813 nobis,
1457 3745 1507 3799 sed
1533 3744 1656 3799 animalis
1678 3745 1774 3812 homo,
1802 3755 1833 3801 ut

182 3827 291 3900 spiritus
315 3825 454 3883 charitatis
476 3833 535 3893 est,
553 3825 662 3897 spiritus
686 3827 765 3896 hujus
791 3827 894 3894 mundi,
917 3828 976 3883 ela·
1027 3829 1132 3899 pseudo
1142 3839 1214 3897 sunt,
1227 3847 1285 3887 aaa
1299 3833 1422 3904 percipit
1431 3848 1464 3888 ca
1475 3849 1536 3905 qua
1545 3837 1614 3889 aurat
1624 3833 1751 3904 Spiritus
1766 3833 1831 3904 oet,
1915 3871 1916 3890 i

180 3916 262 3992 tionis
277 3923 328 3971 est.
352 3916 414 3971 Nou
435 3929 484 3970 ros
508 3923 616 3970 moveat
639 3915 711 3986 quod
735 3922 838 3971 tantum
862 3915 976 3987 Spiritus
1027 3924 1056 3971 ut
1083 3925 1191 3988 partum
1222 3919 1350 3992 Virginis,
1376 3928 1402 3974 et
1421 3921 1660 3976 resurrectionem.
1685 3919 1834 3993 [Augusti-
1915 3933 1916 3940 ’

179 4013 289 4061 εεεειεε
311 4003 356 4060 bio
377 4002 539 4070 nominatur,
555 4011 581 4058 et
601 4003 676 4058 solus
701 4003 772 4060 scire
794 4003 893 4060 dicitur
915 4021 976 4078 quae
1026 4004 1087 4077 nus]
1101 4005 1146 4061 Nil
1161 4006 1234 4062 enim
1257 4006 1372 4063 aestimat
1393 4023 1474 4079 posse
1498 4007 1568 4079 lieri,
1583 4009 1635 4064 nisi
1655 4009 1727 4082 quod
1754 4011 1833 4067 notit

178 4094 230 4150 Dei
243 4099 315 4148 sunt.
331 4091 374 4147 ab
397 4092 448 4147 bac
463 4091 534 4146 euim
550 4091 664 4147 scientia
687 4107 741 4147 nou
756 4090 907 4148 excluditur
922 4093 975 4147 Pa·
1026 4094 1163 4166 quomodo
1191 4094 1245 4150 frat.
1268 4097 1324 4166 (28)
1354 4097 1440 4152 Homo
1468 4105 1556 4154 autem
1585 4097 1681 4153 dicitur
1710 4097 1831 4166 animal,

177 4189 229 4248 ter,
246 4181 289 4237 vel
307 4178 493 4246 Filius;sicut
515 4178 597 4234 abeo
621 4179 694 4251 quod
709 4179 788 4235 Pater
811 4188 837 4235 et
852 4181 974 4236 Christus
1025 4182 1068 4236 vel
1096 4183 1159 4248 rita,
1189 4182 1233 4240 vel
1261 4183 1345 4238 animi
1368 4201 1460 4240 sensu.
1490 4185 1550 4242 Vita
1578 4185 1704 4240 animalis
1724 4185 1833 4242 dicitur

178 4267 277 4326 dicitur
292 4267 366 4324 solus
381 4275 407 4322 et
421 4282 502 4324 verus
523 4268 607 4337 Deus,
622 4283 677 4322 non
691 4266 843 4324 excluditur
857 4267 973 4339 Spiritus
1025 4287 1084 4342 quae
1099 4270 1182 4326 lertur
1197 4270 1329 4327 dissoluta
1352 4272 1465 4330 lascivia
1488 4274 1585 4330 animae
1606 4290 1662 4329 suae
1673 4289 1758 4346 quam
1785 4277 1832 4331 iu-

179 4366 299 4428 sanotus,
316 4372 379 4413 curn
393 4355 490 4411 dicitur
506 4357 585 4410 :llrac
599 4359 641 4411 cst
656 4359 754 4412 autem
774 4359 833 4413 vita
854 4358 1010 4426 aterna,D
1025 4367 1066 4415 tra
1079 4359 1208 4414 naturalis
1223 4360 1326 4416 ordinis
1341 4369 1426 4417 melas
1449 4361 1560 4433 spiritus
1575 4371 1665 4418 rector
1685 4376 1741 4417 non
1757 4378 1832 4420 oon·
1915 4359 1916 4362 ’

175 4451 209 4504 ει
224 4445 639 4517 copacarouttcsolumvcrum
654 4444 751 4512 licum,
764 4449 792 4502 ct
806 4449 974 4518 qucramiri-
1026 4447 1101 4516 tinet,
1128 4463 1161 4505 eo
1189 4448 1262 4520 quod
1289 4449 1348 4521 ipse
1371 4450 1428 4505 Deo
1449 4449 1602 4523 regendum
1624 4465 1679 4505 nou
1703 4451 1829 4520 subjicit.

178 4537 217 4592 sti
242 4536 338 4592 tesam
366 4533 510 4589 Christum
535 4531 627 4602 (toan.
658 4535 741 4603 xvrr).
774 4535 830 4604 (26)
858 4535 973 4592 attende
1025 4536 1115 4591 Animi
1141 4553 1207 4593 vero
1236 4553 1319 4592 sensu
1345 4537 1443 4594 dicitur
1466 4538 1598 4604 animalis,
1627 4539 1674 4610 qui
1701 4538 1738 4593 de
1769 4541 1830 4596 Deo
1915 4567 1916 4570 ¹

178 4622 258 4679 etiam
281 4620 355 4694 quod
379 4621 425 4687 ait,
446 4621 601 4692 accepimus
626 4619 754 4691 Spiritum
775 4621 833 4677 Dei.
858 4623 973 4694 Spiritus
1022 4625 1100 4694 juxta
1122 4639 1267 4697 corporum
1292 4627 1473 4697 phantasiam,
1488 4626 1615 4698 rellegis
1637 4626 1768 4694 litteram,
1786 4629 1831 4684 rel

176 4711 279 4783 utique,
304 4709 407 4766 scilicet
429 4709 518 4764 Patris
534 4716 560 4764 et
574 4708 635 4763 Filii
658 4716 709 4776 est,
735 4725 857 4764 necnon
881 4719 907 4766 et
920 4727 972 4767 no·
1025 4713 1156 4768 rationem
1174 4713 1389 4785 philosophicam
1410 4714 1519 4784 judicat.
1544 4713 1634 4784 Quare
1655 4723 1750 4769 autem
1765 4717 1830 4772 ani-

179 4808 245 4856 ster.
266 4797 347 4868 Quod
368 4797 440 4853 enim
462 4797 555 4876 datum
580 4805 630 4864 ost,
646 4805 673 4852 ει
687 4797 723 4852 ad
745 4814 807 4854 eum
830 4799 876 4871 εει
898 4800 973 4856 dedit
1024 4800 1103 4856 malis
1117 4817 1149 4855 ea
1162 4817 1222 4872 quaa
1245 4800 1295 4857 Dei
1309 4808 1371 4856 sunt
1384 4817 1439 4858 non
1461 4802 1587 4874 percipit,
1605 4801 1704 4869 subdit,
1719 4806 1829 4862 stulti-

179 4888 307 4956 relertur,
332 4886 418 4942 etad
441 4886 602 4957 eosquibus
625 4885 707 4940 dedit.
737 4888 833 4958 ltaque
856 4887 972 4959 Spiritus
1027 4890 1068 4945 tia
1092 4891 1169 4945 euim
1191 4894 1232 4946 at
1252 4891 1308 4956 iili,
1324 4890 1473 4946 secundum
1494 4892 1784 4954 humanumsensurn.
1802 4901 1829 4948 et

178 4986 298 5043 sanctus,
322 4991 378 5032 non
401 4982 503 5030 tantum
526 4973 611 5029 Patris
625 4981 652 5029 ει
670 4974 729 5029 Filii
753 4975 799 5047 εει
822 4977 971 5046 dederunt,
1024 4976 1086 5032 ideo
1101 4993 1155 5034 non
1169 4985 1258 5049 potest
1280 4978 1432 5052 intelligere
1456 4979 1613 5052 spiritualia.
1629 4979 1664 5036 lit
1679 4996 1747 5036 rere
1763 4982 1828 5037 ani-

178 5067 227 5123 aed
241 5065 321 5122 etiam
335 5071 429 5121 noster
452 5062 550 5119 dicitur
563 5061 611 5134 qui
631 5063 805 5134 accepimus;
821 5072 848 5120 et
862 5081 916 5120 non
932 5075 973 5121 est
1024 5065 1103 5120 malis
1117 5081 1174 5123 aaa
1183 5070 1276 5138 potest
1294 5068 1455 5140 intelliperc
1464 5066 1619 5139 spiritualia,
1632 5069 1700 5141 quia
1713 5073 1830 5125 crami-

176 5155 220 5212 ille
240 5155 350 5226 spiritus
372 5160 464 5208 noster
487 5166 540 5222 quo
562 5167 666 5216 sumus,
697 5152 760 5223 quia
782 5151 841 5222 ipse
862 5153 972 5225 spiritus
1024 5159 1123 5223 utatur,
1139 5153 1167 5208 id
1180 5162 1222 5209 est
1236 5154 1410 5221 examinatio,
1427 5163 1454 5212 ει
1467 5155 1655 5227 comprobatio
1668 5153 1697 5211 lit
1711 5155 1825 5212 illorum

179 5251 220 5298 est
234 5241 352 5299 hominis
370 5241 416 5314 εει
431 5240 458 5294 ιε
473 5239 532 5310 ipso
556 5247 606 5307 est,
623 5245 649 5295 ει
665 5238 753 5311 ipsum
775 5247 866 5296 tamen
889 5241 972 5314 spiri·
1025 5241 1206 5314 spiritualium
1228 5251 1341 5312 tantum,
1366 5245 1569 5323 spiritualiter,
1597 5243 1626 5299 id
1650 5253 1691 5300 est
1705 5260 1722 5300 a
1737 5246 1827 5318 spiri-
1915 5263 1916 5322 ᾗ

213 5417 264 5480 (ιιι)
282 5419 345 5479 aug.
360 5421 444 5468 contra
456 5413 625 5468 ltmlmlnum.
1058 5414 1107 5478 (art
1127 5411 1312 5481 1d.,1tasmct.
1325 5416 1412 5470 rlduit.

211 5482 266 5550 (ιε)
285 5482 333 5547 la,
346 5483 379 5533 lte
390 5482 460 5533 trin.
1059 5481 1111 5550 (28)
1130 5485 1193 5550 tur.
1205 5483 1232 5536 in
1242 5483 1286 5538 lib.
1300 5497 1393 5538 cxxxm
1405 5485 1498 5549 Quart.
