3870 6064
123 157 177 211 ill'l
524 99 808 211 commilitabamus
824 147 1212 211 mastinos-nsit.
1232 152 1336 212 XXXI.
1405 201 1409 210 .
1731 163 1784 218 did
1831 192 1834 204 .

124 277 197 352 legis
208 273 375 352 gloriantur,
390 285 418 334 et
427 277 521 335 marita
536 293 587 334 sua
598 279 711 349 jactant,
738 277 843 344 dicens,
861 277 930 337 bea-
945 273 1029 338 Atur
1042 276 1174 350 originale
1184 287 1328 350 peccatum
1343 295 1351 335 t
1367 263 1422 336 non¹
1434 288 1528 339 utnon
1543 281 1587 350 sit,
1608 281 1658 339 sad
1672 289 1703 340 ιιι
1714 279 1788 356 ρεο·’

127 367 276 421 titudinem
291 383 353 422 esse
367 365 440 421 illius
454 365 582 435 hominis,
598 367 642 421 cui
656 367 730 422 Deus
745 374 860 437 accepto
879 364 932 421 sert
987 366 1151 422 catumultra
1172 383 1227 424 non
1245 367 1289 424 sit.
1314 368 1432 441 ideoque
1452 384 1574 443 congrue
1598 370 1663 428 dicit
1679 388 1686 426 :
1702 373 1785 429 Bcnti

125 453 262 522 justitiam
277 455 367 525 (llum.
383 455 435 524 iri),
452 453 519 510 sicut
533 453 570 509 ait
583 455 721 524 Propheta
737 469 743 509 :
760 454 840 509 rieutt
863 468 932 526 quo-
985 470 1103 526 qaoritm
1117 457 1245 511 remissie
1263 459 1332 512 iani
1347 456 1525 528 iniquitates,
1545 457 1573 512 id
1585 465 1636 525 εει,
1651 457 1782 530 mitigatae

126 558 205 604 ram,
223 549 281 597 etc.
306 539 436 615 [Aleum]
454 542 489 597 Et
510 541 566 615 agit
584 541 636 597 iste
668 539 794 597 Psalmus
814 541 932 596 maxime
985 537 1170 609 pergratiam,
1180 545 1396 612 utnonregnent
1406 539 1548 596 inmortali
1558 556 1671 611 corpore
1692 542 1783 610 (Rom.

127 637 228 685 contra
242 629 311 685 vitia
324 629 474 696 bominum,
490 629 537 702 qui
550 630 594 685 vel
607 636 716 700 peccata
732 644 781 684 sus
795 629 931 694 nesciunt,
984 623 1036 694 iri).
1059 624 1142 694 Cujus
1161 626 1202 682 rei
1227 642 1310 683 causa
1331 633 1381 694 est,
1404 626 1479 699 quod
1496 627 1524 681 in
1548 627 1684 698 baptismo
1708 634 1782 684 tecta

128 717 173 772 rel
203 717 299 790 agnita
322 716 472 774 defendunt
506 724 535 772 et
561 717 658 772 merita
684 718 807 786 jactant3
832 715 932 789 [Aug]
985 719 1046 768 suni
1060 715 1264 784 peccataUnde
1274 713 1406 780 subdit,ct
1416 731 1536 788 qaorum
1546 715 1782 788 praestimonium

127 813 241 861 mantra
263 806 368 862 docens
391 812 421 860 ut
441 811 600 877 peccatores
623 820 674 860 nos
692 819 885 876 agnoscamus,
906 811 932 860 et
984 799 1137 873 originalia,
1154 809 1180 857 ει
1195 802 1218 857 si
1232 802 1491 875 quasuntactualia,
1509 806 1672 870 tentarunt,
1687 802 1782 876 [Aug]

124 900 243 964 peecata
257 907 428 960 accusemus,
445 901 473 948 et
483 893 555 948 bona
568 892 663 966 gratim
677 892 728 948 Uei
752 892 933 948 attribuamus
984 887 1069 958 idest,
1082 897 1208 961 cooperta
1221 898 1247 946 et
1256 890 1368 946 abolita.
1380 890 1408 946 Si
1419 890 1491 946 enirn
1499 891 1574 948 Ueiis
1583 891 1650 947 texit
1660 899 1781 962 peccata,

124 981 196 1052 (67).
214 981 382 1037 cantuarita
394 995 462 1054 ergo
477 981 618 1036 bominum
632 980 677 1037 bic
700 980 824 1052 psalmi
843 995 932 1052 oppo-
983 975 1069 1032 noluit
1084 976 1236 1034 advertere.
1246 979 1275 1034 si
1289 979 1375 1034 noluit
1389 979 1540 1047 advertere,
1557 979 1644 1036 noluit
1658 979 1783 1035 subirad-

124 1069 211 1135 nitur‚
227 1069 335 1140 nequis
349 1076 425 1140 putet
439 1070 497 1125 Deo
512 1068 711 1136 absconditum,
725 1068 799 1141 quod
817 1067 844 1124 in
865 1083 932 1125 oou-
984 1071 1098 1132 vertere,
1109 1065 1137 1121 id
1152 1073 1193 1122 est
1207 1065 1304 1138 punire
1319 1085 1326 1133 ;
1344 1065 1430 1122 noluit
1443 1082 1606 1138 agnoscere,
1630 1067 1679 1122 aed
1703 1067 1784 1140 igno·

18 1227 21 1232 ,
126 1157 488 1213 scientiababetoocultum.
506 1155 932 1229 Etestsensustituli:[Gl.int.]
983 1167 1071 1210 scere.
1090 1154 1152 1209 Non
1176 1169 1244 1227 ergo
1268 1154 1334 1210 dicit
1352 1162 1422 1211 tecta
1444 1163 1568 1227 peccata,
1594 1162 1723 1227 tanquam
1745 1155 1784 1211 ibi

125 1245 179 1300 liic
190 1252 234 1300 est
249 1246 416 1302 intellectus
432 1244 528 1310 Dauid,
542 1245 569 1299 id
581 1250 631 1313 εει,
643 1242 810 1315 poeniientis,
822 1243 933 1313 iuoujus
983 1239 1037 1296 sint
1051 1249 1078 1297 ει
1093 1241 1194 1308 ιιιειιι,
1213 1242 1262 1298 sed
1276 1241 1314 1299 ita
1328 1242 1418 1298 deleta
1441 1251 1471 1298 ut
1483 1245 1558 1299 Deus
1572 1259 1627 1299 nori
1641 1243 1743 1310 videat,
1754 1241 1782 1298 id

121 1349 249 1404 persona
272 1333 317 1388 bic
330 1333 450 1405 loquitur
472 1331 570 1398 David,
587 1331 734 1405 [Cassiod]
762 1330 790 1386 id
819 1339 860 1387 est
888 1331 933 1388 hio
983 1335 1023 1383 est
1034 1328 1129 1400 puniat
1143 1330 1317 1385 eternaliter.
1343 1329 1442 1387 Videre
1456 1331 1529 1386 enini
1552 1330 1603 1387 Uei
1617 1338 1658 1386 est
1672 1337 1783 1402 peccata

124 1419 244 1476 docetur
258 1419 323 1491 quid
338 1418 491 1491 intelligere
505 1418 617 1488 debeas,
634 1419 657 1474 si
668 1435 733 1476 veie
742 1418 878 1490 poenitens
890 1435 931 1486 es,
981 1416 1087 1488 punire.
1105 1417 1182 1474 Unde
1197 1417 1263 1472 alibi
1280 1434 1287 1471 :
1303 1419 1403 1475 Avertc
1412 1419 1516 1490 sociem
1533 1423 1613 1475 tuuis
1627 1434 1645 1473 a
1658 1419 1782 1490 pcccatis

124 1507 170 1562 vel
185 1506 323 1580 poenitere
333 1507 384 1564 ris.
396 1505 490 1580 [Aug]
509 1507 610 1574 Primo,
627 1507 762 1578 intelligas
780 1515 807 1564 te
831 1521 932 1580 pecca-
950 1527 953 1532 ·
982 1504 1052 1560 ιιιειε
1066 1505 1154 1576 (Psoi.
1166 1506 1203 1577 ι).
1220 1507 1254 1561 ιιι
1267 1505 1367 1561 dicitur
1381 1507 1434 1562 boc
1448 1521 1463 1560 a
1477 1505 1570 1562 simili.
1587 1504 1643 1578 [Ul.
1666 1503 1728 1577 ιιι]
1743 1505 1783 1562 ιιι

125 1603 218 1651 torem
229 1609 303 1660 esse,
320 1603 382 1666 post
399 1595 425 1649 si
439 1595 555 1666 coeperis
574 1596 675 1651 bonum
689 1595 792 1664 iacere,
817 1611 852 1650 ne
866 1595 932 1651 viri·
944 1590 1054 1682 Benim
1068 1599 1198 1663 teguntur
1222 1601 1335 1665 peccata
1350 1593 1379 1649 in
1400 1593 1547 1665 baptismo,
1574 1593 1644 1650 sicut
1665 1591 1783 1665 AEgyptii
1834 1590 1838 1598 '

124 1681 179 1738 bus
206 1681 260 1738 tuis
280 1682 393 1752 tribuas,
409 1683 492 1739 uerbo
516 1690 541 1740 ιε
562 1681 724 1752 justificans,
759 1683 808 1740 sed
836 1683 932 1757 gratiae
982 1678 1158 1753 insequentes
1179 1681 1275 1751 lsrael,
1290 1681 1355 1738 tecti
1369 1681 1473 1737 suntin
1487 1682 1557 1738 mari
1574 1680 1667 1738 Rubro
1681 1675 1782 1752 (beot.

125 1769 190 1838 Dei,
206 1779 235 1826 ut
249 1787 304 1827 non
326 1769 361 1825 sit
375 1769 453 1826 dolus
468 1771 496 1826 in
510 1772 603 1827 corde.
628 1771 662 1826 Ει
677 1779 719 1828 εει
741 1773 793 1828 ιειε
808 1772 932 1844 psalmus
980 1768 1052 1840 niv).
1068 1769 1111 1826 Ne
1125 1770 1177 1824 hoc
1188 1767 1285 1826 sufficit
1299 1769 1372 1842 quod
1386 1769 1414 1824 in
1428 1769 1565 1842 baptismo
1578 1775 1709 1842 tegantur
1722 1781 1785 1841 pec·

126 1858 267 1915 secundus
281 1857 517 1930 prenitenbabum,
531 1859 656 1916 diversus
669 1876 685 1915 a
699 1860 799 1932 primo.
829 1861 859 1916 lu
873 1859 931 1932 pri-
981 1862 1053 1921 cata,
1069 1855 1122 1912 nisi
1136 1856 1200 1914 inde
1215 1867 1344 1913 caveatur
1367 1858 1402 1913 ab
1416 1873 1449 1914 eo
1463 1857 1535 1931 quod
1560 1859 1634 1914 Deus
1659 1856 1783 1929 imputat,

126 1963 174 2002 ruo
190 1945 265 2003 enirn
278 1946 414 2018 poenitens
428 1947 523 2003 timore
533 1946 627 2016 judicii
643 1947 741 2019 plorat.
755 1949 785 2004 ln
801 1948 854 2004 isto
867 1964 931 2020 pec-
982 1943 1009 1999 id
1025 1951 1066 2000 est
1080 1960 1097 2000 a
1111 1945 1256 2002 criminali.
1273 1946 1352 2003 Unde
1363 1945 1454 2004 subdit
1470 1963 1478 2002 i

126 2043 190 2091 eata
205 2051 266 2107 quae
281 2042 408 2104 tacuerat,
430 2034 551 2110 giariter
574 2035 689 2092 afflictus
712 2037 820 2108 cogitur
842 2035 930 2094 confi·
1017 2069 1102 2126 Vm·
1117 2073 1144 2126 ἲ.

127 2122 181 2180 teri
1161 2098 1196 2110 --
1212 2088 1224 2121 s
1240 2071 1337 2125 Beatus
1347 2069 1391 2128 vii·
1408 2067 1516 2127 ouinon
1530 2069 1633 2142 imputa
1641 2067 1782 2127 vitbomi-

982 2178 994 2206 ι
1007 2172 1060 2215 nus
1072 2165 1214 2230 peccatum
1231 2173 1237 2214 :
1253 2173 1304 2214 nec
1320 2159 1404 2214 estin
1419 2158 1517 2232 spiritu
1532 2159 1591 2229 ejus
1604 2157 1694 2215 dolus.
1714 2177 1726 2207 ι

161 2255 294 2313 Intentio.
308 2256 643 2328 lionetadpoeuiteutiam.
653 2258 800 2332 [cassiod.,
812 2257 931 2332 dicuin]
1016 2265 1119 2319 Beatus
1133 2265 1177 2320 vir
1187 2267 1300 2322 coinon
1309 2266 1464 2339 imputauit
1472 2265 1608 2323 Dominus
1618 2267 1777 2336 peccatum,

124 2345 237 2401 ldodus.
254 2343 377 2413 Quatuor
400 2352 463 2400 sunt
485 2351 578 2417 partes
593 2363 600 2399 ι
616 2345 714 2416 primo,
740 2345 805 2402 dicit
828 2345 932 2402 initium
982 2350 1029 2424 qui
1043 2351 1095 2407 sibi
1112 2359 1192 2408 caret
1205 2368 1221 2407 a
1236 2351 1369 2408 criminali
1391 2361 1515 2423 peccato,
1538 2351 1611 2425 quod
1632 2351 1782 2424 imputatur

124 2432 270 2489 boniesse
284 2431 542 2506 perindulgentiam
553 2432 615 2502 Dei,
632 2450 662 2490 se
677 2448 744 2491 vero
772 2441 932 2506 sequentem
981 2439 1015 2494 ad
1025 2455 1136 2510 poeiiam
1149 2447 1289 2497 aeternam.
1314 2439 1463 2512 [Cassiod]
1490 2440 1539 2496 Vel
1562 2447 1589 2496 et
1613 2439 1636 2494 si
1660 2437 1782 2496 remissis

123 2519 455 2578 illudvitiuinbominum
471 2519 555 2576 fuisse
574 2521 716 2591 miserum,
736 2521 785 2578 sed
809 2538 859 2593 per
881 2522 933 2578 ini·
980 2527 1165 2600 iniquitatibus
1185 2535 1212 2584 et
1232 2527 1311 2584 tectis
1344 2528 1466 2600 peccatis
1496 2529 1531 2584 sit
1557 2527 1668 2600 aliquod
1693 2525 1781 2583 levius

121 2607 307 2666 senoordism
323 2608 374 2664 nei
388 2622 550 2665 conversum
572 2608 656 2664 tuisse
671 2609 706 2664 ad
729 2626 825 2665 verum
849 2609 931 2666 intel·
981 2622 1134 2688 pecoaiun,
1150 2624 1179 2672 ui
1192 2615 1243 2672 toi
1257 2625 1284 2672 ei
1298 2616 1469 2685 Nainauueit,
1487 2632 1555 2690 quos
1569 2615 1662 2672 iaudat
1683 2614 1781 2672 nomi-

121 2698 238 2763 lcctum,
253 2698 289 2752 ad
300 2712 381 2768 quein
395 2697 574 2767 opportunius
596 2704 723 2768 arpertus
744 2713 839 2754 casum
862 2697 932 2755 alios
982 2720 1043 2772 nus,
1057 2719 1112 2760 non
1122 2705 1274 2778 imputauit
1284 2707 1420 2762 Dominus
1432 2710 1582 2779 peccatam
1596 2687 1781 2776 (attissim-

122 2786 260 2855 doeeltwt
273 2790 394 2851 revomi,
420 2785 447 2838 in
463 2799 515 2856 quo
530 2792 557 2840 et
584 2791 687 2843 stantes
702 2785 852 2842 confirmat.
884 2787 933 2843 Se·
982 2793 1112 2865 quitatem
1127 2792 1193 2850 dicit
1200 2801 1315 2864 peccata
1325 2810 1386 2866 quie
1396 2791 1606 2850 anteiidcmral
1616 2791 1781 2862 baptismum

122 2873 217 2930 cundo
231 2872 289 2942 agit
303 2872 337 2928 de
352 2871 534 2939 confessione,
551 2873 623 2929 unde
638 2873 776 2940 estvenia,
809 2874 857 2948 ihi,
887 2873 934 2931 de·
983 2888 1044 2936 sunt
1059 2899 1067 2948 ;
1082 2890 1204 2952 peecata,
1221 2898 1282 2954 quae
1296 2889 1358 2954 post
1372 2881 1456 2939 tidem
1471 2881 1692 2954 velbaptismum
1707 2887 1779 2937 sunt.

123 2972 230 3028 liciam
245 2985 340 3025 meum
354 2971 510 3042 cognitum.
523 2968 672 3043 [Cassiod]
687 2971 779 3027 Tertio
793 2972 931 3042 poeuiten-
946 2968 1077 3037 citrosa,
1093 2971 1168 3026 beati
1182 2987 1302 3042 quorum
1323 2971 1449 3027 remissie
1469 2974 1539 3027 sunt
1561 2969 1739 3042 iniquitates,
1751 2972 1779 3025 ct

120 3057 382 3125 tiamoommendat,
393 3057 442 3127 ibi,
457 3059 567 3130 proiice
586 3060 686 3115 orabit.
697 3057 809 3130 Quarto,
820 3061 930 3132 ponitur
980 3073 1100 3130 quorum
1116 3062 1192 3114 tacto
1207 3061 1277 3113 sunt
1290 3062 1417 3131 peccate,
1433 3058 1461 3112 id
1476 3066 1517 3113 est
1524 3057 1624 3130 quibus
1636 3058 1709 3113 Deus
1719 3071 1781 3128 pec·

122 3146 203 3201 laetus
218 3143 293 3214 buis,
318 3144 364 3200 ubi
392 3145 492 3200 dicitur
505 3145 660 3202 Deus'daie
675 3146 855 3218 intellectum,
880 3148 928 3216 ibi,
980 3153 1037 3202 cata
1053 3151 1115 3201 ante
1131 3144 1214 3201 fidem
1229 3145 1350 3201 remittit.
1366 3145 1567 3216 Noueniniper
1582 3160 1612 3200 se
1626 3143 1778 3210 beatisunt,

122 3234 308 3290 intellectum
325 3234 375 3290 tibi
389 3234 466 3290 dabo.
488 3233 611 3290 Gratiam
627 3234 719 3306 itaque
733 3238 930 3294 commendans
980 3233 1008 3289 iii
1023 3232 1194 3310 quibustegit
1203 3239 1389 3306 peccatapost
1403 3232 1495 3298 fidem,
1506 3231 1779 3302 neinjudicioreve-

122 3324 261 3394 Propheta
281 3321 387 3378 initium
413 3322 477 3378 boni
501 3339 553 3394 per
572 3322 767 3395 indulgentiam
792 3326 843 3382 Dei
868 3341 930 3384 esse
980 3322 1080 3380 lentur.
1097 3321 1131 3378 iti
1146 3322 1185 3378 sic
1200 3337 1255 3379 non
1265 3322 1444 3394 imputabitur
1457 3323 1498 3378 eis
1511 3329 1655 3392 peccatum
1668 3321 1781 3393 aliquod

122 3410 256 3478 ostendit,
271 3411 391 3468 dicens:
980 3410 1289 3484 supernarumque]
1313 3411 1391 3468 Unde
1412 3411 1503 3466 subdit
1518 3427 1526 3466 i
1542 3411 1644 3467 Βεαιιιε
1667 3411 1712 3466 vir
1733 3411 1781 3467 citi
1860 3441 1866 3454 ·

158 3543 246 3599 vm·
264 3547 290 3598 q,
302 3573 337 3585 ,,
353 3565 365 3592 ,
382 3543 456 3600 gem
468 3559 585 3615 quorum
600 3545 723 3601 remim
745 3553 808 3602 sum
830 3545 930 3618 iniqui·
979 3515 1038 3556 nori
1050 3501 1208 3598 imputavit
1223 3499 1360 3599 Dominus
1374 3503 1533 3598 peccetam,
1553 3498 1615 3598 aliis
1641 3497 1715 3597 enirn
1727 3496 1780 3596 'qni

980 3587 1184 3662 grariababcnt
1193 3588 1268 3643 Deus
1282 3595 1407 3658 imputat,
1423 3587 1485 3643 aliis
1499 3603 1549 3659 per
1563 3585 1780 3643 misenoordiam

122 3639 279 3750 'mes’ft
292 3647 407 3703 qum
417 3637 489 3751 Q
503 3639 568 3687 sum
581 3641 734 3752 pm&
980 3691 1035 3732 uon
1065 3676 1178 3747 imputat
1204 3683 1231 3732 ct
1257 3676 1280 3731 si
1308 3676 1410 3732 habent
1449 3675 1547 3747 aliqua,
1584 3674 1628 3730 bis
1675 3673 1781 3731 scilicet

160 3738 930 3813 Beatiquorumremissoesaiiti'iiiqiittates.[dug.lNcn
980 3763 1027 3836 quq
1040 3779 1096 3820 non
1120 3765 1207 3833 justo,
1237 3779 1266 3819 ,e
1294 3763 1442 3834 pradicant
1463 3777 1526 3819 cum
1547 3762 1601 3818 ,pm
1627 3761 1702 3829 mnu,
1728 3761 1778 3818 sed
1816 3779 1817 3782 ,

122 3827 189 3882 ‘fid‘
203 3826 234 3880 ³¹¹
247 3825 346 3898 quibus
360 3839 415 3881 ”⁰¹¹
429 3825 697 3897 inveni‘i'ffifflmfflr
713 3841 777 3883 Μ
800 3827 827 3883 ῘΠ
843 3829 930 3884 ‘imni'
980 3868 1010 3908 se
1034 3859 1216 3924 agnoscentes
1247 3849 1424 3906 satisfaciunt.
1441 3851 1519 3909 Unde
1540 3850 1586 3916 ait,
1608 3866 1660 3906 ricc
1682 3852 1726 3906 cst
1746 3851 1779 3906 iit

123 3916 176 4012 bus
198 3913 314 4012 invenit,
337 3912 386 3968 sed
412 3913 512 4012 quibus
540 3914 724 3970 remittuntur.
759 3915 832 3972 Nihil
864 3916 930 3973 boni
979 3941 1086 4013 ,piritu
1098 3943 1160 4010 eju,
1175 3939 1268 4006 gogus,
1284 3938 1378 4012 [Aug.,
1394 3936 1529 4010 Cassiod]
1545 3937 1589 3994 hio
1602 3936 1720 3994 ostendi(
1733 3937 1778 3994 cui

122 4001 213 4058 iecisti
229 4008 256 4056 ει
270 3999 347 4055 datur
370 4015 495 4056 remissio
513 4011 698 4073 peccatorum.
727 4004 788 4059 Tibi
814 4005 930 4060 debebat
1318 4001 1321 4014 '

122 4089 274 4144 vindiciam
288 4088 416 4158 exculpe
431 4096 486 4149 tus.
507 4089 554 4144 dat
567 4089 766 4164 indulgentiam
780 4107 813 4147 ex
841 4093 930 4166 gratia

124 4193 185 4233 sua.
201 4174 280 4231 italis
294 4175 366 4232 enim
380 4176 510 4246 operibus
520 4178 572 4232 tuis
586 4177 700 4234 debetur
713 4179 858 4246 damnatio,
889 4182 928 4236 si-

124 4274 170 4322 cut
185 4264 267 4320 bouis
281 4263 410 4335 operibus
419 4264 535 4320 debetur
547 4282 663 4339 regnum
673 4267 815 4324 coelorum.
832 4269 859 4324 Si
870 4270 930 4325 red·

126 4354 208 4408 datur
217 4367 286 4425 ergo
300 4351 349 4407 tibi
361 4352 434 4424 quod
448 4351 573 4421 debetur,
588 4355 742 4426 puniendus
757 4373 797 4424 es,
813 4373 868 4414 non
879 4358 927 4413 tibi

125 4441 218 4498 reddit
231 4442 305 4497 licus
315 4440 434 4495 debitam
448 4456 569 4512 poenam,
587 4444 634 4499 sed
650 4445 732 4500 donat
741 4452 767 4501 et
780 4445 927 4502 indebitam

124 4530 254 4629 ganan.
270 4529 366 4628 N.⁰¹¹¹⁰.
383 4544 449 4600 ⁸¹⁸⁰
468 4528 551 4629 ,3⁸⁰‘0‘
578 4547 661 4630 (ιιι
684 4547 734 4588 ⁸¹¹⁸
756 4541 819 4589 anie
834 4532 926 4602 auem,
978 4566 1102 4622 iiieanus
1124 4565 1170 4622 iiie
1188 4566 1307 4633 numnis,
1332 4567 1378 4638 qui
1403 4565 1511 4622 aranu
1526 4582 1533 4620 :
1548 4565 1692 4638 nomem
1706 4568 1774 4631 iro,

125 4634 209 4673 nemo
223 4625 258 4673 ειι
272 4632 349 4688 piger
359 4633 386 4670 in
400 4618 528 4688 operibus
543 4619 622 4675 bonis
650 4630 759 4692 accepta
782 4622 846 4677 tide.
876 4623 929 4678 Dst
978 4657 1061 4723 Dm,
1076 4655 1149 4710 mim
1162 4655 1304 4726 peccam
1319 4654 1397 4726 (lm.
1414 4654 1507 4724 mu).

124 4707 201 4763 enini
216 4705 290 4761 Ueus
303 4703 500 4776 indulgentiam
515 4707 614 4777 impiis,
632 4715 658 4764 et
674 4725 722 4765 eos
739 4708 869 4780 justificat
895 4727 928 4766 ει

125 4794 190 4850 fide.
203 4780 422 4864 incipitur66
440 4809 507 4865 ergo
522 4795 678 4864 justificatio
695 4797 758 4854 fidei
774 4815 823 4870 per
840 4799 928 4855 indul·
1014 4779 1099 4834 Vsss.
1116 4781 1142 4834 3.
1156 4807 1191 4819 -
1207 4799 1219 4830 ι
1238 4776 1372 4846 Quoniam
1388 4778 1468 4845 tacui,
1480 4777 1698 4834 inveteraverunt
1712 4790 1775 4834 ossa

124 4882 260 4954 gentiam.
280 4878 415 4954 [Aleum]
434 4882 592 4954 iniquitates
606 4894 697 4941 eutem
716 4887 790 4954 dicit,
808 4886 928 4944 tomitem
982 4881 1070 4922 ‘mei
1085 4884 1094 4921 ²
1108 4866 1174 4923 dum
1189 4867 1337 4923 mmmm
1352 4873 1407 4924 ¹0¹³
1421 4865 1475 4922 (¹50-
1496 4889 1506 4914 *¹

980 4052 1036 4094 non
1051 4037 1176 4107 imputet,
1200 4034 1249 4104 illi,
1266 4035 1379 4105 scilicet,
1408 4034 1437 4091 in
1463 4049 1519 4107 quo
1542 4050 1598 4091 non
1616 4041 1658 4092 εει
1685 4034 1774 4092 (ιοιιιε.

979 4123 1049 4193 Quia
1063 4139 1093 4179 εε
1107 4130 1217 4180 accusat
1231 4138 1293 4179 cum
1306 4122 1344 4178 sit
1357 4130 1493 4194 peccator,
1509 4123 1593 4180 corde
1607 4129 1682 4180 tenet
1703 4123 1777 4195 quod

950 4250 954 4258 .
979 4227 1026 4269 ore
1040 4211 1149 4268 fatetur.
1165 4211 1251 4268 Dolus
1266 4219 1316 4277 est,
1344 4218 1373 4266 ut
1387 4227 1449 4267 oum
1465 4211 1501 4267 sit
1514 4219 1652 4284 peccator,
1673 4211 1777 4282 justum

941 4301 1025 4380 uni
1040 4316 1070 4356 εε
1084 4299 1222 4372 praedicet.
1248 4299 1301 4370 Qui
1316 4315 1383 4357 vero
1401 4316 1432 4356 εε
1450 4307 1573 4368 accusat,
1593 4300 1657 4357 dolo
1679 4307 1776 4356 caret:

977 4388 1040 4444 talis
1054 4396 1113 4445 erat
1135 4389 1296 4456 Nathanael,
1316 4387 1350 4444 de
1374 4404 1428 4461 quo
1442 4389 1574 4446 Dominus
1601 4386 1668 4444 dixit
1684 4405 1691 4442 ι
1707 4389 1776 4444 Eece

978 4494 1060 4534 venta
1074 4477 1255 4543 israelitidis
1264 4495 1317 4551 quo
1326 4477 1407 4534 dulas
1415 4482 1523 4534 nonest
1532 4477 1623 4547 (ioan.
1636 4477 1656 4546 ι)
1668 4494 1676 4543 3
1686 4482 1713 4532 et
1721 4491 1775 4546 pu·
1856 4518 1862 4528 .

126 4971 244 5042 peceati,
256 4969 361 5036 scilicet
377 4971 675 5044 concupiscibilitatem,
686 4990 747 5046 quai
761 4983 822 5031 aute
837 4976 928 5048 bapti·
1017 4973 1250 5040 Quoniomturui.
1262 4971 1528 5047 [Hier.]Qussidioat
1539 4989 1546 5028 :
1558 4971 1616 5029 Hoc
1622 4973 1705 5030 modo
1714 4989 1777 5045 pro-
1867 5023 1871 5032 .

126 5075 219 5114 smum
233 5074 289 5116 non
299 5069 402 5118 tanturn
414 5077 507 5134 poena,
524 5062 572 5117 sed
590 5069 618 5118 ει
635 5063 714 5135 culpa
728 5071 779 5130 est,
795 5079 850 5119 non
873 5065 928 5119 uti-
979 5059 1067 5128 liteor,
1085 5062 1134 5119 sed
1143 5061 1208 5118 olim
1219 5065 1351 5136 quoniam
1365 5063 1453 5132 taciti,
1469 5063 1703 5120 inveteraverant
1711 5079 1776 5121 ossa

125 5164 180 5220 que
189 5149 304 5206 actualis
319 5152 369 5207 sed
378 5158 405 5207 et
423 5150 569 5223 originalis
585 5170 592 5218 ς
609 5159 671 5222 post
685 5151 846 5223 baptismum
861 5169 929 5210 vero
978 5166 1042 5206 mco
1057 5151 1122 5218 ,rel
1136 5150 1174 5206 ita
1183 5151 1269 5224 iunge
1287 5167 1293 5206 :
1310 5150 1360 5208 Hic
1374 5157 1416 5207 est
1429 5150 1525 5206 beatus
1543 5148 1656 5219 inciijus
1679 5151 1775 5224 spiritu

125 5251 210 5308 poena
237 5245 279 5293 est
294 5246 319 5294 ει
333 5255 387 5296 non
403 5239 483 5312 culpa
498 5239 563 5312 (68].
581 5241 610 5294 lii
625 5239 758 5311 baptismo
769 5241 841 5298 enini
851 5241 929 5300 dele·
979 5253 1033 5294 non
1043 5245 1085 5295 est
1099 5237 1189 5307 dolus,
1206 5238 1300 5312 [Aug]
1330 5239 1394 5312 quia
1417 5253 1470 5312 ego
1493 5252 1548 5295 non
1562 5239 1695 5301 confitens
1715 5241 1774 5300 Deo

160 5413 214 5478 (67]
226 5415 264 5467 liii
275 5417 385 5470 casiod
400 5419 424 5469 tii
437 5420 527 5470 treis.
542 5419 618 5482 hujus
630 5420 692 5483 psal.
1012 5397 1072 5466 (69)
1086 5401 1122 5452 Ui
1135 5401 1204 5454 litai.
1219 5401 1245 5456 tii
1259 5415 1282 5454 c.
1298 5401 1356 5454 ose.
1366 5385 1421 5459 vii.

162 5498 218 5566 (68)
240 5501 278 5552 litt
303 5503 378 5567 bug,
400 5503 442 5554 lib.
468 5517 487 5567 i,
511 5504 545 5556 lta
564 5509 635 5568 nupt.
662 5507 686 5556 ει
707 5517 777 5558 cono.
797 5518 851 5570 cap.
884 5505 927 5562 aa.
