3940 6066
147 215 215 272 1299
827 207 929 266 eniel
943 204 1122 263 loriniani
1725 202 1796 257 1³0⁰

145 336 218 391 idem
235 331 263 389 in
278 347 356 389 coena
371 346 432 389 cum
447 330 589 404 discipulis
604 333 708 389 Pascha
723 331 865 389 celebrans
877 330 944 404 lagu·
958 327 1146 400 AEpistolam
1160 326 1200 384 eis
1218 327 1311 394 misit,
1335 325 1440 384 cunctis
1464 325 1591 398 gentibus
1614 323 1792 380 dominaban-

147 421 227 478 ravit.
244 421 283 476 lbi
298 421 370 478 enim
382 420 451 493 lapis
466 422 638 492 reprobatus,
660 437 740 494 quem
755 421 841 495 gessit
854 436 944 492 angu-
995 426 1038 474 tur
1056 431 1062 473 :
1078 417 1194 490 ideoque
1209 416 1384 472 sublimiores
1398 422 1475 471 erant
1488 414 1615 471 omuibus
1630 413 1748 486 populis,
1764 419 1792 478 et

149 510 202 576 lus,
218 509 289 565 mira
303 517 437 581 praestans
453 509 480 564 in
496 509 583 566 oculis
606 510 717 578 nostris,
731 525 829 581 panem
844 523 945 579 super·
993 505 1155 562 intonabant
1169 513 1307 576 praecepta
1320 503 1428 575 publica
1449 510 1476 558 et
1499 501 1604 574 privata
1621 516 1628 556 ε
1644 516 1795 573 eorumque

148 598 288 654 coelestem
302 614 365 655 cum
387 598 477 670 typico
497 612 571 671 agno
594 598 742 668 conjunxit,
769 596 867 652 finiens
890 597 945 651 Te·
995 594 1068 650 fama
1083 594 1204 650 omnium
1218 593 1358 648 hominum
1374 591 1557 648 resonabatin
1574 589 1612 647 2
1627 605 1687 646 ore.
1698 589 1797 645 Haimo

147 693 310 742 stamentum
327 687 410 741 Vetus
424 692 451 741 et
473 685 604 742 inchoans
626 686 742 742 Novum.
767 685 820 740 Per
843 700 946 757 ιςιιιιιιι
995 691 1086 740 autem
1111 682 1145 738 ab
1169 681 1283 738 Athenis
1304 681 1464 752 Apostolum
1494 678 1637 750 scripsisse
1667 677 1798 734 Romanis

148 775 248 830 etenim
263 773 352 846 quiin
376 773 460 830 veteri
478 774 540 847 lege
564 773 693 830 solemnis
717 781 773 828 erat
796 773 895 839 hostia,
920 780 947 827 et
996 771 1060 828 dicit
1075 770 1117 826 bis
1132 770 1223 827 verbis
1240 783 1277 824 τι
1303 769 1345 825 Ab
1369 768 1481 824 Athenis
1504 768 1611 824 civitate
1636 767 1797 823 Graecornm

148 877 248 934 panem
263 862 308 934 qui
330 877 409 918 uovae
422 861 493 934 legis
517 861 681 918 sacramenti
703 861 793 916 forma
816 868 876 928 est,
893 859 946 916 duo
996 859 1105 930 scripsit
1120 858 1266 930 Apostolus
1289 857 1418 914 Romanis
1441 861 1511 913 benc
1532 855 1701 926 Epistolam,
1727 869 1798 926 quos

147 952 318 1007 Testamenta
340 949 475 1023 figuravit,
503 957 583 1022 atque
610 949 657 1004 illa
681 949 735 1006 duo
758 949 945 1022 conjungens,
995 963 1051 1004 non
1064 945 1133 1018 ipse,
1150 963 1205 1003 non
1221 947 1327 1012 Petrus,
1347 961 1403 1002 non
1418 944 1517 1018 aliquis
1541 960 1582 999 ιιιι
1607 943 1795 1016 apostolorum

147 1039 339 1110 praedictorum
362 1039 595 1094 Testamentomm
623 1038 830 1094 consonantiam
852 1036 946 1094 decla·
995 1035 1115 1110 primum
1135 1035 1271 1103 instruxit,
1293 1034 1344 1091 sed
1367 1033 1477 1107 quidam
1499 1032 1656 1088 ludaeorum
1676 1031 1798 1088 creden-

148 1127 229 1184 ravit.
245 1127 294 1182 Est
308 1126 381 1183 enim
396 1135 455 1182 rota
469 1124 497 1181 in
511 1125 602 1182 medio
625 1134 699 1194 rotae,
716 1126 785 1182 sicut
800 1125 866 1184 vidit
875 1127 947 1182 Eae·
996 1123 1072 1194 tium,
1100 1124 1146 1198 qni
1166 1123 1220 1180 fide
1243 1121 1343 1178 Christi
1367 1121 1402 1178 ab
1426 1120 1556 1192 apostolis
1579 1129 1718 1192 percepta,
1747 1135 1800 1176 vc-

148 1214 228 1270 chiel.
997 1214 1104 1270 aientes
1118 1213 1244 1280 hornam,
1268 1211 1315 1266 ubi
1333 1210 1462 1282 princeps
1482 1209 1556 1266 orbis
1577 1208 1725 1274 residebat,
1750 1207 1796 1265 cui

184 1303 225 1358 Ex
238 1302 376 1374 praedietis
391 1301 483 1375 itaque
505 1310 580 1375 patet
599 1303 722 1375 mysterii
745 1301 947 1360 evidentissima
998 1309 1076 1358 erant
1091 1301 1143 1373 ipsi
1161 1299 1286 1370 subjecti,
1308 1315 1368 1370 quae
1382 1298 1455 1370 apud
1469 1297 1669 1368 lerosolymam
1691 1296 1796 1353 didice-

148 1391 227 1458 ratio,
244 1407 296 1463 qua
311 1390 450 1464 Epistulas
463 1405 513 1446 ιιι
528 1391 670 1463 scripserit
683 1400 710 1448 et
732 1391 858 1448 distincte
879 1407 899 1446 ιι
913 1392 948 1447 ad
998 1398 1068 1458 rant,
1083 1389 1215 1445 Romania
1231 1386 1498 1462 evangelizaverunt.
1515 1406 1527 1436 ι
1544 1385 1661 1440 Attende
1675 1385 1798 1458 diligen-

145 1479 296 1547 Ecelesias,
313 1494 342 1534 ιι
356 1480 392 1535 ad
406 1496 537 1551 permees
551 1479 691 1536 direxerit.
715 1481 792 1538 Unde
816 1495 948 1553 quorum·
997 1486 1049 1546 ter,
1065 1477 1138 1551 quod
1154 1477 1251 1532 Haimo
1275 1475 1340 1532 dicit
1364 1474 1527 1546 Apostolum
1548 1473 1585 1529 ab
1604 1473 1717 1530 Athenis
1733 1472 1800 1530 scri-

149 1563 213 1618 dam
243 1563 350 1618 insania
377 1564 579 1635 repercutitur,
606 1564 753 1620 dicentium
777 1555 947 1636 Epistulam,
998 1567 1097 1639 psisse,
1123 1566 1258 1639 Origenes
1281 1555 1356 1634 vero,
1382 1564 1416 1620 de
1441 1564 1580 1620 Corintho.
1608 1565 1674 1619 item
1692 1561 1800 1634 inspice

149 1668 210 1724 quae
224 1651 260 1707 ad
275 1653 406 1708 Hebraeos
430 1652 568 1721 scribitur,
592 1669 647 1708 non
672 1652 757 1708 fuisse
781 1652 875 1721 Pauli,
899 1654 985 1745 sedB
999 1655 1072 1728 quod
1091 1655 1163 1712 idem
1180 1654 1275 1710 Haimo
1288 1653 1324 1708 ait
1340 1654 1449 1708 Petrum
1459 1652 1589 1709 Romanis
1599 1650 1714 1723 primum
1723 1667 1802 1723 praa-

148 1739 289 1807 Barnabae,
305 1740 348 1797 vel
363 1740 520 1809 Clementis,
537 1741 580 1798 vel
595 1741 765 1809 Tertulliani,
790 1740 833 1798 vel
856 1741 946 1797 Lucas.
999 1744 1118 1813 dicasse,
1144 1758 1205 1799 cunr
1228 1741 1415 1798 ecclesiastica
1435 1740 1548 1797 historia
1568 1740 1607 1796 sic
1637 1739 1800 1795 contineat:

149 1828 225 1898 Quos
239 1827 266 1884 in
282 1829 354 1885 bunc
369 1845 491 1885 errorem
514 1829 620 1886 occasio
642 1829 754 1886 deduxit
774 1829 947 1901 hujusmodi,
1001 1829 1136 1888 «Claudii
1151 1831 1319 1902 temporibus
1340 1828 1483 1886 elementia
1502 1828 1600 1885 divinae
1619 1826 1799 1899 providentiae

150 1915 212 1989 quia
227 1932 278 1972 nec
292 1917 420 1973 salutatio
435 1917 494 1987 ejus
508 1917 618 1974 nomine
633 1918 768 1974 intitulata
790 1917 948 1990 praescribi-
999 1920 1108 1977 Petmm
1140 1919 1176 1976 ad
1199 1918 1294 1974 urbem
1318 1919 1431 1974 Romam
1454 1917 1538 1974 misit.
1570 1917 1618 1972 llle
1647 1914 1800 1971 adveniens

150 2011 205 2072 tur,
222 2012 249 2060 et
261 2004 343 2078 longe
357 2004 517 2062 facundiore
532 2015 558 2062 et
572 2006 757 2078 splendidiore
773 2007 844 2079 style
867 2022 948 2079 quarn
999 2008 1103 2080 primus
1124 2007 1152 2062 in
1171 2007 1240 2062 urbe
1260 2007 1347 2062 Roma
1378 2005 1522 2078 Evangelii
1545 2005 1587 2060 sui
1610 2004 1732 2061 clavibus
1751 2003 1800 2073 ia-

150 2101 257 2150 cratera
275 2093 349 2149 edita
370 2103 420 2150 est.
447 2094 552 2164 Quibus
581 2094 745 2152 sufficienter
768 2096 950 2166 respondetur
999 2113 1082 2153 anam
1096 2095 1175 2168 regni
1189 2094 1307 2152 coelestis
1322 2094 1465 2166 aperuit.»
1490 2093 1669 2165 Hieronymus
1690 2107 1802 2166 quoquc

151 2183 203 2238 hoc
217 2182 300 2238 modo
316 2197 323 2238 :
340 2181 411 2252 Quia
425 2183 447 2238 si
462 2183 524 2239 ideo
539 2199 596 2239 oon
610 2185 773 2240 estdicenda
783 2185 869 2252 Pauli,
886 2185 950 2257 qnia
1001 2201 1082 2257 super
1098 2183 1251 2256 Epistulam
1267 2183 1300 2238 ad
1315 2183 1463 2251 Romanos,
1478 2182 1525 2238 ubi
1537 2181 1666 2253 scriplum
1681 2188 1723 2237 est
1739 2195 1746 2235 ι
1765 2184 1801 2242 llt

152 2287 252 2328 nomen
267 2271 325 2342 ejus
339 2270 367 2327 in
383 2271 459 2330 titulo
474 2288 528 2328 nou
544 2273 627 2330 habet
642 2287 648 2328 τ
666 2289 791 2347 ergonec
805 2273 948 2343 Barnabae,
1000 2275 1109 2346 aliquid
1123 2273 1276 2346 impertiar
1291 2273 1365 2328 colis
1377 2272 1477 2344 pretio
1489 2271 1649 2342 spiritualis
1660 2273 1749 2341 (Rom.
1766 2271 1802 2342 ι),

151 2375 203 2416 nec
215 2359 329 2430 alicujus
342 2360 545 2432 praedictorum,
570 2378 633 2418 eum
655 2362 757 2418 nullius
782 2379 876 2419 eorum
897 2378 950 2418 uo·
1001 2361 1039 2417 sic
1054 2361 1090 2416 ait
1106 2376 1113 2416 :
1131 2359 1571 2431 ‹RomanosPetripraedieatione
1582 2359 1662 2414 fidem
1672 2367 1801 2415 tenentes

152 2447 225 2506 mine
240 2449 341 2521 scripta
356 2449 400 2505 sit.
416 2451 474 2508 Nec
489 2451 525 2507 ob
538 2451 566 2507 id
580 2467 689 2524 quoque
714 2451 790 2508 Pauli
810 2468 866 2507 non
888 2467 950 2507 esse
1000 2449 1164 2507 confirmare
1181 2466 1211 2505 se
1226 2449 1295 2505 velie
1309 2447 1410 2505 Paulus
1433 2447 1519 2504 dicit:
1536 2463 1591 2503 nou
1613 2448 1686 2520 quod
1707 2447 1801 2504 minus

150 2537 272 2612 putanda
285 2545 336 2606 est,
353 2539 417 2611 quia
438 2539 597 2613 diligentius
612 2549 654 2598 est
668 2541 778 2613 scripta,
794 2556 855 2598 cum
871 2549 951 2597 natu·
1001 2538 1170 2610 accepissent
1185 2553 1202 2594 a
1217 2539 1306 2605 Petro,
1332 2537 1382 2594 sed
1405 2544 1435 2592 ut
1452 2535 1559 2592 duobus
1580 2536 1710 2609 apostolis
1735 2541 1803 2592 atte-

151 2625 208 2681 rale
224 2626 259 2681 sit
273 2626 419 2698 ualentique
433 2627 493 2699 plus
517 2629 608 2684 valere
630 2628 656 2682 in
681 2645 729 2684 sua
752 2629 845 2702 lingua
868 2645 950 2702 quam
1001 2626 1133 2682 stantibus
1157 2633 1246 2700 atque·
1266 2625 1438 2694 doctoribus,
1464 2641 1560 2681 eornm
1578 2625 1803 2682 corroboraretur

145 2713 362 2792 ,inperegrinat
387 2714 461 2770 illam
487 2716 560 2772 enim
582 2716 725 2783 Hebraice,
752 2725 863 2774 ceteras
885 2732 950 2774 vero
1000 2714 1110 2772 tides.»

151 2801 248 2859 Graece
263 2802 382 2874 scripsit.
398 2803 506 2860 Nomen
520 2820 587 2861 vero
602 2820 680 2861 suum
700 2805 762 2862 ideo
784 2805 950 2877 praemittere
1037 2804 1140 2859 Earum
1158 2803 1247 2877 itaque
1274 2803 1460 2860 auctoritatum
1483 2802 1639 2860 conflictum
1653 2803 1701 2876 qui
1724 2803 1803 2860 vide-

151 2890 246 2962 ncluit,
263 2891 328 2964 quie
342 2892 465 2948 Hebraeis
479 2893 590 2950 odiosus
605 2901 672 2961 erat,
690 2909 752 2950 eum
766 2895 837 2968 legis
848 2895 953 2952 destru-
1001 2900 1045 2948 tur
1060 2892 1229 2961 dirimentes,
1246 2891 1360 2948 dicimus
1374 2893 1482 2949 Petrum
1501 2891 1618 2964 primum
1635 2892 1804 2963 praedicasse

152 2987 255 3038 ctorem
284 2980 489 3038 arbitrantibus.
525 2981 662 3052 Quocirca
694 2984 729 3040 de
764 2982 835 3056 legis
869 2992 950 3058 atque
1001 2981 1142 3048 Romanis,
1160 2988 1290 3054 quantum
1305 2981 1340 3036 ad
1356 2979 1597 3052 aliesepostolos,
1614 2980 1734 3036 sednon
1749 2980 1806 3053 pri-

150 3069 376 3126 caeremoniemm
389 3069 534 3129 abolitione
559 3080 730 3140 tractaturus,
753 3082 825 3130 recte
849 3042 985 3130 nomenG
1001 3087 1074 3125 mum
1090 3076 1222 3142 quantum
1236 3068 1270 3125 ad
1285 3085 1380 3126 omnes
1406 3069 1560 3126 credentes.
1585 3071 1662 3140 Item,
1682 3069 1802 3126 dicimus

152 3169 231 3209 sunm
247 3153 339 3222 tacuit,
356 3171 391 3211 ne
406 3156 557 3228 prescripti
572 3157 690 3212 nominis
711 3156 822 3224 invidia,
847 3158 949 3214 utilita-
1001 3157 1114 3214 Athenis
1130 3159 1241 3214 Paulum
1257 3159 1385 3230 Epistolae
1400 3165 1507 3229 partem
1528 3157 1687 3229 scripsisse,
1705 3159 1804 3214 Coriu-

149 3249 206 3298 tem
219 3243 358 3314 sequentis
373 3244 530 3300 excluderet
545 3244 679 3304 lectionis.
696 3247 746 3302 Est
758 3247 850 3319 itaque
865 3255 891 3303 et
906 3247 951 3303 illa
999 3247 1040 3302 tbi
1053 3263 1120 3304 vero
1134 3246 1293 3319 perfecisse,
1309 3255 1389 3320 atque
1399 3246 1463 3304 inde
1479 3263 1541 3303 eam
1564 3247 1694 3302 Romanis
1717 3247 1807 3304 desti-

145 3329 270 3402 Epistola
284 3331 369 3401 Pauli,
391 3331 459 3388 sicut
474 3340 500 3389 et
518 3334 591 3390 aliae.
999 3352 1092 3394 nasse.
1108 3331 1158 3392 tet
1172 3336 1261 3408 potius
1282 3336 1366 3409 igitur
1393 3337 1481 3408 prima
1508 3335 1626 3408 ponitur,
1657 3337 1721 3410 quia
1748 3337 1806 3411 pri·

184 3419 226 3474 De
241 3418 336 3474 ordine
351 3436 460 3492 quoque
476 3421 656 3492 Epistularum
673 3423 758 3495 quaeri
773 3421 851 3494 solet,
866 3442 951 3498 quare
1001 3441 1074 3481 mum
1089 3425 1204 3498 gradum
1220 3413 1319 3481 erroris
1347 3425 1472 3491 destruit,
1498 3424 1603 3481 scilicet
1626 3425 1802 3497 superbiam,

151 3522 206 3562 non
220 3507 316 3564 ordine
336 3507 390 3564 sint
408 3509 557 3581 disposite,
581 3528 635 3584 quo
658 3512 693 3568 ab
708 3513 838 3583 Apostolo
861 3514 951 3586 editae,
1001 3513 1122 3570 omnium
1150 3511 1284 3570 malorum
1318 3513 1449 3584 radicem,
1480 3511 1549 3569 sicut
1576 3514 1707 3586 scriptum
1734 3522 1803 3570 est:

152 3596 226 3668 qnod
240 3603 347 3652 constat
361 3613 416 3654 non
430 3611 574 3669 astacum
590 3600 714 3672 Epistola
732 3618 792 3674 quae
802 3603 838 3658 ad
853 3604 952 3659 Roma·
1002 3604 1122 3660 facilium
1136 3603 1229 3658 omnis
1238 3605 1349 3675 peccati
1363 3602 1492 3675 superbia
1507 3605 1549 3658 est
1564 3603 1661 3674 (Eccll.
1675 3603 1716 3676 x).
1734 3602 1805 3675 Quae

151 3684 354 3754 nos'scribitur,
374 3686 465 3758 prim
488 3697 613 3760 ponatur,
636 3706 698 3762 quae
719 3699 809 3746 mmen
834 3708 890 3748 non
912 3701 953 3749 est
1002 3692 1111 3747 natione
1138 3691 1257 3748 scelestis
1281 3689 1436 3746 sublimium
1454 3699 1560 3746 mentes
1580 3691 1726 3758 inhabitat,
1752 3693 1806 3748 sub

154 3779 216 3829 ante
232 3773 301 3830 alias
315 3790 411 3832 omnes
427 3777 536 3850 scripta.
562 3778 714 3849 Epistolam
738 3780 810 3836 enim
835 3797 895 3853 que
918 3782 954 3838 ad
1003 3780 1093 3836 cinere
1108 3788 1135 3837 et
1149 3780 1237 3837 cilicio
1258 3779 1377 3835 latitans.
1407 3778 1474 3848 Quae
1489 3781 1626 3836 Romanos
1656 3780 1725 3836 adeo
1752 3797 1807 3838 oc·

104 3878 112 3890 ·
155 3860 308 3921 Corinthios
350 3864 489 3934 scribitur,
519 3875 582 3922 ante
619 3867 698 3923 istam
733 3869 877 3941 scripsisse
910 3869 953 3927 vi·
1003 3877 1158 3940 cupaverat,
1175 3876 1204 3924 ut
1218 3869 1287 3924 inter
1301 3883 1330 3924 se
1350 3867 1522 3936 altercantes,
1548 3876 1575 3924 et
1599 3885 1628 3925 se
1656 3869 1708 3923 sibi
1732 3869 1806 3926 invi·

154 3949 243 4018 detur,
285 3952 349 4025 quia
388 3954 460 4010 hanc
496 3954 532 4011 de
571 3953 701 4013 Corintho
726 3957 870 4030 scripsisse
894 3959 952 4015 evi·
1003 3973 1062 4015 cem
1078 3957 1252 4030 praeferentes
1262 3956 1448 4014 dissensiones
1461 3965 1489 4014 et
1503 3957 1650 4014 schismata
1669 3957 1804 4016 facerent.

158 4037 255 4096 denter
277 4049 443 4099 monstratur
462 4060 494 4100 ex
509 4045 552 4114 [eo
581 4044 654 4118 quod
689 4043 778 4103 dixit:
805 4047 954 4106 Commen—
1004 4047 1089 4102 Erant
1103 4046 1175 4102 enim
1190 4045 1302 4103 Romani
1318 4043 1351 4102 de
1366 4046 1468 4102 ludaeis
1483 4053 1509 4102 et
1528 4047 1655 4119 gentihus
1669 4047 1704 4103 ad
1728 4047 1809 4105 Chri·

154 4128 189 4184 do
204 4129 280 4185 vobis
290 4131 409 4188 Ptelea
424 4148 548 4190 sororem
563 4138 708 4205 nostrum,
724 4137 887 4193 ministram
908 4137 956 4194 Ec=
1005 4143 1076 4190 stum
1090 4136 1223 4192 conversi.
1241 4133 1325 4190 ludaei
1341 4145 1431 4190 autem
1444 4143 1555 4208 propter
1569 4145 1678 4193 sanctos
1697 4137 1805 4204 Patres,

157 4216 252 4272 clcst'oe
288 4234 350 4291 quoe
378 4225 422 4277 cst
446 4221 578 4279 cenchris
613 4225 701 4294 (hom.
726 4225 794 4296 xvi).
825 4225 954 4282 Cencbris
1005 4224 1132 4296 aquibus
1147 4223 1280 4297 originem
1294 4223 1439 4295 ducebant,
1455 4232 1482 4280 et
1495 4231 1606 4296 propter
1619 4223 1708 4297 legem
1723 4241 1809 4298 quam

156 4303 229 4359 enim
254 4305 354 4364 dicitur
374 4308 452 4365 locus
489 4309 618 4368 Corintho
653 4313 774 4382 vicinus,
801 4313 855 4369 imo
887 4330 953 4386 por·
1006 4312 1058 4368 soli
1073 4312 1143 4368 inter
1157 4319 1269 4368 caeteras
1277 4320 1373 4384 gentes
1384 4319 1558 4385 acceperant,
1567 4313 1683 4385 gentiles
1691 4314 1806 4370 ereden-

156 4399 200 4448 tus
214 4392 300 4465 ipsius
322 4397 453 4454 Corinthi.
477 4400 518 4454 Ex
541 4397 594 4456 boc
617 4417 685 4474 ergo
700 4410 813 4475 apparet
841 4403 875 4459 de
902 4399 1045 4460 Co-Dtes
1060 4399 1258 4472 despiciebant,
1269 4401 1391 4457 dicentes
1401 4409 1514 4474 propter
1522 4401 1722 4458 observantiam
1733 4401 1808 4478 legis

156 4480 247 4538 rintbo
272 4485 383 4558 scripta,
404 4495 432 4542 et
449 4503 483 4543 ex
501 4504 534 4544 eo
559 4489 631 4562 quod
660 4487 748 4545 dicit:
773 4491 955 4548 salutatvos
1006 4489 1049 4546 cui
1065 4489 1215 4547 servierant
1243 4491 1376 4546 meruisse
1404 4489 1527 4562 accipere
1551 4490 1667 4564 gratiam
1692 4491 1806 4561 Christi,

156 4568 239 4627 Caius
254 4573 352 4646 hospes
374 4575 490 4647 (thid.);
514 4576 548 4634 de
574 4592 628 4649 quc
650 4577 774 4634 scribens
809 4578 956 4636 Corinthiis
1006 4586 1032 4634 et
1047 4579 1127 4634 fidem
1142 4578 1295 4650 Evangelii,
1312 4586 1338 4635 et
1354 4585 1466 4651 propter
1479 4579 1576 4635 merita
1589 4595 1704 4652 operum
1715 4579 1806 4654 legis,

155 4670 350 4718 commemorat
365 4664 480 4721 dicens:
498 4665 608 4722 Gratias
625 4682 676 4738 epo
701 4668 755 4722 Deo
776 4684 855 4734 mco,
884 4669 956 4742 quod
1006 4667 1057 4724 sibi
1071 4667 1372 4741 venisseEvangelium
1387 4667 1495 4724 Domini
1510 4668 1595 4726 nostri
1609 4665 1673 4725 lesu
1688 4669 1803 4726 Christi.

156 4750 300 4806 neminem
310 4756 434 4810 cestrum
448 4755 589 4828 baptizavi
603 4756 661 4812 uisi
670 4753 799 4830 Crispum
813 4761 842 4814 et
857 4756 955 4814 Caium
1006 4759 1093 4829 Atque
1107 4757 1150 4814 his
1169 4755 1264 4824 inflati,
1281 4755 1408 4830 gentibus
1423 4773 1453 4813 se
1467 4757 1648 4829 preferebant
1662 4757 1806 4814 dicentes:

157 4845 182 4916 (l
197 4843 258 4899 Cor.
271 4845 303 4916 1).
1005 4845 1063 4901 Nos
1078 4845 1112 4900 de
1125 4845 1187 4919 lege
1202 4845 1319 4902 Abrahae
1338 4860 1441 4912 sumne,
1464 4847 1508 4903 cui
1527 4846 1645 4918 primum
1669 4844 1741 4902 facta
1763 4855 1808 4904 est

192 4933 257 4990 llaec
271 4947 340 5006 ergo
358 4930 481 5004 Epistola
497 4931 749 5006 adintelligendum
762 4935 868 4992 ceteris
883 4933 956 4991 difli—
1005 4933 1161 5006 promissio,
1179 4950 1228 4990 nus
1243 4933 1360 5006 populus
1373 4931 1521 5006 peculiaris
1542 4935 1592 4991 Dei
1618 4951 1713 4990 sumus
1729 4953 1737 5002 ;
1754 4950 1808 4990 nos

156 5021 245 5088 cilior,
260 5021 290 5076 in
303 5036 357 5094 qua
371 5018 517 5094 Apostolus
539 5021 644 5079 videtur
670 5022 828 5096 perfectior,
850 5025 956 5096 prima-
1006 5021 1040 5078 de
1054 5023 1169 5095 Egypto
1184 5022 1244 5078 forti
1258 5037 1341 5078 manu
1361 5031 1387 5078 et
1409 5019 1576 5078 mirabilibus
1597 5021 1683 5092 signis
1707 5021 1807 5079 Domi-

156 5118 214 5168 turn
229 5109 345 5168 obtinuit
359 5109 517 5181 incorpore
532 5110 713 5182 Epistolamm
731 5127 738 5166 τ
755 5128 809 5168 non
826 5113 897 5185 quod
921 5111 956 5170 ab
1005 5127 1056 5167 nus
1072 5110 1186 5179 eduxit3
1202 5127 1253 5167 nos
1268 5111 1342 5168 sicce
1356 5111 1473 5183 vestigio
1486 5126 1563 5168 mare
1578 5111 1700 5168 Rubrum
1715 5119 1807 5168 trans-

158 5200 288 5272 Apostolo
302 5199 390 5270 prima
404 5197 438 5255 sit
452 5197 564 5271 scripta,
581 5200 630 5257 sed
644 5215 729 5258 causa
749 5201 889 5274 dignitatis
902 5202 956 5258 Ro·
1006 5199 1046 5257 ire
1062 5199 1134 5268 fecit,
1151 5199 1178 5255 in
1192 5201 1303 5257 deserto
1318 5215 1416 5256 menna
1437 5199 1522 5274 pavit,
1538 5215 1635 5273 aquam
1663 5201 1698 5256 de
1725 5209 1809 5274 petra

158 5301 312 5354 manorum,
342 5288 388 5361 qui
411 5297 475 5346 tunc
506 5289 636 5360 temporis
668 5289 802 5346 universis
830 5290 956 5364 gentibus
1006 5289 1143 5362 produxit,
1159 5296 1185 5345 et
1200 5287 1261 5344 aliis
1275 5287 1325 5344 sub
1340 5289 1447 5346 silentio
1462 5288 1573 5357 relictis,
1602 5304 1653 5345 nos
1682 5287 1733 5346 scii
1760 5307 1810 5346 su-

158 5375 337 5446 imperabant.
360 5378 573 5449 Interpretantur
586 5386 676 5434 autem
696 5379 810 5436 hnmani
824 5380 957 5436 sublimes
1006 5377 1152 5452 musdigni
1174 5377 1265 5453 legem
1288 5377 1339 5433 Dei
1366 5377 1491 5450 accipere
1513 5385 1540 5433 et
1560 5377 1619 5448 ejus
1639 5375 1810 5436 voluntatem

158 5463 217 5522 sive
233 5465 375 5536 manetes,
387 5465 504 5538 quiaillo
515 5473 645 5541 tempore,
660 5482 713 5541 quo
726 5467 873 5542 Apostolus
887 5471 957 5528 hanc
1007 5482 1184 5544 cognoscere.
1200 5466 1242 5524 Ad
1253 5481 1303 5524 nos
1326 5481 1434 5540 quoque
1462 5465 1617 5541 specialiter
1642 5465 1694 5525 Dei
1721 5465 1810 5526 Filius
