<?xml version="1.0" encoding="UTF-8"?>
<!DOCTYPE html PUBLIC "-//W3C//DTD XHTML 1.0 Transitional//EN"
    "http://www.w3.org/TR/xhtml1/DTD/xhtml1-transitional.dtd">
<html xmlns="http://www.w3.org/1999/xhtml" xml:lang="en" lang="en">
 <head>
  <title>
</title>
<meta http-equiv="Content-Type" content="text/html;charset=utf-8" />
  <meta name='ocr-system' content='tesseract 3.04.00' />
  <meta name='ocr-capabilities' content='ocr_page ocr_carea ocr_par ocr_line ocrx_word'/>
</head>
<body>
  <div class='ocr_page' id='page_1' title='image "./patrologiaecurs122unkngoog_0381.png"; bbox 0 0 3930 6066; ppageno 0'>
   <div class='ocr_carea' id='block_1_1' title="bbox 104 277 159 332">
    <p class='ocr_par' dir='ltr' id='par_1_1' title="bbox 104 277 159 332">
     <span class='ocr_line' id='line_1_1' title="bbox 104 277 159 332; baseline 0 0"><span class='ocrx_word' id='word_1_1' title='bbox 104 277 159 332; x_wconf 75' lang='lat' dir='ltr'><strong>&#39;tta</strong></span> 
     </span>
    </p>
   </div>
   <div class='ocr_carea' id='block_1_2' title="bbox 518 265 1379 364">
    <p class='ocr_par' dir='ltr' id='par_1_2' title="bbox 518 265 1379 364">
     <span class='ocr_line' id='line_1_2' title="bbox 518 265 1379 364; baseline -0.003 -35"><span class='ocrx_word' id='word_1_2' title='bbox 518 271 800 329; x_wconf 77' lang='lat' dir='ltr'><strong>couuuursltluu</strong></span> <span class='ocrx_word' id='word_1_3' title='bbox 829 269 866 324; x_wconf 90' lang='lat' dir='ltr'><strong>IN</strong></span> <span class='ocrx_word' id='word_1_4' title='bbox 889 265 1055 364; x_wconf 71' lang='lat' dir='ltr'><strong>istiuas</strong></span> <span class='ocrx_word' id='word_1_5' title='bbox 1072 298 1107 310; x_wconf 95' lang='lat'>-</span> <span class='ocrx_word' id='word_1_6' title='bbox 1122 268 1216 325; x_wconf 79' lang='lat' dir='ltr'><strong>PSAL.</strong></span> <span class='ocrx_word' id='word_1_7' title='bbox 1233 270 1379 326; x_wconf 80' lang='lat' dir='ltr'>LXXVIII.</span> 
     </span>
    </p>
   </div>
   <div class='ocr_carea' id='block_1_3' title="bbox 1702 271 1755 325">
    <p class='ocr_par' dir='ltr' id='par_1_3' title="bbox 1702 271 1755 325">
     <span class='ocr_line' id='line_1_3' title="bbox 1702 271 1755 325; baseline 0 0"><span class='ocrx_word' id='word_1_8' title='bbox 1702 271 1755 325; x_wconf 73' lang='lat' dir='ltr'><strong>&#39;lbi</strong></span> 
     </span>
    </p>
   </div>
   <div class='ocr_carea' id='block_1_4' title="bbox 107 391 1758 469">
    <p class='ocr_par' dir='ltr' id='par_1_4' title="bbox 107 391 1758 469">
     <span class='ocr_line' id='line_1_4' title="bbox 107 391 1758 469; baseline -0.004 -15"><span class='ocrx_word' id='word_1_9' title='bbox 107 406 150 454; x_wconf 88' lang='lat' dir='ltr'><strong>rat</strong></span> <span class='ocrx_word' id='word_1_10' title='bbox 163 397 205 454; x_wconf 91' lang='lat' dir='ltr'><strong>eis</strong></span> <span class='ocrx_word' id='word_1_11' title='bbox 219 397 346 469; x_wconf 86' lang='lat' dir='ltr'><strong>sepelire,</strong></span> <span class='ocrx_word' id='word_1_12' title='bbox 372 397 437 452; x_wconf 90' lang='lat' dir='ltr'><strong>dum</strong></span> <span class='ocrx_word' id='word_1_13' title='bbox 456 395 583 452; x_wconf 87' lang='lat' dir='ltr'><strong>amnibus</strong></span> <span class='ocrx_word' id='word_1_14' title='bbox 605 395 755 468; x_wconf 87' lang='lat' dir='ltr'><strong>periculum</strong></span> <span class='ocrx_word' id='word_1_15' title='bbox 779 393 908 450; x_wconf 88' lang='lat' dir='ltr'><strong>immine·</strong></span> <span class='ocrx_word' id='word_1_16' title='bbox 922 391 1031 461; x_wconf 77' lang='lat' dir='ltr'><strong>Arum,</strong></span> <span class='ocrx_word' id='word_1_17' title='bbox 1054 393 1152 448; x_wconf 91' lang='lat' dir='ltr'><strong>horum</strong></span> <span class='ocrx_word' id='word_1_18' title='bbox 1177 394 1379 465; x_wconf 89' lang='lat' dir='ltr'><strong>comparatione</strong></span> <span class='ocrx_word' id='word_1_19' title='bbox 1403 393 1556 467; x_wconf 63' lang='grc' dir='ltr'><strong>ιειιειιιις</strong></span> <span class='ocrx_word' id='word_1_20' title='bbox 1572 399 1602 452; x_wconf 85' lang='grc' dir='ltr'><strong>ει</strong></span> <span class='ocrx_word' id='word_1_21' title='bbox 1615 395 1647 450; x_wconf 86' lang='lat' dir='ltr'><strong>in</strong></span> <span class='ocrx_word' id='word_1_22' title='bbox 1671 409 1758 466; x_wconf 80' lang='lat' dir='ltr'><strong>repno</strong></span> 
     </span>
    </p>
   </div>
   <div class='ocr_carea' id='block_1_5' title="bbox 105 483 912 2320">
    <p class='ocr_par' dir='ltr' id='par_1_5' title="bbox 108 483 911 821">
     <span class='ocr_line' id='line_1_5' title="bbox 109 483 911 558; baseline -0.007 -17"><span class='ocrx_word' id='word_1_23' title='bbox 109 493 162 542; x_wconf 90' lang='lat' dir='ltr'><strong>ret.</strong></span> <span class='ocrx_word' id='word_1_24' title='bbox 179 485 258 542; x_wconf 83' lang='lat' dir='ltr'>Unde</span> <span class='ocrx_word' id='word_1_25' title='bbox 281 485 380 554; x_wconf 87' lang='lat' dir='ltr'><strong>subdit,</strong></span> <span class='ocrx_word' id='word_1_26' title='bbox 396 489 424 541; x_wconf 88' lang='lat' dir='ltr'><strong>et</strong></span> <span class='ocrx_word' id='word_1_27' title='bbox 439 502 496 541; x_wconf 86' lang='lat' dir='ltr'><strong>nan</strong></span> <span class='ocrx_word' id='word_1_28' title='bbox 511 487 574 541; x_wconf 90' lang='lat' dir='ltr'><strong>erat</strong></span> <span class='ocrx_word' id='word_1_29' title='bbox 587 486 635 558; x_wconf 85' lang='lat' dir='ltr'><strong>qut</strong></span> <span class='ocrx_word' id='word_1_30' title='bbox 653 485 795 557; x_wconf 76' lang='lat' dir='ltr'><strong><em>sepeliret.</em></strong></span> <span class='ocrx_word' id='word_1_31' title='bbox 820 483 911 538; x_wconf 87' lang='lat' dir='ltr'><strong>Potest</strong></span> 
     </span>
     <span class='ocr_line' id='line_1_6' title="bbox 109 570 909 646; baseline -0.006 -18"><span class='ocrx_word' id='word_1_32' title='bbox 109 575 163 630; x_wconf 90' lang='lat' dir='ltr'><strong>hoo</strong></span> <span class='ocrx_word' id='word_1_33' title='bbox 178 582 204 630; x_wconf 89' lang='lat' dir='ltr'><strong>ct</strong></span> <span class='ocrx_word' id='word_1_34' title='bbox 219 573 252 628; x_wconf 91' lang='lat' dir='ltr'><strong>de</strong></span> <span class='ocrx_word' id='word_1_35' title='bbox 267 570 392 629; x_wconf 77' lang='lat' dir='ltr'><strong>Ecclesia</strong></span> <span class='ocrx_word' id='word_1_36' title='bbox 415 573 511 644; x_wconf 82' lang='lat' dir='ltr'><strong>sculpi,</strong></span> <span class='ocrx_word' id='word_1_37' title='bbox 528 589 587 646; x_wconf 84' lang='lat' dir='ltr'><strong>quae</strong></span> <span class='ocrx_word' id='word_1_38' title='bbox 612 578 638 628; x_wconf 91' lang='lat' dir='ltr'><strong>et</strong></span> <span class='ocrx_word' id='word_1_39' title='bbox 652 587 702 643; x_wconf 91' lang='lat' dir='ltr'><strong>per</strong></span> <span class='ocrx_word' id='word_1_40' title='bbox 720 579 804 626; x_wconf 86' lang='lat' dir='ltr'><strong>totum</strong></span> <span class='ocrx_word' id='word_1_41' title='bbox 828 586 909 626; x_wconf 92' lang='lat' dir='ltr'><strong>mun-</strong></span> 
     </span>
     <span class='ocr_line' id='line_1_7' title="bbox 108 657 910 734; baseline -0.006 -18"><span class='ocrx_word' id='word_1_42' title='bbox 108 663 174 716; x_wconf 89' lang='lat' dir='ltr'><strong>dum</strong></span> <span class='ocrx_word' id='word_1_43' title='bbox 191 677 271 734; x_wconf 87' lang='lat' dir='ltr'><strong>passa</strong></span> <span class='ocrx_word' id='word_1_44' title='bbox 285 668 337 728; x_wconf 89' lang='grc' dir='ltr'><strong>εει,</strong></span> <span class='ocrx_word' id='word_1_45' title='bbox 355 661 431 731; x_wconf 87' lang='lat' dir='ltr'><strong>cujus</strong></span> <span class='ocrx_word' id='word_1_46' title='bbox 446 661 575 716; x_wconf 76' lang='lat' dir='ltr'><strong>circuitus</strong></span> <span class='ocrx_word' id='word_1_47' title='bbox 597 668 638 716; x_wconf 87' lang='lat' dir='ltr'><strong>est</strong></span> <span class='ocrx_word' id='word_1_48' title='bbox 652 675 701 732; x_wconf 82' lang='lat' dir='ltr'><strong>per</strong></span> <span class='ocrx_word' id='word_1_49' title='bbox 715 665 800 715; x_wconf 89' lang='lat' dir='ltr'><strong>totum</strong></span> <span class='ocrx_word' id='word_1_50' title='bbox 814 657 910 714; x_wconf 91' lang='lat' dir='ltr'><strong>orbem</strong></span> 
     </span>
     <span class='ocr_line' id='line_1_8' title="bbox 109 747 382 821; baseline 0 -17"><span class='ocrx_word' id='word_1_51' title='bbox 109 749 157 805; x_wconf 90' lang='lat' dir='ltr'><strong>ubi</strong></span> <span class='ocrx_word' id='word_1_52' title='bbox 171 749 328 821; x_wconf 85' lang='lat' dir='ltr'><strong>persecutio</strong></span> <span class='ocrx_word' id='word_1_53' title='bbox 343 747 382 804; x_wconf 89' lang='lat' dir='ltr'><strong>tit.</strong></span> 
     </span>
    </p>

    <p class='ocr_par' dir='ltr' id='par_1_6' title="bbox 111 833 910 1071">
     <span class='ocr_line' id='line_1_9' title="bbox 145 833 910 908; baseline -0.007 -15"><span class='ocrx_word' id='word_1_54' title='bbox 145 838 232 894; x_wconf 77' lang='lat' dir='ltr'><strong>lans.</strong></span> <span class='ocrx_word' id='word_1_55' title='bbox 258 840 284 892; x_wconf 84' lang='grc'><strong>5.</strong></span> <span class='ocrx_word' id='word_1_56' title='bbox 304 869 339 878; x_wconf 95' lang='grc'>-</span> <span class='ocrx_word' id='word_1_57' title='bbox 359 861 371 885; x_wconf 73' lang='grc' dir='ltr'><strong>ι</strong></span> <span class='ocrx_word' id='word_1_58' title='bbox 392 837 467 893; x_wconf 82' lang='lat' dir='ltr'><strong>Facti</strong></span> <span class='ocrx_word' id='word_1_59' title='bbox 490 851 584 892; x_wconf 88' lang='lat' dir='ltr'><strong>sumus</strong></span> <span class='ocrx_word' id='word_1_60' title='bbox 615 833 791 908; x_wconf 88' lang='lat' dir='ltr'><strong>opprobrium</strong></span> <span class='ocrx_word' id='word_1_61' title='bbox 815 833 910 890; x_wconf 84' lang='lat' dir='ltr'><strong>ricinis</strong></span> 
     </span>
     <span class='ocr_line' id='line_1_10' title="bbox 111 921 910 995; baseline 0 -19"><span class='ocrx_word' id='word_1_62' title='bbox 111 949 122 976; x_wconf 78' lang='grc' dir='ltr'><strong>ι</strong></span> <span class='ocrx_word' id='word_1_63' title='bbox 140 926 243 982; x_wconf 84' lang='grc' dir='ltr'><strong>ιοειιιε</strong></span> <span class='ocrx_word' id='word_1_64' title='bbox 262 944 269 992; x_wconf 91' lang='grc'>;</span> <span class='ocrx_word' id='word_1_65' title='bbox 292 925 471 982; x_wconf 77' lang='lat' dir='ltr'><strong>subsannatio</strong></span> <span class='ocrx_word' id='word_1_66' title='bbox 484 931 510 980; x_wconf 94' lang='grc' dir='ltr'><strong>ει</strong></span> <span class='ocrx_word' id='word_1_67' title='bbox 524 922 614 980; x_wconf 86' lang='grc' dir='ltr'><strong>ιιιιειο</strong></span> <span class='ocrx_word' id='word_1_68' title='bbox 638 923 681 979; x_wconf 89' lang='lat' dir='ltr'><strong>his</strong></span> <span class='ocrx_word' id='word_1_69' title='bbox 695 923 782 995; x_wconf 81' lang='lat' dir='ltr'><strong>qui&#39;in</strong></span> <span class='ocrx_word' id='word_1_70' title='bbox 797 921 910 978; x_wconf 89' lang='lat' dir='ltr'><strong>circuitu</strong></span> 
     </span>
     <span class='ocr_line' id='line_1_11' title="bbox 111 1022 354 1071; baseline -0.021 -2"><span class='ocrx_word' id='word_1_71' title='bbox 111 1039 121 1062; x_wconf 77' lang='grc' dir='ltr'><strong>ι</strong></span> <span class='ocrx_word' id='word_1_72' title='bbox 141 1022 237 1071; x_wconf 82' lang='grc' dir='ltr'><strong>ιοειιο</strong></span> <span class='ocrx_word' id='word_1_73' title='bbox 251 1023 323 1070; x_wconf 91' lang='grc' dir='ltr'><strong>ειιι.</strong></span> <span class='ocrx_word' id='word_1_74' title='bbox 343 1035 354 1064; x_wconf 70' lang='grc' dir='ltr'><strong>ι</strong></span> 
     </span>
    </p>

    <p class='ocr_par' dir='ltr' id='par_1_7' title="bbox 105 1097 912 2320">
     <span class='ocr_line' id='line_1_12' title="bbox 145 1097 910 1176; baseline -0.005 -18"><span class='ocrx_word' id='word_1_75' title='bbox 145 1104 225 1159; x_wconf 86' lang='lat' dir='ltr'><strong>Facti</strong></span> <span class='ocrx_word' id='word_1_76' title='bbox 235 1119 334 1160; x_wconf 85' lang='lat' dir='ltr'><strong>sumus</strong></span> <span class='ocrx_word' id='word_1_77' title='bbox 344 1101 532 1176; x_wconf 87' lang='lat' dir='ltr'><strong>opprobrium.</strong></span> <span class='ocrx_word' id='word_1_78' title='bbox 545 1099 692 1174; x_wconf 78' lang='lat' dir='ltr'><strong>[cassiod.</strong></span> <span class='ocrx_word' id='word_1_79' title='bbox 700 1099 818 1167; x_wconf 79' lang='lat' dir='ltr'><strong>dicuin,</strong></span> <span class='ocrx_word' id='word_1_80' title='bbox 826 1097 910 1173; x_wconf 59' lang='lat' dir='ltr'><strong>tuq]</strong></span> 
     </span>
     <span class='ocr_line' id='line_1_13' title="bbox 108 1187 908 1248; baseline -0.008 -1"><span class='ocrx_word' id='word_1_81' title='bbox 108 1190 231 1248; x_wconf 78' lang='lat' dir='ltr'><strong>Gloriam</strong></span> <span class='ocrx_word' id='word_1_82' title='bbox 255 1189 326 1247; x_wconf 87' lang='lat' dir='ltr'><strong>enim</strong></span> <span class='ocrx_word' id='word_1_83' title='bbox 340 1189 494 1246; x_wconf 85' lang='lat' dir='ltr'><strong>Jerusalem</strong></span> <span class='ocrx_word' id='word_1_84' title='bbox 518 1188 582 1246; x_wconf 90' lang='lat' dir='ltr'><strong>olim</strong></span> <span class='ocrx_word' id='word_1_85' title='bbox 596 1195 653 1245; x_wconf 86' lang='lat' dir='ltr'><strong>toto</strong></span> <span class='ocrx_word' id='word_1_86' title='bbox 677 1189 745 1245; x_wconf 91' lang='lat' dir='ltr'><strong>orbe</strong></span> <span class='ocrx_word' id='word_1_87' title='bbox 767 1187 908 1242; x_wconf 90' lang='lat' dir='ltr'><strong>mirabilia.</strong></span> 
     </span>
     <span class='ocr_line' id='line_1_14' title="bbox 109 1276 910 1350; baseline -0.004 -14"><span class='ocrx_word' id='word_1_88' title='bbox 109 1280 190 1336; x_wconf 87' lang='lat' dir='ltr'><strong><em>Unde</em></strong></span> <span class='ocrx_word' id='word_1_89' title='bbox 204 1279 339 1336; x_wconf 75' lang='lat' dir='ltr'><strong>Ieremias</strong></span> <span class='ocrx_word' id='word_1_90' title='bbox 355 1297 362 1334; x_wconf 75' lang='grc' dir='ltr'><strong>ι</strong></span> <span class='ocrx_word' id='word_1_91' title='bbox 378 1280 440 1334; x_wconf 81' lang='lat' dir='ltr'><strong>llaec</strong></span> <span class='ocrx_word' id='word_1_92' title='bbox 454 1283 497 1334; x_wconf 90' lang='lat' dir='ltr'><strong>est</strong></span> <span class='ocrx_word' id='word_1_93' title='bbox 512 1279 615 1335; x_wconf 84' lang='lat' dir='ltr'><strong>civitas</strong></span> <span class='ocrx_word' id='word_1_94' title='bbox 630 1294 691 1350; x_wconf 84' lang='lat' dir='ltr'><strong>quoe</strong></span> <span class='ocrx_word' id='word_1_95' title='bbox 704 1276 850 1333; x_wconf 79' lang='lat' dir='ltr'><strong><em>dicebatur</em></strong></span> <span class='ocrx_word' id='word_1_96' title='bbox 862 1291 910 1333; x_wconf 84' lang='lat' dir='ltr'><strong>eo·</strong></span> 
     </span>
     <span class='ocr_line' id='line_1_15' title="bbox 107 1364 908 1441; baseline -0.007 -15"><span class='ocrx_word' id='word_1_97' title='bbox 107 1383 181 1426; x_wconf 84' lang='lat' dir='ltr'><strong>rona</strong></span> <span class='ocrx_word' id='word_1_98' title='bbox 190 1369 287 1441; x_wconf 81' lang='lat' dir='ltr'><strong>pior-ire</strong></span> <span class='ocrx_word' id='word_1_99' title='bbox 302 1370 435 1424; x_wconf 73' lang='lat' dir='ltr'><strong>amicast</strong></span> <span class='ocrx_word' id='word_1_100' title='bbox 445 1368 478 1423; x_wconf 84' lang='lat' dir='ltr'><strong>iu</strong></span> <span class='ocrx_word' id='word_1_101' title='bbox 495 1366 673 1440; x_wconf 83' lang='lat' dir='ltr'><strong>opprobrium</strong></span> <span class='ocrx_word' id='word_1_102' title='bbox 683 1365 784 1422; x_wconf 87' lang='lat' dir='ltr'><strong>uicinis</strong></span> <span class='ocrx_word' id='word_1_103' title='bbox 794 1364 908 1434; x_wconf 78' lang='lat' dir='ltr'><strong>(ibren.</strong></span> 
     </span>
     <span class='ocr_line' id='line_1_16' title="bbox 108 1452 912 1529; baseline -0.004 -19"><span class='ocrx_word' id='word_1_104' title='bbox 108 1455 150 1526; x_wconf 90' lang='grc' dir='ltr'><strong>ιι).</strong></span> <span class='ocrx_word' id='word_1_105' title='bbox 160 1455 241 1524; x_wconf 91' lang='lat' dir='ltr'><strong>Quod</strong></span> <span class='ocrx_word' id='word_1_106' title='bbox 251 1455 364 1529; x_wconf 78' lang='lat' dir='ltr'><strong>gravius</strong></span> <span class='ocrx_word' id='word_1_107' title='bbox 373 1462 424 1518; x_wconf 88' lang='grc' dir='ltr'><strong>εει,</strong></span> <span class='ocrx_word' id='word_1_108' title='bbox 434 1469 514 1526; x_wconf 89' lang='lat' dir='ltr'><strong>quarn</strong></span> <span class='ocrx_word' id='word_1_109' title='bbox 525 1453 548 1509; x_wconf 87' lang='lat' dir='ltr'><strong>si</strong></span> <span class='ocrx_word' id='word_1_110' title='bbox 557 1453 679 1519; x_wconf 88' lang='lat' dir='ltr'><strong>remotis,</strong></span> <span class='ocrx_word' id='word_1_111' title='bbox 688 1453 752 1526; x_wconf 90' lang='lat' dir='ltr'><strong>quia</strong></span> <span class='ocrx_word' id='word_1_112' title='bbox 760 1452 786 1507; x_wconf 90' lang='lat' dir='ltr'><strong>bi</strong></span> <span class='ocrx_word' id='word_1_113' title='bbox 798 1459 912 1508; x_wconf 83' lang='lat' dir='ltr'><strong>suntea-</strong></span> 
     </span>
     <span class='ocr_line' id='line_1_17' title="bbox 106 1541 911 1616; baseline -0.004 -18"><span class='ocrx_word' id='word_1_114' title='bbox 106 1543 190 1599; x_wconf 87' lang='lat' dir='ltr'><strong>sidui.</strong></span> <span class='ocrx_word' id='word_1_115' title='bbox 208 1544 256 1600; x_wconf 83' lang='lat' dir='ltr'><strong>Vel</strong></span> <span class='ocrx_word' id='word_1_116' title='bbox 271 1551 403 1616; x_wconf 79' lang='lat' dir='ltr'><strong>martyres</strong></span> <span class='ocrx_word' id='word_1_117' title='bbox 419 1544 471 1599; x_wconf 90' lang='lat' dir='ltr'><strong>hoc</strong></span> <span class='ocrx_word' id='word_1_118' title='bbox 485 1541 587 1612; x_wconf 86' lang='lat' dir='ltr'><strong>dicunt,</strong></span> <span class='ocrx_word' id='word_1_119' title='bbox 601 1543 676 1614; x_wconf 79' lang='lat' dir='ltr'><strong>sacti</strong></span> <span class='ocrx_word' id='word_1_120' title='bbox 697 1557 794 1598; x_wconf 87' lang='lat' dir='ltr'><strong>sumus</strong></span> <span class='ocrx_word' id='word_1_121' title='bbox 808 1555 911 1612; x_wconf 85' lang='lat' dir='ltr'><strong>oppro-</strong></span> 
     </span>
     <span class='ocr_line' id='line_1_18' title="bbox 107 1627 908 1702; baseline -0.004 -15"><span class='ocrx_word' id='word_1_122' title='bbox 107 1632 203 1688; x_wconf 81' lang='lat' dir='ltr'><strong>brium</strong></span> <span class='ocrx_word' id='word_1_123' title='bbox 219 1633 320 1688; x_wconf 78' lang='grc' dir='ltr'><strong>ιιειιιιε</strong></span> <span class='ocrx_word' id='word_1_124' title='bbox 331 1633 450 1702; x_wconf 84' lang='lat' dir='ltr'><strong>nostris,</strong></span> <span class='ocrx_word' id='word_1_125' title='bbox 465 1630 493 1685; x_wconf 93' lang='lat' dir='ltr'><strong>id</strong></span> <span class='ocrx_word' id='word_1_126' title='bbox 507 1637 559 1698; x_wconf 88' lang='lat' dir='ltr'><strong>est,</strong></span> <span class='ocrx_word' id='word_1_127' title='bbox 581 1627 724 1685; x_wconf 81' lang='lat' dir='ltr'><strong>affectione</strong></span> <span class='ocrx_word' id='word_1_128' title='bbox 739 1627 908 1700; x_wconf 81' lang='lat' dir='ltr'><strong>propinquis.</strong></span> 
     </span>
     <span class='ocr_line' id='line_1_19' title="bbox 105 1718 910 1786; baseline -0.005 -12"><span class='ocrx_word' id='word_1_129' title='bbox 105 1718 328 1776; x_wconf 84' lang='lat' dir='ltr'><strong>lamvolentibus</strong></span> <span class='ocrx_word' id='word_1_130' title='bbox 338 1719 466 1786; x_wconf 71' lang='lat' dir='ltr'><strong>credere,</strong></span> <span class='ocrx_word' id='word_1_131' title='bbox 477 1718 663 1774; x_wconf 73' lang='lat' dir='ltr'><strong>subsannatio</strong></span> <span class='ocrx_word' id='word_1_132' title='bbox 673 1721 701 1772; x_wconf 85' lang='lat' dir='ltr'><strong>et</strong></span> <span class='ocrx_word' id='word_1_133' title='bbox 710 1718 806 1773; x_wconf 85' lang='lat' dir='ltr'><strong>illusio</strong></span> <span class='ocrx_word' id='word_1_134' title='bbox 817 1732 910 1772; x_wconf 86' lang='lat' dir='ltr'><strong>sumus</strong></span> 
     </span>
     <span class='ocr_line' id='line_1_20' title="bbox 108 1804 909 1880; baseline -0.005 -18"><span class='ocrx_word' id='word_1_135' title='bbox 108 1807 164 1874; x_wconf 79' lang='lat' dir='ltr'><strong>liis,</strong></span> <span class='ocrx_word' id='word_1_136' title='bbox 172 1807 454 1880; x_wconf 77' lang='lat' dir='ltr'><strong>augetscelusliisqui</strong></span> <span class='ocrx_word' id='word_1_137' title='bbox 463 1805 494 1862; x_wconf 89' lang='lat' dir='ltr'><strong>in</strong></span> <span class='ocrx_word' id='word_1_138' title='bbox 503 1807 628 1862; x_wconf 85' lang='lat' dir='ltr'><strong>circuitu</strong></span> <span class='ocrx_word' id='word_1_139' title='bbox 638 1809 735 1861; x_wconf 88' lang='lat' dir='ltr'><strong>nostro</strong></span> <span class='ocrx_word' id='word_1_140' title='bbox 745 1809 823 1870; x_wconf 88' lang='lat' dir='ltr'><strong>sunt,</strong></span> <span class='ocrx_word' id='word_1_141' title='bbox 836 1804 909 1859; x_wconf 89' lang='lat' dir='ltr'><strong>idest</strong></span> 
     </span>
     <span class='ocr_line' id='line_1_21' title="bbox 107 1892 909 1969; baseline -0.006 -18"><span class='ocrx_word' id='word_1_142' title='bbox 107 1895 238 1969; x_wconf 82' lang='lat' dir='ltr'><strong>gentibus</strong></span> <span class='ocrx_word' id='word_1_143' title='bbox 262 1911 323 1968; x_wconf 88' lang='lat' dir='ltr'><strong>quae</strong></span> <span class='ocrx_word' id='word_1_144' title='bbox 347 1894 420 1950; x_wconf 85' lang='lat' dir='ltr'><strong>cIrca</strong></span> <span class='ocrx_word' id='word_1_145' title='bbox 443 1892 594 1949; x_wconf 78' lang='lat' dir='ltr'><strong>Jerusalem</strong></span> <span class='ocrx_word' id='word_1_146' title='bbox 617 1901 687 1950; x_wconf 88' lang='lat' dir='ltr'><strong>sunt.</strong></span> <span class='ocrx_word' id='word_1_147' title='bbox 705 1892 752 1948; x_wconf 86' lang='lat' dir='ltr'><strong>Vel</strong></span> <span class='ocrx_word' id='word_1_148' title='bbox 777 1900 909 1963; x_wconf 83' lang='lat' dir='ltr'><strong>martyres</strong></span> 
     </span>
     <span class='ocr_line' id='line_1_22' title="bbox 107 1979 909 2053; baseline -0.004 -16"><span class='ocrx_word' id='word_1_149' title='bbox 107 1985 160 2040; x_wconf 88' lang='lat' dir='ltr'><strong>hoc</strong></span> <span class='ocrx_word' id='word_1_150' title='bbox 184 1983 288 2050; x_wconf 86' lang='grc' dir='ltr'><strong>ιιειιι,</strong></span> <span class='ocrx_word' id='word_1_151' title='bbox 313 1981 489 2038; x_wconf 72' lang='lat' dir='ltr'><strong>subsannabo</strong></span> <span class='ocrx_word' id='word_1_152' title='bbox 518 1988 546 2036; x_wconf 91' lang='lat' dir='ltr'><strong>et</strong></span> <span class='ocrx_word' id='word_1_153' title='bbox 568 1979 659 2036; x_wconf 89' lang='lat' dir='ltr'><strong>illusio</strong></span> <span class='ocrx_word' id='word_1_154' title='bbox 681 1997 775 2036; x_wconf 89' lang='lat' dir='ltr'><strong>sumus</strong></span> <span class='ocrx_word' id='word_1_155' title='bbox 800 1981 842 2034; x_wconf 88' lang='lat' dir='ltr'><strong>his</strong></span> <span class='ocrx_word' id='word_1_156' title='bbox 863 1979 909 2053; x_wconf 90' lang='lat' dir='ltr'><strong>qui</strong></span> 
     </span>
     <span class='ocr_line' id='line_1_23' title="bbox 105 2067 909 2139; baseline -0.005 -13"><span class='ocrx_word' id='word_1_157' title='bbox 105 2072 135 2126; x_wconf 94' lang='lat' dir='ltr'><strong>in</strong></span> <span class='ocrx_word' id='word_1_158' title='bbox 150 2071 263 2128; x_wconf 87' lang='lat' dir='ltr'><strong>circuitu</strong></span> <span class='ocrx_word' id='word_1_159' title='bbox 286 2078 379 2127; x_wconf 90' lang='lat' dir='ltr'><strong>nostro</strong></span> <span class='ocrx_word' id='word_1_160' title='bbox 393 2078 465 2138; x_wconf 91' lang='grc' dir='ltr'><strong>ειιι,</strong></span> <span class='ocrx_word' id='word_1_161' title='bbox 481 2069 508 2124; x_wconf 91' lang='grc' dir='ltr'><strong>ιι</strong></span> <span class='ocrx_word' id='word_1_162' title='bbox 522 2076 565 2124; x_wconf 88' lang='grc' dir='ltr'><strong>εει</strong></span> <span class='ocrx_word' id='word_1_163' title='bbox 579 2067 696 2125; x_wconf 82' lang='grc' dir='ltr'><strong>ιιιιιιειε</strong></span> <span class='ocrx_word' id='word_1_164' title='bbox 718 2068 849 2124; x_wconf 84' lang='lat' dir='ltr'><strong>Ecclesiae</strong></span> <span class='ocrx_word' id='word_1_165' title='bbox 863 2067 909 2139; x_wconf 91' lang='lat' dir='ltr'><strong>qui</strong></span> 
     </span>
     <span class='ocr_line' id='line_1_24' title="bbox 106 2157 908 2230; baseline -0.002 -16"><span class='ocrx_word' id='word_1_166' title='bbox 106 2169 169 2214; x_wconf 87' lang='lat' dir='ltr'><strong>sunt</strong></span> <span class='ocrx_word' id='word_1_167' title='bbox 184 2167 243 2216; x_wconf 88' lang='lat' dir='ltr'><strong>toto</strong></span> <span class='ocrx_word' id='word_1_168' title='bbox 257 2159 334 2226; x_wconf 90' lang='lat' dir='ltr'><strong>orbe,</strong></span> <span class='ocrx_word' id='word_1_169' title='bbox 352 2157 415 2230; x_wconf 91' lang='lat' dir='ltr'><strong>quia</strong></span> <span class='ocrx_word' id='word_1_170' title='bbox 431 2173 485 2214; x_wconf 93' lang='lat' dir='ltr'><strong>non</strong></span> <span class='ocrx_word' id='word_1_171' title='bbox 509 2157 558 2224; x_wconf 90' lang='lat' dir='ltr'><strong>eis,</strong></span> <span class='ocrx_word' id='word_1_172' title='bbox 576 2157 667 2214; x_wconf 88' lang='lat' dir='ltr'><strong>sedin</strong></span> <span class='ocrx_word' id='word_1_173' title='bbox 688 2164 836 2227; x_wconf 88' lang='lat' dir='ltr'><strong>conspectu</strong></span> <span class='ocrx_word' id='word_1_174' title='bbox 851 2157 908 2212; x_wconf 86' lang='lat' dir='ltr'><strong>Do-</strong></span> 
     </span>
     <span class='ocr_line' id='line_1_25' title="bbox 106 2245 907 2320; baseline -0.005 -18"><span class='ocrx_word' id='word_1_175' title='bbox 106 2247 174 2302; x_wconf 87' lang='lat' dir='ltr'><strong>mini</strong></span> <span class='ocrx_word' id='word_1_176' title='bbox 188 2246 310 2320; x_wconf 86' lang='lat' dir='ltr'><strong>pretiosa</strong></span> <span class='ocrx_word' id='word_1_177' title='bbox 324 2255 367 2302; x_wconf 88' lang='lat' dir='ltr'><strong>est</strong></span> <span class='ocrx_word' id='word_1_178' title='bbox 385 2261 460 2302; x_wconf 88' lang='lat' dir='ltr'><strong>mors</strong></span> <span class='ocrx_word' id='word_1_179' title='bbox 484 2253 641 2302; x_wconf 87' lang='lat' dir='ltr'><strong>sanctorum</strong></span> <span class='ocrx_word' id='word_1_180' title='bbox 654 2245 713 2315; x_wconf 87' lang='lat' dir='ltr'><strong>ejus</strong></span> <span class='ocrx_word' id='word_1_181' title='bbox 729 2247 815 2316; x_wconf 85' lang='lat' dir='ltr'><strong>(Psnt&#39;</strong></span> <span class='ocrx_word' id='word_1_182' title='bbox 829 2245 907 2314; x_wconf 80' lang='lat' dir='ltr'><strong>cxv).</strong></span> 
     </span>
    </p>
   </div>
   <div class='ocr_carea' id='block_1_6' title="bbox 107 2367 910 2602">
    <p class='ocr_par' dir='ltr' id='par_1_8' title="bbox 107 2367 910 2602">
     <span class='ocr_line' id='line_1_26' title="bbox 145 2367 907 2442; baseline -0.003 -16"><span class='ocrx_word' id='word_1_183' title='bbox 145 2372 228 2428; x_wconf 82' lang='grc' dir='ltr'><strong>Ριιε.</strong></span> <span class='ocrx_word' id='word_1_184' title='bbox 258 2385 288 2426; x_wconf 90' lang='grc' dir='ltr'><strong>ιι.</strong></span> <span class='ocrx_word' id='word_1_185' title='bbox 322 2371 408 2426; x_wconf 81' lang='lat' dir='ltr'><strong>Vnus.</strong></span> <span class='ocrx_word' id='word_1_186' title='bbox 441 2373 467 2425; x_wconf 87' lang='grc' dir='ltr'><strong>ι.</strong></span> <span class='ocrx_word' id='word_1_187' title='bbox 486 2391 554 2422; x_wconf 78' lang='grc' dir='ltr'><strong>-ι</strong></span> <span class='ocrx_word' id='word_1_188' title='bbox 589 2370 747 2442; x_wconf 87' lang='lat' dir='ltr'><strong>Usquequo,</strong></span> <span class='ocrx_word' id='word_1_189' title='bbox 782 2367 907 2435; x_wconf 88' lang='lat' dir='ltr'><strong>Domine,</strong></span> 
     </span>
     <span class='ocr_line' id='line_1_27' title="bbox 107 2457 910 2527; baseline 0.002 -17"><span class='ocrx_word' id='word_1_190' title='bbox 107 2483 118 2510; x_wconf 82' lang='grc' dir='ltr'><strong>ι</strong></span> <span class='ocrx_word' id='word_1_191' title='bbox 137 2459 267 2515; x_wconf 81' lang='lat' dir='ltr'><strong>Irasceris</strong></span> <span class='ocrx_word' id='word_1_192' title='bbox 291 2457 318 2514; x_wconf 90' lang='lat' dir='ltr'><strong>iu</strong></span> <span class='ocrx_word' id='word_1_193' title='bbox 339 2457 421 2513; x_wconf 89' lang='lat' dir='ltr'><strong>liuem</strong></span> <span class='ocrx_word' id='word_1_194' title='bbox 434 2475 442 2526; x_wconf 88' lang='lat'><strong>;</strong></span> <span class='ocrx_word' id='word_1_195' title='bbox 457 2457 623 2514; x_wconf 87' lang='lat' dir='ltr'><strong>accendetur</strong></span> <span class='ocrx_word' id='word_1_196' title='bbox 643 2457 715 2514; x_wconf 83' lang='lat' dir='ltr'><strong>velut</strong></span> <span class='ocrx_word' id='word_1_197' title='bbox 738 2457 811 2527; x_wconf 74' lang='lat' dir='ltr'><strong>iqnis</strong></span> <span class='ocrx_word' id='word_1_198' title='bbox 836 2457 910 2512; x_wconf 89' lang='lat' dir='ltr'><strong>zelus</strong></span> 
     </span>
     <span class='ocr_line' id='line_1_28' title="bbox 110 2555 246 2602; baseline 0 0"><span class='ocrx_word' id='word_1_199' title='bbox 110 2555 246 2602; x_wconf 67' lang='lat' dir='ltr'><strong>stauai</strong></span> 
     </span>
    </p>
   </div>
   <div class='ocr_carea' id='block_1_7' title="bbox 103 2649 911 3075">
    <p class='ocr_par' dir='ltr' id='par_1_9' title="bbox 103 2649 911 3075">
     <span class='ocr_line' id='line_1_29' title="bbox 145 2649 910 2726; baseline -0.007 -15"><span class='ocrx_word' id='word_1_200' title='bbox 145 2655 296 2726; x_wconf 87' lang='lat' dir='ltr'><strong>llsquequo,</strong></span> <span class='ocrx_word' id='word_1_201' title='bbox 312 2652 438 2708; x_wconf 85' lang='lat' dir='ltr'><strong>Domine.</strong></span> <span class='ocrx_word' id='word_1_202' title='bbox 455 2649 603 2724; x_wconf 76' lang='lat' dir='ltr'><strong>[Cassiod.,</strong></span> <span class='ocrx_word' id='word_1_203' title='bbox 619 2649 845 2723; x_wconf 74' lang='lat' dir='ltr'><strong>dug.,1tlouin.,]</strong></span> <span class='ocrx_word' id='word_1_204' title='bbox 861 2649 910 2706; x_wconf 88' lang='lat' dir='ltr'><strong>Sc·</strong></span> 
     </span>
     <span class='ocr_line' id='line_1_30' title="bbox 103 2737 909 2811; baseline -0.007 -13"><span class='ocrx_word' id='word_1_205' title='bbox 103 2741 197 2799; x_wconf 89' lang='lat' dir='ltr'><strong>cunda</strong></span> <span class='ocrx_word' id='word_1_206' title='bbox 215 2755 290 2811; x_wconf 86' lang='lat' dir='ltr'><strong>pars,</strong></span> <span class='ocrx_word' id='word_1_207' title='bbox 315 2738 473 2810; x_wconf 86' lang='lat' dir='ltr'><strong>deprecatio</strong></span> <span class='ocrx_word' id='word_1_208' title='bbox 488 2746 530 2794; x_wconf 92' lang='grc' dir='ltr'><strong>εει</strong></span> <span class='ocrx_word' id='word_1_209' title='bbox 552 2737 596 2796; x_wconf 83' lang='grc' dir='ltr'><strong>ιιι</strong></span> <span class='ocrx_word' id='word_1_210' title='bbox 611 2753 661 2809; x_wconf 91' lang='lat' dir='ltr'><strong>pro</strong></span> <span class='ocrx_word' id='word_1_211' title='bbox 684 2747 763 2810; x_wconf 89' lang='lat' dir='ltr'><strong>parte</strong></span> <span class='ocrx_word' id='word_1_212' title='bbox 777 2755 827 2794; x_wconf 88' lang='lat' dir='ltr'><strong>sna</strong></span> <span class='ocrx_word' id='word_1_213' title='bbox 840 2753 909 2794; x_wconf 90' lang='lat' dir='ltr'><strong>con-</strong></span> 
     </span>
     <span class='ocr_line' id='line_1_31' title="bbox 103 2825 908 2896; baseline -0.004 -12"><span class='ocrx_word' id='word_1_214' title='bbox 103 2837 149 2884; x_wconf 85' lang='lat' dir='ltr'><strong>tra</strong></span> <span class='ocrx_word' id='word_1_215' title='bbox 171 2828 308 2894; x_wconf 87' lang='lat' dir='ltr'><strong>inimicos,</strong></span> <span class='ocrx_word' id='word_1_216' title='bbox 334 2837 361 2884; x_wconf 91' lang='lat' dir='ltr'><strong>et</strong></span> <span class='ocrx_word' id='word_1_217' title='bbox 385 2827 546 2882; x_wconf 86' lang='lat' dir='ltr'><strong>insultantes</strong></span> <span class='ocrx_word' id='word_1_218' title='bbox 566 2825 680 2882; x_wconf 83' lang='lat' dir='ltr'><strong>ricinos.</strong></span> <span class='ocrx_word' id='word_1_219' title='bbox 706 2825 790 2896; x_wconf 84' lang='lat' dir='ltr'><strong>Quasi</strong></span> <span class='ocrx_word' id='word_1_220' title='bbox 814 2825 908 2883; x_wconf 84' lang='lat' dir='ltr'><strong>dicat:</strong></span> 
     </span>
     <span class='ocr_line' id='line_1_32' title="bbox 103 2915 911 2988; baseline -0.002 -16"><span class='ocrx_word' id='word_1_221' title='bbox 103 2917 147 2974; x_wconf 90' lang='lat' dir='ltr'><strong>llli</strong></span> <span class='ocrx_word' id='word_1_222' title='bbox 161 2917 201 2972; x_wconf 88' lang='lat' dir='ltr'><strong>ita</strong></span> <span class='ocrx_word' id='word_1_223' title='bbox 215 2916 330 2972; x_wconf 72' lang='lat' dir='ltr'><strong>seviunt</strong></span> <span class='ocrx_word' id='word_1_224' title='bbox 344 2915 371 2971; x_wconf 90' lang='grc' dir='ltr'><strong>ιι</strong></span> <span class='ocrx_word' id='word_1_225' title='bbox 387 2929 447 2982; x_wconf 86' lang='lat' dir='ltr'><strong>nos,</strong></span> <span class='ocrx_word' id='word_1_226' title='bbox 464 2915 514 2970; x_wconf 88' lang='lat' dir='ltr'><strong>sed</strong></span> <span class='ocrx_word' id='word_1_227' title='bbox 527 2929 546 2970; x_wconf 95' lang='lat' dir='ltr'><strong>o</strong></span> <span class='ocrx_word' id='word_1_228' title='bbox 559 2915 686 2982; x_wconf 83' lang='lat' dir='ltr'><strong>Domine,</strong></span> <span class='ocrx_word' id='word_1_229' title='bbox 703 2929 842 2988; x_wconf 86' lang='lat' dir='ltr'><strong>usquequo</strong></span> <span class='ocrx_word' id='word_1_230' title='bbox 855 2916 911 2970; x_wconf 90' lang='lat' dir='ltr'><strong>ira·</strong></span> 
     </span>
     <span class='ocr_line' id='line_1_33' title="bbox 104 3001 908 3075; baseline -0.007 -11"><span class='ocrx_word' id='word_1_231' title='bbox 104 3007 195 3064; x_wconf 84' lang='lat' dir='ltr'><strong>sceris</strong></span> <span class='ocrx_word' id='word_1_232' title='bbox 209 3003 289 3060; x_wconf 83' lang='lat' dir='ltr'><strong>nabla</strong></span> <span class='ocrx_word' id='word_1_233' title='bbox 302 3017 391 3075; x_wconf 85' lang='lat' dir='ltr'><strong>nsque</strong></span> <span class='ocrx_word' id='word_1_234' title='bbox 405 3005 437 3059; x_wconf 86' lang='lat' dir='ltr'><strong>tn</strong></span> <span class='ocrx_word' id='word_1_235' title='bbox 450 3004 547 3073; x_wconf 72' lang='lat' dir='ltr'><strong>finem.</strong></span> <span class='ocrx_word' id='word_1_236' title='bbox 574 3001 658 3072; x_wconf 88' lang='lat' dir='ltr'><strong>Quasi</strong></span> <span class='ocrx_word' id='word_1_237' title='bbox 671 3001 753 3059; x_wconf 88' lang='lat' dir='ltr'><strong>dicat.</strong></span> <span class='ocrx_word' id='word_1_238' title='bbox 774 3001 836 3058; x_wconf 90' lang='lat' dir='ltr'><strong>Noli</strong></span> <span class='ocrx_word' id='word_1_239' title='bbox 851 3001 908 3058; x_wconf 88' lang='lat' dir='ltr'><strong>ira-</strong></span> 
     </span>
    </p>
   </div>
   <div class='ocr_carea' id='block_1_8' title="bbox 104 3089 948 3164">
    <p class='ocr_par' dir='ltr' id='par_1_10' title="bbox 104 3089 948 3164">
     <span class='ocr_line' id='line_1_34' title="bbox 104 3089 948 3164; baseline -0.005 -14"><span class='ocrx_word' id='word_1_240' title='bbox 104 3094 146 3150; x_wconf 89' lang='lat' dir='ltr'><strong>sci</strong></span> <span class='ocrx_word' id='word_1_241' title='bbox 160 3093 189 3148; x_wconf 86' lang='lat' dir='ltr'><strong>in</strong></span> <span class='ocrx_word' id='word_1_242' title='bbox 204 3091 296 3148; x_wconf 83' lang='lat' dir='ltr'><strong>inem.</strong></span> <span class='ocrx_word' id='word_1_243' title='bbox 320 3093 409 3164; x_wconf 71' lang='lat' dir='ltr'><strong>Rogat</strong></span> <span class='ocrx_word' id='word_1_244' title='bbox 422 3105 458 3146; x_wconf 87' lang='lat' dir='ltr'><strong>ue</strong></span> <span class='ocrx_word' id='word_1_245' title='bbox 471 3105 556 3164; x_wconf 87' lang='lat' dir='ltr'><strong>usque</strong></span> <span class='ocrx_word' id='word_1_246' title='bbox 575 3090 604 3145; x_wconf 93' lang='lat' dir='ltr'><strong>in</strong></span> <span class='ocrx_word' id='word_1_247' title='bbox 618 3089 700 3147; x_wconf 90' lang='lat' dir='ltr'><strong>tinem</strong></span> <span class='ocrx_word' id='word_1_248' title='bbox 724 3090 864 3160; x_wconf 86' lang='lat' dir='ltr'><strong>irascatur,</strong></span> <span class='ocrx_word' id='word_1_249' title='bbox 880 3091 909 3146; x_wconf 92' lang='lat' dir='ltr'><strong>id</strong></span> <span class='ocrx_word' id='word_1_250' title='bbox 925 3092 948 3157; x_wconf 85' lang='lat' dir='ltr'>G</span> 
     </span>
    </p>
   </div>
   <div class='ocr_carea' id='block_1_9' title="bbox 97 3179 908 4664">
    <p class='ocr_par' dir='ltr' id='par_1_11' title="bbox 97 3179 908 4664">
     <span class='ocr_line' id='line_1_35' title="bbox 103 3179 907 3251; baseline -0.006 -12"><span class='ocrx_word' id='word_1_251' title='bbox 103 3191 146 3239; x_wconf 89' lang='grc' dir='ltr'><strong>εει</strong></span> <span class='ocrx_word' id='word_1_252' title='bbox 161 3197 196 3236; x_wconf 92' lang='grc' dir='ltr'><strong>ιε</strong></span> <span class='ocrx_word' id='word_1_253' title='bbox 210 3179 259 3236; x_wconf 88' lang='lat' dir='ltr'><strong>illa</strong></span> <span class='ocrx_word' id='word_1_254' title='bbox 272 3180 385 3236; x_wconf 79' lang='lat' dir='ltr'><strong>vastatio</strong></span> <span class='ocrx_word' id='word_1_255' title='bbox 409 3186 575 3251; x_wconf 85' lang='lat' dir='ltr'><strong>perseveret,</strong></span> <span class='ocrx_word' id='word_1_256' title='bbox 600 3179 649 3234; x_wconf 88' lang='lat' dir='ltr'><strong>sed</strong></span> <span class='ocrx_word' id='word_1_257' title='bbox 664 3186 797 3250; x_wconf 88' lang='lat' dir='ltr'><strong>temperet</strong></span> <span class='ocrx_word' id='word_1_258' title='bbox 810 3193 907 3234; x_wconf 92' lang='lat' dir='ltr'><strong>corre-</strong></span> 
     </span>
     <span class='ocr_line' id='line_1_36' title="bbox 105 3266 908 3340; baseline -0.006 -13"><span class='ocrx_word' id='word_1_259' title='bbox 105 3269 236 3328; x_wconf 87' lang='lat' dir='ltr'><strong>ctionem.</strong></span> <span class='ocrx_word' id='word_1_260' title='bbox 262 3268 323 3323; x_wconf 87' lang='lat' dir='ltr'><strong>lam</strong></span> <span class='ocrx_word' id='word_1_261' title='bbox 337 3283 405 3340; x_wconf 76' lang='lat' dir='ltr'><strong>ergo</strong></span> <span class='ocrx_word' id='word_1_262' title='bbox 429 3275 568 3340; x_wconf 81' lang='lat' dir='ltr'><strong>precatur,</strong></span> <span class='ocrx_word' id='word_1_263' title='bbox 584 3267 630 3340; x_wconf 93' lang='lat' dir='ltr'><strong>qui</strong></span> <span class='ocrx_word' id='word_1_264' title='bbox 644 3282 727 3338; x_wconf 89' lang='lat' dir='ltr'><strong>supra</strong></span> <span class='ocrx_word' id='word_1_265' title='bbox 748 3266 908 3338; x_wconf 85' lang='lat' dir='ltr'><strong>deplorabat</strong></span> 
     </span>
     <span class='ocr_line' id='line_1_37' title="bbox 104 3355 907 3428; baseline -0.006 -13"><span class='ocrx_word' id='word_1_266' title='bbox 104 3367 131 3415; x_wconf 84' lang='lat' dir='ltr'><strong>et</strong></span> <span class='ocrx_word' id='word_1_267' title='bbox 147 3364 208 3414; x_wconf 86' lang='lat' dir='ltr'><strong>orat</strong></span> <span class='ocrx_word' id='word_1_268' title='bbox 230 3355 303 3428; x_wconf 92' lang='lat' dir='ltr'><strong>quod</strong></span> <span class='ocrx_word' id='word_1_269' title='bbox 318 3355 436 3411; x_wconf 88' lang='lat' dir='ltr'><strong>laturum</strong></span> <span class='ocrx_word' id='word_1_270' title='bbox 460 3355 503 3422; x_wconf 86' lang='lat' dir='ltr'><strong>sit,</strong></span> <span class='ocrx_word' id='word_1_271' title='bbox 520 3361 548 3412; x_wconf 89' lang='grc' dir='ltr'><strong>ει</strong></span> <span class='ocrx_word' id='word_1_272' title='bbox 561 3362 625 3412; x_wconf 89' lang='lat' dir='ltr'><strong>lunc</strong></span> <span class='ocrx_word' id='word_1_273' title='bbox 647 3355 729 3427; x_wconf 89' lang='lat' dir='ltr'><strong>aliqui</strong></span> <span class='ocrx_word' id='word_1_274' title='bbox 746 3355 809 3411; x_wconf 92' lang='lat' dir='ltr'><strong>boni</strong></span> <span class='ocrx_word' id='word_1_275' title='bbox 829 3363 907 3410; x_wconf 87' lang='lat' dir='ltr'><strong>erant</strong></span> 
     </span>
     <span class='ocr_line' id='line_1_38' title="bbox 103 3443 908 3517; baseline 0 -17"><span class='ocrx_word' id='word_1_276' title='bbox 103 3448 175 3502; x_wconf 87' lang='lat' dir='ltr'><strong>inter</strong></span> <span class='ocrx_word' id='word_1_277' title='bbox 184 3461 232 3501; x_wconf 85' lang='lat' dir='ltr'><strong>eos</strong></span> <span class='ocrx_word' id='word_1_278' title='bbox 244 3464 252 3512; x_wconf 69' lang='grc' dir='ltr'>ς</span> <span class='ocrx_word' id='word_1_279' title='bbox 262 3449 291 3500; x_wconf 89' lang='lat' dir='ltr'><strong>et</strong></span> <span class='ocrx_word' id='word_1_280' title='bbox 305 3444 383 3501; x_wconf 78' lang='lat' dir='ltr'><strong>aetus</strong></span> <span class='ocrx_word' id='word_1_281' title='bbox 398 3447 475 3513; x_wconf 88' lang='lat' dir='ltr'><strong>tuus,</strong></span> <span class='ocrx_word' id='word_1_282' title='bbox 490 3459 634 3517; x_wconf 88' lang='lat' dir='ltr'><strong>usquequo</strong></span> <span class='ocrx_word' id='word_1_283' title='bbox 643 3443 756 3513; x_wconf 88' lang='lat' dir='ltr'><strong>scilicet,</strong></span> <span class='ocrx_word' id='word_1_284' title='bbox 773 3445 908 3500; x_wconf 82' lang='lat' dir='ltr'><strong>accende·</strong></span> 
     </span>
     <span class='ocr_line' id='line_1_39' title="bbox 106 3529 906 3603; baseline -0.005 -13"><span class='ocrx_word' id='word_1_285' title='bbox 106 3539 155 3590; x_wconf 86' lang='lat' dir='ltr'><strong>tur</strong></span> <span class='ocrx_word' id='word_1_286' title='bbox 171 3534 249 3590; x_wconf 86' lang='lat' dir='ltr'><strong>uelut</strong></span> <span class='ocrx_word' id='word_1_287' title='bbox 263 3533 348 3603; x_wconf 84' lang='lat' dir='ltr'><strong>ipnis,</strong></span> <span class='ocrx_word' id='word_1_288' title='bbox 364 3532 530 3588; x_wconf 88' lang='lat' dir='ltr'><strong>accendetur</strong></span> <span class='ocrx_word' id='word_1_289' title='bbox 539 3546 626 3603; x_wconf 90' lang='lat' dir='ltr'><strong>usque</strong></span> <span class='ocrx_word' id='word_1_290' title='bbox 640 3531 668 3586; x_wconf 94' lang='lat' dir='ltr'><strong>in</strong></span> <span class='ocrx_word' id='word_1_291' title='bbox 678 3529 770 3588; x_wconf 86' lang='lat' dir='ltr'><strong>finem.</strong></span> <span class='ocrx_word' id='word_1_292' title='bbox 783 3531 845 3586; x_wconf 89' lang='lat' dir='ltr'><strong>Noli</strong></span> <span class='ocrx_word' id='word_1_293' title='bbox 855 3530 906 3586; x_wconf 86' lang='lat' dir='ltr'><strong>ira-</strong></span> 
     </span>
     <span class='ocr_line' id='line_1_40' title="bbox 103 3619 906 3690; baseline -0.004 -13"><span class='ocrx_word' id='word_1_294' title='bbox 103 3623 154 3678; x_wconf 90' lang='lat' dir='ltr'><strong>sci.</strong></span> <span class='ocrx_word' id='word_1_295' title='bbox 171 3623 215 3676; x_wconf 86' lang='lat' dir='ltr'><strong>Ira</strong></span> <span class='ocrx_word' id='word_1_296' title='bbox 230 3627 258 3676; x_wconf 85' lang='lat' dir='ltr'><strong>ot</strong></span> <span class='ocrx_word' id='word_1_297' title='bbox 279 3619 353 3676; x_wconf 86' lang='lat' dir='ltr'><strong>aelus</strong></span> <span class='ocrx_word' id='word_1_298' title='bbox 373 3620 424 3676; x_wconf 84' lang='lat' dir='ltr'><strong>Dei</strong></span> <span class='ocrx_word' id='word_1_299' title='bbox 445 3635 500 3676; x_wconf 93' lang='lat' dir='ltr'><strong>non</strong></span> <span class='ocrx_word' id='word_1_300' title='bbox 524 3626 586 3675; x_wconf 91' lang='lat' dir='ltr'><strong>sunt</strong></span> <span class='ocrx_word' id='word_1_301' title='bbox 606 3619 824 3690; x_wconf 86' lang='lat' dir='ltr'><strong>perturbationes</strong></span> <span class='ocrx_word' id='word_1_302' title='bbox 847 3619 906 3689; x_wconf 88' lang='lat' dir='ltr'><strong>ejus</strong></span> 
     </span>
     <span class='ocr_line' id='line_1_41' title="bbox 104 3707 905 3783; baseline -0.002 -19"><span class='ocrx_word' id='word_1_303' title='bbox 104 3710 151 3783; x_wconf 90' lang='lat' dir='ltr'><strong>qni</strong></span> <span class='ocrx_word' id='word_1_304' title='bbox 165 3725 228 3766; x_wconf 88' lang='lat' dir='ltr'><strong>curn</strong></span> <span class='ocrx_word' id='word_1_305' title='bbox 242 3707 435 3780; x_wconf 88' lang='lat' dir='ltr'><strong>tranquillitate</strong></span> <span class='ocrx_word' id='word_1_306' title='bbox 447 3707 569 3776; x_wconf 63' lang='lat' dir='ltr'><strong>judicum</strong></span> <span class='ocrx_word' id='word_1_307' title='bbox 587 3707 636 3764; x_wconf 87' lang='lat' dir='ltr'><strong>sed</strong></span> <span class='ocrx_word' id='word_1_308' title='bbox 650 3707 760 3763; x_wconf 88' lang='lat' dir='ltr'><strong>nomine</strong></span> <span class='ocrx_word' id='word_1_309' title='bbox 774 3707 831 3775; x_wconf 82' lang='lat' dir='ltr'><strong>irus,</strong></span> <span class='ocrx_word' id='word_1_310' title='bbox 848 3725 905 3764; x_wconf 84' lang='lat' dir='ltr'><strong>vin-</strong></span> 
     </span>
     <span class='ocr_line' id='line_1_42' title="bbox 102 3795 904 3868; baseline -0.002 -14"><span class='ocrx_word' id='word_1_311' title='bbox 102 3799 176 3854; x_wconf 78' lang='lat' dir='ltr'><strong>dicta</strong></span> <span class='ocrx_word' id='word_1_312' title='bbox 204 3795 353 3868; x_wconf 89' lang='lat' dir='ltr'><strong>iniquitatis</strong></span> <span class='ocrx_word' id='word_1_313' title='bbox 381 3795 524 3868; x_wconf 88' lang='lat' dir='ltr'><strong>accipitur,</strong></span> <span class='ocrx_word' id='word_1_314' title='bbox 553 3795 660 3868; x_wconf 88' lang='lat' dir='ltr'><strong>quando</strong></span> <span class='ocrx_word' id='word_1_315' title='bbox 682 3810 735 3867; x_wconf 94' lang='lat' dir='ltr'><strong>pro</strong></span> <span class='ocrx_word' id='word_1_316' title='bbox 757 3795 904 3852; x_wconf 90' lang='lat' dir='ltr'><strong>commisso</strong></span> 
     </span>
     <span class='ocr_line' id='line_1_43' title="bbox 102 3883 904 3955; baseline -0.005 -13"><span class='ocrx_word' id='word_1_317' title='bbox 102 3893 200 3942; x_wconf 88' lang='lat' dir='ltr'><strong>nostro</strong></span> <span class='ocrx_word' id='word_1_318' title='bbox 219 3883 306 3955; x_wconf 91' lang='lat' dir='ltr'><strong>punit.</strong></span> <span class='ocrx_word' id='word_1_319' title='bbox 328 3883 445 3939; x_wconf 84' lang='lat' dir='ltr'><strong>Nomius</strong></span> <span class='ocrx_word' id='word_1_320' title='bbox 459 3883 510 3940; x_wconf 87' lang='lat' dir='ltr'><strong>zeli</strong></span> <span class='ocrx_word' id='word_1_321' title='bbox 522 3883 627 3940; x_wconf 86' lang='lat' dir='ltr'><strong>exactio</strong></span> <span class='ocrx_word' id='word_1_322' title='bbox 649 3883 778 3940; x_wconf 87' lang='lat' dir='ltr'><strong>castitatis</strong></span> <span class='ocrx_word' id='word_1_323' title='bbox 802 3883 904 3940; x_wconf 89' lang='lat' dir='ltr'><strong>intelli-</strong></span> 
     </span>
     <span class='ocr_line' id='line_1_44' title="bbox 104 3971 903 4048; baseline -0.001 -19"><span class='ocrx_word' id='word_1_324' title='bbox 104 3974 189 4048; x_wconf 78' lang='lat' dir='ltr'><strong>gitur,</strong></span> <span class='ocrx_word' id='word_1_325' title='bbox 205 3989 241 4028; x_wconf 89' lang='lat' dir='ltr'><strong>ne</strong></span> <span class='ocrx_word' id='word_1_326' title='bbox 255 3971 347 4027; x_wconf 89' lang='lat' dir='ltr'><strong>anima</strong></span> <span class='ocrx_word' id='word_1_327' title='bbox 361 3971 451 4043; x_wconf 70' lang='lat' dir='ltr'><strong>legem</strong></span> <span class='ocrx_word' id='word_1_328' title='bbox 465 3971 515 4027; x_wconf 87' lang='lat' dir='ltr'><strong>Dei</strong></span> <span class='ocrx_word' id='word_1_329' title='bbox 537 3971 579 4028; x_wconf 91' lang='grc' dir='ltr'><strong>ειι</strong></span> <span class='ocrx_word' id='word_1_330' title='bbox 594 3979 758 4038; x_wconf 90' lang='lat' dir='ltr'><strong>contemnat,</strong></span> <span class='ocrx_word' id='word_1_331' title='bbox 775 3981 829 4028; x_wconf 89' lang='lat' dir='ltr'><strong>ets</strong></span> <span class='ocrx_word' id='word_1_332' title='bbox 845 3973 903 4028; x_wconf 89' lang='lat' dir='ltr'><strong>Deo</strong></span> 
     </span>
     <span class='ocr_line' id='line_1_45' title="bbox 103 4060 903 4132; baseline -0.001 -13"><span class='ocrx_word' id='word_1_333' title='bbox 103 4078 155 4119; x_wconf 84' lang='lat' dir='ltr'><strong>auo</strong></span> <span class='ocrx_word' id='word_1_334' title='bbox 169 4061 332 4118; x_wconf 79' lang='lat' dir='ltr'><strong>fornicando</strong></span> <span class='ocrx_word' id='word_1_335' title='bbox 345 4060 493 4132; x_wconf 88' lang='lat' dir='ltr'><strong>dispereat,</strong></span> <span class='ocrx_word' id='word_1_336' title='bbox 504 4068 534 4116; x_wconf 87' lang='lat' dir='ltr'><strong>ut</strong></span> <span class='ocrx_word' id='word_1_337' title='bbox 545 4060 575 4115; x_wconf 93' lang='grc' dir='ltr'><strong>ιι</strong></span> <span class='ocrx_word' id='word_1_338' title='bbox 584 4061 635 4116; x_wconf 91' lang='lat' dir='ltr'><strong>lob</strong></span> <span class='ocrx_word' id='word_1_339' title='bbox 648 4060 706 4116; x_wconf 83' lang='lat' dir='ltr'><strong>fnit.</strong></span> <span class='ocrx_word' id='word_1_340' title='bbox 723 4061 758 4116; x_wconf 83' lang='lat' dir='ltr'><strong>Et</strong></span> <span class='ocrx_word' id='word_1_341' title='bbox 766 4068 831 4116; x_wconf 89' lang='lat' dir='ltr'><strong>nata</strong></span> <span class='ocrx_word' id='word_1_342' title='bbox 844 4062 903 4118; x_wconf 79' lang='lat' dir='ltr'><strong>heo</strong></span> 
     </span>
     <span class='ocr_line' id='line_1_46' title="bbox 102 4147 904 4230; baseline -0.005 -23"><span class='ocrx_word' id='word_1_343' title='bbox 102 4149 297 4224; x_wconf 87' lang='lat' dir='ltr'><strong>propeccatis,</strong></span> <span class='ocrx_word' id='word_1_344' title='bbox 323 4147 477 4204; x_wconf 83' lang='lat' dir='ltr'><strong>homiuibus</strong></span> <span class='ocrx_word' id='word_1_345' title='bbox 501 4149 621 4230; x_wconf 82' lang='lat' dir='ltr'><strong>evenire,</strong></span> <span class='ocrx_word' id='word_1_346' title='bbox 648 4148 712 4206; x_wconf 87' lang='lat' dir='ltr'><strong>licet</strong></span> <span class='ocrx_word' id='word_1_347' title='bbox 722 4149 811 4218; x_wconf 87' lang='lat' dir='ltr'><strong>justis.</strong></span> <span class='ocrx_word' id='word_1_348' title='bbox 829 4149 904 4205; x_wconf 84' lang='lat' dir='ltr'><strong>Sicut</strong></span> 
     </span>
     <span class='ocr_line' id='line_1_47' title="bbox 103 4237 903 4308; baseline -0.005 -12"><span class='ocrx_word' id='word_1_349' title='bbox 103 4238 254 4296; x_wconf 66' lang='lat' dir='ltr'><strong>bacbabsei</strong></span> <span class='ocrx_word' id='word_1_350' title='bbox 277 4237 349 4293; x_wconf 85' lang='lat' dir='ltr'><strong>Inter</strong></span> <span class='ocrx_word' id='word_1_351' title='bbox 362 4251 436 4294; x_wconf 85' lang='lat' dir='ltr'><strong>saera</strong></span> <span class='ocrx_word' id='word_1_352' title='bbox 458 4243 602 4306; x_wconf 84' lang='lat' dir='ltr'><strong>tormenta,</strong></span> <span class='ocrx_word' id='word_1_353' title='bbox 619 4245 715 4292; x_wconf 80' lang='lat' dir='ltr'><strong>citrea</strong></span> <span class='ocrx_word' id='word_1_354' title='bbox 736 4238 813 4308; x_wconf 87' lang='lat' dir='ltr'><strong>pueri</strong></span> <span class='ocrx_word' id='word_1_355' title='bbox 832 4237 903 4293; x_wconf 87' lang='lat' dir='ltr'><strong>inter</strong></span> 
     </span>
     <span class='ocr_line' id='line_1_48' title="bbox 101 4325 901 4396; baseline -0.003 -12"><span class='ocrx_word' id='word_1_356' title='bbox 101 4329 199 4384; x_wconf 85' lang='lat' dir='ltr'><strong>noxias</strong></span> <span class='ocrx_word' id='word_1_357' title='bbox 220 4326 354 4394; x_wconf 87' lang='lat' dir='ltr'><strong>dammas,</strong></span> <span class='ocrx_word' id='word_1_358' title='bbox 378 4333 405 4381; x_wconf 86' lang='lat' dir='ltr'><strong>et</strong></span> <span class='ocrx_word' id='word_1_359' title='bbox 426 4325 510 4380; x_wconf 86' lang='lat' dir='ltr'><strong>sancti</strong></span> <span class='ocrx_word' id='word_1_360' title='bbox 533 4326 673 4396; x_wconf 83' lang='lat' dir='ltr'><strong>prophetae</strong></span> <span class='ocrx_word' id='word_1_361' title='bbox 695 4325 723 4379; x_wconf 93' lang='lat' dir='ltr'><strong>in</strong></span> <span class='ocrx_word' id='word_1_362' title='bbox 746 4325 901 4396; x_wconf 83' lang='lat' dir='ltr'><strong>oapIIvitate</strong></span> 
     </span>
     <span class='ocr_line' id='line_1_49' title="bbox 100 4413 900 4486; baseline -0.006 -13"><span class='ocrx_word' id='word_1_363' title='bbox 100 4425 245 4473; x_wconf 84' lang='lat' dir='ltr'><strong>testantur.</strong></span> <span class='ocrx_word' id='word_1_364' title='bbox 267 4415 344 4471; x_wconf 91' lang='lat' dir='ltr'><strong>Unde</strong></span> <span class='ocrx_word' id='word_1_365' title='bbox 357 4414 437 4470; x_wconf 87' lang='lat' dir='ltr'><strong>bene</strong></span> <span class='ocrx_word' id='word_1_366' title='bbox 451 4414 496 4482; x_wconf 91' lang='lat' dir='ltr'><strong>ait,</strong></span> <span class='ocrx_word' id='word_1_367' title='bbox 513 4414 585 4470; x_wconf 90' lang='lat' dir='ltr'><strong>velut</strong></span> <span class='ocrx_word' id='word_1_368' title='bbox 610 4413 691 4486; x_wconf 84' lang='lat' dir='ltr'><strong>ignis.</strong></span> <span class='ocrx_word' id='word_1_369' title='bbox 708 4413 787 4469; x_wconf 86' lang='lat' dir='ltr'><strong>zelus</strong></span> <span class='ocrx_word' id='word_1_370' title='bbox 800 4415 900 4486; x_wconf 86' lang='lat' dir='ltr'><strong>quippe</strong></span> 
     </span>
     <span class='ocr_line' id='line_1_50' title="bbox 99 4501 901 4576; baseline -0.004 -15"><span class='ocrx_word' id='word_1_371' title='bbox 99 4505 162 4575; x_wconf 88' lang='lat' dir='ltr'><strong>Dei,</strong></span> <span class='ocrx_word' id='word_1_372' title='bbox 177 4513 205 4561; x_wconf 90' lang='grc' dir='ltr'><strong>ει</strong></span> <span class='ocrx_word' id='word_1_373' title='bbox 219 4505 258 4560; x_wconf 84' lang='grc' dir='ltr'><strong>ιιι</strong></span> <span class='ocrx_word' id='word_1_374' title='bbox 267 4519 331 4560; x_wconf 87' lang='lat' dir='ltr'><strong>vere</strong></span> <span class='ocrx_word' id='word_1_375' title='bbox 344 4503 420 4558; x_wconf 87' lang='lat' dir='ltr'><strong>ardet</strong></span> <span class='ocrx_word' id='word_1_376' title='bbox 434 4502 507 4558; x_wconf 87' lang='lat' dir='ltr'><strong>velut</strong></span> <span class='ocrx_word' id='word_1_377' title='bbox 520 4502 603 4576; x_wconf 78' lang='lat' dir='ltr'><strong>ignis.</strong></span> <span class='ocrx_word' id='word_1_378' title='bbox 615 4501 719 4558; x_wconf 86' lang='lat' dir='ltr'><strong>Tandiu</strong></span> <span class='ocrx_word' id='word_1_379' title='bbox 734 4502 806 4558; x_wconf 89' lang='lat' dir='ltr'><strong>enim</strong></span> <span class='ocrx_word' id='word_1_380' title='bbox 815 4503 901 4569; x_wconf 88' lang='lat' dir='ltr'><strong>ardet,</strong></span> 
     </span>
     <span class='ocr_line' id='line_1_51' title="bbox 97 4589 898 4664; baseline -0.004 -15"><span class='ocrx_word' id='word_1_381' title='bbox 97 4596 190 4650; x_wconf 89' lang='lat' dir='ltr'><strong>donec</strong></span> <span class='ocrx_word' id='word_1_382' title='bbox 213 4607 322 4658; x_wconf 89' lang='lat' dir='ltr'><strong>aurum,</strong></span> <span class='ocrx_word' id='word_1_383' title='bbox 346 4591 374 4646; x_wconf 92' lang='lat' dir='ltr'><strong>id</strong></span> <span class='ocrx_word' id='word_1_384' title='bbox 402 4598 444 4646; x_wconf 87' lang='grc' dir='ltr'><strong>εει</strong></span> <span class='ocrx_word' id='word_1_385' title='bbox 459 4591 588 4647; x_wconf 82' lang='grc' dir='ltr'><strong>νιιιιιιιι</strong></span> <span class='ocrx_word' id='word_1_386' title='bbox 609 4589 742 4663; x_wconf 77' lang='lat' dir='ltr'><strong>perfectio</strong></span> <span class='ocrx_word' id='word_1_387' title='bbox 756 4599 898 4664; x_wconf 76' lang='lat' dir='ltr'><strong>purgetur,</strong></span> 
     </span>
    </p>
   </div>
   <div class='ocr_carea' id='block_1_10' title="bbox 98 4681 398 4755">
    <p class='ocr_par' dir='ltr' id='par_1_12' title="bbox 98 4681 398 4755">
     <span class='ocr_line' id='line_1_52' title="bbox 98 4681 398 4755; baseline -0.013 -17"><span class='ocrx_word' id='word_1_388' title='bbox 98 4691 123 4738; x_wconf 89' lang='lat' dir='ltr'><strong>et</strong></span> <span class='ocrx_word' id='word_1_389' title='bbox 141 4681 219 4755; x_wconf 75' lang='lat' dir='ltr'><strong>ligna</strong></span> <span class='ocrx_word' id='word_1_390' title='bbox 232 4681 398 4736; x_wconf 87' lang='lat' dir='ltr'><strong>cinerentur.</strong></span> 
     </span>
    </p>
   </div>
   <div class='ocr_carea' id='block_1_11' title="bbox 101 4792 903 5029">
    <p class='ocr_par' dir='ltr' id='par_1_13' title="bbox 101 4792 903 5029">
     <span class='ocr_line' id='line_1_53' title="bbox 135 4792 902 4867; baseline -0.004 -15"><span class='ocrx_word' id='word_1_391' title='bbox 135 4797 222 4852; x_wconf 85' lang='lat' dir='ltr'><strong>Vsus.</strong></span> <span class='ocrx_word' id='word_1_392' title='bbox 239 4797 265 4850; x_wconf 83' lang='lat' dir='ltr'><strong>l.</strong></span> <span class='ocrx_word' id='word_1_393' title='bbox 283 4825 317 4834; x_wconf 94' lang='lat'>-</span> <span class='ocrx_word' id='word_1_394' title='bbox 335 4816 346 4840; x_wconf 79' lang='grc' dir='ltr'><strong>ι</strong></span> <span class='ocrx_word' id='word_1_395' title='bbox 364 4792 481 4850; x_wconf 83' lang='lat' dir='ltr'><strong>Effunde</strong></span> <span class='ocrx_word' id='word_1_396' title='bbox 502 4793 570 4849; x_wconf 89' lang='lat' dir='ltr'><strong>iram</strong></span> <span class='ocrx_word' id='word_1_397' title='bbox 593 4799 667 4849; x_wconf 87' lang='lat' dir='ltr'><strong>tuam</strong></span> <span class='ocrx_word' id='word_1_398' title='bbox 689 4793 716 4848; x_wconf 94' lang='lat' dir='ltr'><strong>in</strong></span> <span class='ocrx_word' id='word_1_399' title='bbox 732 4802 828 4867; x_wconf 75' lang='lat' dir='ltr'><strong>gentes</strong></span> <span class='ocrx_word' id='word_1_400' title='bbox 842 4809 902 4866; x_wconf 83' lang='lat' dir='ltr'><strong>quaa</strong></span> 
     </span>
     <span class='ocr_line' id='line_1_54' title="bbox 101 4881 903 4956; baseline -0.004 -16"><span class='ocrx_word' id='word_1_401' title='bbox 101 4911 110 4931; x_wconf 66' lang='grc' dir='ltr'><strong>ι</strong></span> <span class='ocrx_word' id='word_1_402' title='bbox 131 4893 158 4940; x_wconf 89' lang='grc' dir='ltr'><strong>ιε</strong></span> <span class='ocrx_word' id='word_1_403' title='bbox 173 4899 228 4940; x_wconf 92' lang='lat' dir='ltr'><strong>non</strong></span> <span class='ocrx_word' id='word_1_404' title='bbox 249 4888 402 4948; x_wconf 89' lang='lat' dir='ltr'><strong>noverunt;</strong></span> <span class='ocrx_word' id='word_1_405' title='bbox 418 4881 486 4938; x_wconf 87' lang='lat' dir='ltr'><strong>etin</strong></span> <span class='ocrx_word' id='word_1_406' title='bbox 512 4897 598 4956; x_wconf 77' lang='lat' dir='ltr'><strong>regna</strong></span> <span class='ocrx_word' id='word_1_407' title='bbox 621 4897 681 4954; x_wconf 85' lang='lat' dir='ltr'><strong>quaa</strong></span> <span class='ocrx_word' id='word_1_408' title='bbox 705 4897 804 4938; x_wconf 89' lang='lat' dir='ltr'><strong>nomen</strong></span> <span class='ocrx_word' id='word_1_409' title='bbox 827 4890 903 4938; x_wconf 93' lang='lat' dir='ltr'><strong>tuum</strong></span> 
     </span>
     <span class='ocr_line' id='line_1_55' title="bbox 103 4972 439 5029; baseline -0.024 0"><span class='ocrx_word' id='word_1_410' title='bbox 103 4999 112 5016; x_wconf 62' lang='lat' dir='ltr'><strong>a</strong></span> <span class='ocrx_word' id='word_1_411' title='bbox 133 4988 190 5029; x_wconf 92' lang='lat' dir='ltr'><strong>non</strong></span> <span class='ocrx_word' id='word_1_412' title='bbox 205 4972 409 5028; x_wconf 81' lang='lat' dir='ltr'><strong>invocaverunt.</strong></span> <span class='ocrx_word' id='word_1_413' title='bbox 428 4995 439 5020; x_wconf 71' lang='grc' dir='ltr'><strong>ι</strong></span> 
     </span>
    </p>
   </div>
   <div class='ocr_carea' id='block_1_12' title="bbox 959 480 1757 820">
    <p class='ocr_par' dir='ltr' id='par_1_14' title="bbox 959 480 1757 820">
     <span class='ocr_line' id='line_1_56' title="bbox 960 480 1757 553; baseline -0.004 -17"><span class='ocrx_word' id='word_1_414' title='bbox 960 497 1021 553; x_wconf 82' lang='lat' dir='ltr'><strong>pure</strong></span> <span class='ocrx_word' id='word_1_415' title='bbox 1035 497 1138 537; x_wconf 73' lang='lat' dir='ltr'><strong>mooun</strong></span> <span class='ocrx_word' id='word_1_416' title='bbox 1155 485 1237 537; x_wconf 88' lang='lat' dir='ltr'><strong>tuum</strong></span> <span class='ocrx_word' id='word_1_417' title='bbox 1252 499 1309 537; x_wconf 87' lang='lat' dir='ltr'><strong>uon</strong></span> <span class='ocrx_word' id='word_1_418' title='bbox 1324 484 1536 538; x_wconf 79' lang='lat' dir='ltr'><strong>inuocauerunt.</strong></span> <span class='ocrx_word' id='word_1_419' title='bbox 1549 482 1603 538; x_wconf 88' lang='lat' dir='ltr'><strong>Sed</strong></span> <span class='ocrx_word' id='word_1_420' title='bbox 1612 480 1757 546; x_wconf 78' lang='lat' dir='ltr'><strong>demonia,</strong></span> 
     </span>
     <span class='ocr_line' id='line_1_57' title="bbox 959 568 1757 643; baseline -0.004 -19"><span class='ocrx_word' id='word_1_421' title='bbox 959 568 1002 624; x_wconf 83' lang='lat' dir='ltr'><strong>vel</strong></span> <span class='ocrx_word' id='word_1_422' title='bbox 1027 568 1175 641; x_wconf 80' lang='lat' dir='ltr'><strong>quamlibet</strong></span> <span class='ocrx_word' id='word_1_423' title='bbox 1198 577 1359 636; x_wconf 86' lang='lat' dir='ltr'><strong>creaturam,</strong></span> <span class='ocrx_word' id='word_1_424' title='bbox 1383 584 1438 624; x_wconf 95' lang='lat' dir='ltr'><strong>non</strong></span> <span class='ocrx_word' id='word_1_425' title='bbox 1462 571 1618 625; x_wconf 87' lang='lat' dir='ltr'><strong>Creatorem</strong></span> <span class='ocrx_word' id='word_1_426' title='bbox 1641 569 1688 643; x_wconf 92' lang='lat' dir='ltr'><strong>qni</strong></span> <span class='ocrx_word' id='word_1_427' title='bbox 1714 574 1757 623; x_wconf 88' lang='lat' dir='ltr'><strong>est</strong></span> 
     </span>
     <span class='ocr_line' id='line_1_58' title="bbox 960 655 1757 731; baseline 0.001 -21"><span class='ocrx_word' id='word_1_428' title='bbox 960 656 1119 713; x_wconf 89' lang='lat' dir='ltr'><strong>benedictus</strong></span> <span class='ocrx_word' id='word_1_429' title='bbox 1130 657 1157 711; x_wconf 93' lang='lat' dir='ltr'><strong>in</strong></span> <span class='ocrx_word' id='word_1_430' title='bbox 1177 657 1284 714; x_wconf 86' lang='lat' dir='ltr'><strong>saeculs.</strong></span> <span class='ocrx_word' id='word_1_431' title='bbox 1300 657 1370 714; x_wconf 85' lang='lat' dir='ltr'><strong>Nota</strong></span> <span class='ocrx_word' id='word_1_432' title='bbox 1381 657 1444 731; x_wconf 84' lang='lat' dir='ltr'><strong>qula</strong></span> <span class='ocrx_word' id='word_1_433' title='bbox 1460 674 1510 729; x_wconf 90' lang='lat' dir='ltr'><strong>par</strong></span> <span class='ocrx_word' id='word_1_434' title='bbox 1524 655 1642 714; x_wconf 71' lang='lat' dir='ltr'><strong>no</strong></span> <span class='ocrx_word' id='word_1_435' title='bbox 1662 664 1757 730; x_wconf 79' lang='lat' dir='ltr'><strong>gentes</strong></span> 
     </span>
     <span class='ocr_line' id='line_1_59' title="bbox 959 745 1565 820; baseline 0.002 -22"><span class='ocrx_word' id='word_1_436' title='bbox 959 745 1058 816; x_wconf 90' lang='lat' dir='ltr'><strong>accipit</strong></span> <span class='ocrx_word' id='word_1_437' title='bbox 1072 745 1205 813; x_wconf 86' lang='lat' dir='ltr'><strong>subditos,</strong></span> <span class='ocrx_word' id='word_1_438' title='bbox 1222 762 1272 818; x_wconf 90' lang='lat' dir='ltr'><strong>per</strong></span> <span class='ocrx_word' id='word_1_439' title='bbox 1287 761 1371 820; x_wconf 79' lang='lat' dir='ltr'><strong>regna</strong></span> <span class='ocrx_word' id='word_1_440' title='bbox 1386 745 1460 818; x_wconf 90' lang='lat' dir='ltr'><strong>ipsos</strong></span> <span class='ocrx_word' id='word_1_441' title='bbox 1474 761 1565 817; x_wconf 73' lang='lat' dir='ltr'><strong>reges.</strong></span> 
     </span>
    </p>
   </div>
   <div class='ocr_carea' id='block_1_13' title="bbox 961 850 1758 1008">
    <p class='ocr_par' dir='ltr' id='par_1_15' title="bbox 961 850 1758 1008">
     <span class='ocr_line' id='line_1_60' title="bbox 995 850 1758 920; baseline -0.001 -15"><span class='ocrx_word' id='word_1_442' title='bbox 995 852 1080 906; x_wconf 82' lang='lat' dir='ltr'><strong>Vaas.</strong></span> <span class='ocrx_word' id='word_1_443' title='bbox 1105 853 1132 906; x_wconf 80' lang='lat'><strong>7.</strong></span> <span class='ocrx_word' id='word_1_444' title='bbox 1149 881 1183 892; x_wconf 86' lang='lat'><strong>—-</strong></span> <span class='ocrx_word' id='word_1_445' title='bbox 1204 850 1275 920; x_wconf 84' lang='lat' dir='ltr'><strong>Quia</strong></span> <span class='ocrx_word' id='word_1_446' title='bbox 1298 851 1476 908; x_wconf 88' lang='lat' dir='ltr'><strong>comederunt</strong></span> <span class='ocrx_word' id='word_1_447' title='bbox 1497 851 1594 919; x_wconf 86' lang='lat' dir='ltr'><strong>taaob,</strong></span> <span class='ocrx_word' id='word_1_448' title='bbox 1618 857 1645 907; x_wconf 91' lang='lat' dir='ltr'><strong>et</strong></span> <span class='ocrx_word' id='word_1_449' title='bbox 1667 851 1758 908; x_wconf 90' lang='lat' dir='ltr'><strong>locum</strong></span> 
     </span>
     <span class='ocr_line' id='line_1_61' title="bbox 961 939 1296 1008; baseline -0.003 -17"><span class='ocrx_word' id='word_1_450' title='bbox 961 961 972 990; x_wconf 79' lang='grc' dir='ltr'><strong>ι</strong></span> <span class='ocrx_word' id='word_1_451' title='bbox 990 939 1048 1008; x_wconf 88' lang='lat' dir='ltr'><strong>ejus</strong></span> <span class='ocrx_word' id='word_1_452' title='bbox 1063 939 1265 997; x_wconf 87' lang='lat' dir='ltr'><strong>desolaverunt.</strong></span> <span class='ocrx_word' id='word_1_453' title='bbox 1285 961 1296 990; x_wconf 69' lang='lat' dir='ltr'><strong>s</strong></span> 
     </span>
    </p>
   </div>
   <div class='ocr_carea' id='block_1_14' title="bbox 957 1070 1761 2642">
    <p class='ocr_par' dir='ltr' id='par_1_16' title="bbox 957 1070 1761 2378">
     <span class='ocr_line' id='line_1_62' title="bbox 996 1070 1759 1145; baseline -0.003 -17"><span class='ocrx_word' id='word_1_454' title='bbox 996 1071 1066 1138; x_wconf 85' lang='lat' dir='ltr'><strong>Quia</strong></span> <span class='ocrx_word' id='word_1_455' title='bbox 1080 1073 1262 1128; x_wconf 84' lang='lat' dir='ltr'><strong>comederunt</strong></span> <span class='ocrx_word' id='word_1_456' title='bbox 1278 1072 1368 1129; x_wconf 80' lang='lat' dir='ltr'><strong>Jacob.</strong></span> <span class='ocrx_word' id='word_1_457' title='bbox 1385 1071 1478 1145; x_wconf 68' lang='lat' dir='ltr'><strong>ling,</strong></span> <span class='ocrx_word' id='word_1_458' title='bbox 1490 1071 1627 1144; x_wconf 84' lang='lat' dir='ltr'><strong>Cassiod,</strong></span> <span class='ocrx_word' id='word_1_459' title='bbox 1639 1070 1759 1140; x_wconf 81' lang='lat' dir='ltr'><strong>diculn,</strong></span> 
     </span>
     <span class='ocr_line' id='line_1_63' title="bbox 959 1157 1760 1233; baseline 0.001 -20"><span class='ocrx_word' id='word_1_460' title='bbox 959 1157 1042 1232; x_wconf 57' lang='lat' dir='ltr'><strong>Aug]</strong></span> <span class='ocrx_word' id='word_1_461' title='bbox 1057 1158 1125 1216; x_wconf 87' lang='lat' dir='ltr'><strong>Dico</strong></span> <span class='ocrx_word' id='word_1_462' title='bbox 1138 1173 1192 1216; x_wconf 91' lang='lat' dir='ltr'><strong>non</strong></span> <span class='ocrx_word' id='word_1_463' title='bbox 1208 1160 1411 1228; x_wconf 87' lang='lat' dir='ltr'><strong>invocaverunt,</strong></span> <span class='ocrx_word' id='word_1_464' title='bbox 1428 1161 1477 1216; x_wconf 91' lang='lat' dir='ltr'><strong>sed</strong></span> <span class='ocrx_word' id='word_1_465' title='bbox 1492 1160 1603 1231; x_wconf 85' lang='lat' dir='ltr'><strong>insuper</strong></span> <span class='ocrx_word' id='word_1_466' title='bbox 1617 1174 1760 1233; x_wconf 70' lang='lat' dir='ltr'><strong>oppugna·</strong></span> 
     </span>
     <span class='ocr_line' id='line_1_64' title="bbox 959 1247 1760 1319; baseline -0.004 -15"><span class='ocrx_word' id='word_1_467' title='bbox 959 1254 1064 1315; x_wconf 87' lang='lat' dir='ltr'><strong>verunt,</strong></span> <span class='ocrx_word' id='word_1_468' title='bbox 1089 1248 1151 1319; x_wconf 87' lang='lat' dir='ltr'><strong>quia</strong></span> <span class='ocrx_word' id='word_1_469' title='bbox 1175 1248 1353 1304; x_wconf 89' lang='lat' dir='ltr'><strong>comederunt</strong></span> <span class='ocrx_word' id='word_1_470' title='bbox 1374 1249 1468 1316; x_wconf 87' lang='lat' dir='ltr'><strong>Jacob,</strong></span> <span class='ocrx_word' id='word_1_471' title='bbox 1498 1249 1524 1304; x_wconf 93' lang='lat' dir='ltr'><strong>id</strong></span> <span class='ocrx_word' id='word_1_472' title='bbox 1555 1255 1595 1304; x_wconf 89' lang='grc' dir='ltr'><strong>εει</strong></span> <span class='ocrx_word' id='word_1_473' title='bbox 1618 1247 1760 1304; x_wconf 81' lang='lat' dir='ltr'><strong>Iudaicum</strong></span> 
     </span>
     <span class='ocr_line' id='line_1_65' title="bbox 959 1334 1761 1407; baseline 0 -17"><span class='ocrx_word' id='word_1_474' title='bbox 959 1334 1099 1407; x_wconf 89' lang='lat' dir='ltr'><strong>populum.</strong></span> <span class='ocrx_word' id='word_1_475' title='bbox 1116 1335 1180 1392; x_wconf 83' lang='lat' dir='ltr'><strong>llaec</strong></span> <span class='ocrx_word' id='word_1_476' title='bbox 1194 1343 1236 1390; x_wconf 93' lang='grc' dir='ltr'><strong>εει</strong></span> <span class='ocrx_word' id='word_1_477' title='bbox 1250 1337 1380 1406; x_wconf 79' lang='lat' dir='ltr'><strong>praediola</strong></span> <span class='ocrx_word' id='word_1_478' title='bbox 1394 1335 1541 1392; x_wconf 84' lang='lat' dir='ltr'><strong>haereditas</strong></span> <span class='ocrx_word' id='word_1_479' title='bbox 1558 1335 1677 1392; x_wconf 82' lang='lat' dir='ltr'><strong>lasarum</strong></span> <span class='ocrx_word' id='word_1_480' title='bbox 1693 1334 1761 1391; x_wconf 92' lang='lat' dir='ltr'><strong>den·</strong></span> 
     </span>
     <span class='ocr_line' id='line_1_66' title="bbox 960 1422 1760 1495; baseline 0.003 -17"><span class='ocrx_word' id='word_1_481' title='bbox 960 1423 1031 1478; x_wconf 89' lang='lat' dir='ltr'><strong>tibus</strong></span> <span class='ocrx_word' id='word_1_482' title='bbox 1055 1423 1196 1480; x_wconf 83' lang='lat' dir='ltr'><strong>tradendo.</strong></span> <span class='ocrx_word' id='word_1_483' title='bbox 1222 1425 1295 1480; x_wconf 87' lang='lat' dir='ltr'><strong>Eece</strong></span> <span class='ocrx_word' id='word_1_484' title='bbox 1318 1439 1394 1480; x_wconf 90' lang='lat' dir='ltr'><strong>more</strong></span> <span class='ocrx_word' id='word_1_485' title='bbox 1415 1431 1554 1480; x_wconf 90' lang='lat' dir='ltr'><strong>oratorum</strong></span> <span class='ocrx_word' id='word_1_486' title='bbox 1576 1439 1626 1495; x_wconf 90' lang='lat' dir='ltr'><strong>pro</strong></span> <span class='ocrx_word' id='word_1_487' title='bbox 1650 1422 1760 1480; x_wconf 89' lang='lat' dir='ltr'><strong>homine</strong></span> 
     </span>
     <span class='ocr_line' id='line_1_67' title="bbox 960 1511 1759 1585; baseline 0.003 -20"><span class='ocrx_word' id='word_1_488' title='bbox 960 1512 1042 1568; x_wconf 89' lang='lat' dir='ltr'><strong>homo</strong></span> <span class='ocrx_word' id='word_1_489' title='bbox 1056 1511 1176 1583; x_wconf 90' lang='lat' dir='ltr'><strong>ponitur,</strong></span> <span class='ocrx_word' id='word_1_490' title='bbox 1193 1511 1297 1569; x_wconf 88' lang='lat' dir='ltr'><strong>scilicet</strong></span> <span class='ocrx_word' id='word_1_491' title='bbox 1311 1529 1362 1584; x_wconf 93' lang='lat' dir='ltr'><strong>pro</strong></span> <span class='ocrx_word' id='word_1_492' title='bbox 1382 1520 1464 1585; x_wconf 79' lang='lat' dir='ltr'><strong>genle</strong></span> <span class='ocrx_word' id='word_1_493' title='bbox 1479 1529 1541 1585; x_wconf 75' lang='lat' dir='ltr'><strong>quer</strong></span> <span class='ocrx_word' id='word_1_494' title='bbox 1553 1511 1676 1578; x_wconf 82' lang='lat' dir='ltr'><strong>offendit,</strong></span> <span class='ocrx_word' id='word_1_495' title='bbox 1692 1527 1759 1585; x_wconf 76' lang='lat' dir='ltr'><strong>gra-</strong></span> 
     </span>
     <span class='ocr_line' id='line_1_68' title="bbox 960 1599 1758 1673; baseline 0 -19"><span class='ocrx_word' id='word_1_496' title='bbox 960 1607 1003 1654; x_wconf 90' lang='grc' dir='ltr'><strong>ιιε</strong></span> <span class='ocrx_word' id='word_1_497' title='bbox 1018 1599 1180 1671; x_wconf 85' lang='lat' dir='ltr'><strong>patriarcha,</strong></span> <span class='ocrx_word' id='word_1_498' title='bbox 1197 1608 1226 1656; x_wconf 91' lang='grc' dir='ltr'><strong>ιι</strong></span> <span class='ocrx_word' id='word_1_499' title='bbox 1241 1601 1299 1669; x_wconf 88' lang='lat' dir='ltr'><strong>ejus</strong></span> <span class='ocrx_word' id='word_1_500' title='bbox 1323 1601 1455 1658; x_wconf 88' lang='lat' dir='ltr'><strong>memoria</strong></span> <span class='ocrx_word' id='word_1_501' title='bbox 1470 1601 1562 1673; x_wconf 92' lang='lat' dir='ltr'><strong>populi</strong></span> <span class='ocrx_word' id='word_1_502' title='bbox 1576 1607 1690 1672; x_wconf 86' lang='lat' dir='ltr'><strong>peccata</strong></span> <span class='ocrx_word' id='word_1_503' title='bbox 1703 1599 1758 1654; x_wconf 90' lang='lat' dir='ltr'><strong>mi-</strong></span> 
     </span>
     <span class='ocr_line' id='line_1_69' title="bbox 961 1688 1758 1760; baseline 0.001 -18"><span class='ocrx_word' id='word_1_504' title='bbox 961 1688 1038 1760; x_wconf 77' lang='lat' dir='ltr'><strong>tiget.</strong></span> <span class='ocrx_word' id='word_1_505' title='bbox 1050 1689 1084 1744; x_wconf 83' lang='lat' dir='ltr'><strong>Et</strong></span> <span class='ocrx_word' id='word_1_506' title='bbox 1097 1689 1188 1744; x_wconf 83' lang='lat' dir='ltr'><strong>torum</strong></span> <span class='ocrx_word' id='word_1_507' title='bbox 1199 1691 1259 1760; x_wconf 87' lang='lat' dir='ltr'><strong>ejus</strong></span> <span class='ocrx_word' id='word_1_508' title='bbox 1269 1689 1478 1756; x_wconf 68' lang='lat' dir='ltr'><strong>desumerent,</strong></span> <span class='ocrx_word' id='word_1_509' title='bbox 1486 1688 1758 1759; x_wconf 85' lang='lat' dir='ltr'><strong>eversioneciritatis,</strong></span> 
     </span>
     <span class='ocr_line' id='line_1_70' title="bbox 961 1774 1760 1850; baseline -0.003 -18"><span class='ocrx_word' id='word_1_510' title='bbox 961 1791 1021 1849; x_wconf 86' lang='lat' dir='ltr'><strong>quae</strong></span> <span class='ocrx_word' id='word_1_511' title='bbox 1044 1774 1149 1834; x_wconf 84' lang='lat' dir='ltr'><strong>civibus</strong></span> <span class='ocrx_word' id='word_1_512' title='bbox 1176 1776 1232 1832; x_wconf 88' lang='lat' dir='ltr'><strong>suis</strong></span> <span class='ocrx_word' id='word_1_513' title='bbox 1255 1777 1353 1832; x_wconf 85' lang='lat' dir='ltr'><strong>nudata</strong></span> <span class='ocrx_word' id='word_1_514' title='bbox 1377 1784 1427 1845; x_wconf 91' lang='lat' dir='ltr'><strong>est,</strong></span> <span class='ocrx_word' id='word_1_515' title='bbox 1453 1778 1496 1834; x_wconf 88' lang='lat' dir='ltr'><strong>vel</strong></span> <span class='ocrx_word' id='word_1_516' title='bbox 1519 1777 1580 1850; x_wconf 87' lang='lat' dir='ltr'><strong>quia</strong></span> <span class='ocrx_word' id='word_1_517' title='bbox 1603 1777 1760 1834; x_wconf 88' lang='lat' dir='ltr'><strong>occiderunt</strong></span> 
     </span>
     <span class='ocr_line' id='line_1_71' title="bbox 960 1863 1760 1922; baseline 0.003 -4"><span class='ocrx_word' id='word_1_518' title='bbox 960 1863 1119 1920; x_wconf 87' lang='lat' dir='ltr'><strong>substitutos</strong></span> <span class='ocrx_word' id='word_1_519' title='bbox 1141 1863 1202 1920; x_wconf 90' lang='lat' dir='ltr'><strong>loco</strong></span> <span class='ocrx_word' id='word_1_520' title='bbox 1225 1863 1324 1920; x_wconf 88' lang='lat' dir='ltr'><strong>civium</strong></span> <span class='ocrx_word' id='word_1_521' title='bbox 1339 1865 1504 1922; x_wconf 87' lang='lat' dir='ltr'><strong>occisorum.</strong></span> <span class='ocrx_word' id='word_1_522' title='bbox 1528 1865 1616 1922; x_wconf 87' lang='lat' dir='ltr'><strong>Locus</strong></span> <span class='ocrx_word' id='word_1_523' title='bbox 1631 1864 1703 1921; x_wconf 92' lang='lat' dir='ltr'><strong>enim</strong></span> <span class='ocrx_word' id='word_1_524' title='bbox 1718 1873 1760 1920; x_wconf 91' lang='grc' dir='ltr'><strong>εει</strong></span> 
     </span>
     <span class='ocr_line' id='line_1_72' title="bbox 960 1951 1760 2028; baseline -0.001 -20"><span class='ocrx_word' id='word_1_525' title='bbox 960 1951 1064 2020; x_wconf 86' lang='lat' dir='ltr'><strong>civitas,</strong></span> <span class='ocrx_word' id='word_1_526' title='bbox 1080 1952 1126 2007; x_wconf 92' lang='lat' dir='ltr'><strong>ubi</strong></span> <span class='ocrx_word' id='word_1_527' title='bbox 1149 1960 1209 2009; x_wconf 89' lang='lat' dir='ltr'><strong>erat</strong></span> <span class='ocrx_word' id='word_1_528' title='bbox 1230 1953 1369 2025; x_wconf 86' lang='lat' dir='ltr'><strong>templum,</strong></span> <span class='ocrx_word' id='word_1_529' title='bbox 1396 1970 1450 2025; x_wconf 91' lang='lat' dir='ltr'><strong>quo</strong></span> <span class='ocrx_word' id='word_1_530' title='bbox 1464 1955 1702 2028; x_wconf 75' lang='lat' dir='ltr'><strong>congregabantur</strong></span> <span class='ocrx_word' id='word_1_531' title='bbox 1724 1953 1760 2008; x_wconf 88' lang='lat' dir='ltr'><strong>ad</strong></span> 
     </span>
     <span class='ocr_line' id='line_1_73' title="bbox 960 2039 1759 2116; baseline 0.001 -22"><span class='ocrx_word' id='word_1_532' title='bbox 960 2039 1037 2096; x_wconf 81' lang='lat' dir='ltr'><strong>leste.</strong></span> <span class='ocrx_word' id='word_1_533' title='bbox 1053 2041 1093 2096; x_wconf 89' lang='lat' dir='ltr'><strong>De</strong></span> <span class='ocrx_word' id='word_1_534' title='bbox 1108 2039 1232 2098; x_wconf 87' lang='lat' dir='ltr'><strong>Ecclesia</strong></span> <span class='ocrx_word' id='word_1_535' title='bbox 1256 2057 1363 2114; x_wconf 90' lang='lat' dir='ltr'><strong>quoque</strong></span> <span class='ocrx_word' id='word_1_536' title='bbox 1377 2043 1448 2099; x_wconf 87' lang='lat' dir='ltr'><strong>bene</strong></span> <span class='ocrx_word' id='word_1_537' title='bbox 1462 2043 1516 2100; x_wconf 90' lang='lat' dir='ltr'><strong>boc</strong></span> <span class='ocrx_word' id='word_1_538' title='bbox 1538 2042 1678 2116; x_wconf 80' lang='lat' dir='ltr'><strong>scalpitur,</strong></span> <span class='ocrx_word' id='word_1_539' title='bbox 1695 2041 1759 2113; x_wconf 90' lang='lat' dir='ltr'><strong>quia</strong></span> 
     </span>
     <span class='ocr_line' id='line_1_74' title="bbox 959 2127 1757 2202; baseline 0 -18"><span class='ocrx_word' id='word_1_540' title='bbox 959 2127 1145 2194; x_wconf 88' lang='lat' dir='ltr'><strong>comederunt,</strong></span> <span class='ocrx_word' id='word_1_541' title='bbox 1162 2128 1229 2185; x_wconf 87' lang='lat' dir='ltr'><strong>alios</strong></span> <span class='ocrx_word' id='word_1_542' title='bbox 1243 2129 1445 2202; x_wconf 87' lang='lat' dir='ltr'><strong>incorporando</strong></span> <span class='ocrx_word' id='word_1_543' title='bbox 1461 2131 1522 2199; x_wconf 90' lang='lat' dir='ltr'><strong>sibi,</strong></span> <span class='ocrx_word' id='word_1_544' title='bbox 1537 2131 1580 2187; x_wconf 84' lang='lat' dir='ltr'><strong>rel</strong></span> <span class='ocrx_word' id='word_1_545' title='bbox 1594 2129 1757 2187; x_wconf 89' lang='lat' dir='ltr'><strong>occidendo.</strong></span> 
     </span>
     <span class='ocr_line' id='line_1_75' title="bbox 957 2215 1758 2290; baseline 0.002 -20"><span class='ocrx_word' id='word_1_546' title='bbox 957 2215 1053 2283; x_wconf 85' lang='lat' dir='ltr'><strong>Jacob,</strong></span> <span class='ocrx_word' id='word_1_547' title='bbox 1069 2215 1097 2272; x_wconf 93' lang='lat' dir='ltr'><strong>id</strong></span> <span class='ocrx_word' id='word_1_548' title='bbox 1112 2223 1153 2271; x_wconf 88' lang='lat' dir='ltr'><strong>est</strong></span> <span class='ocrx_word' id='word_1_549' title='bbox 1166 2216 1328 2288; x_wconf 84' lang='lat' dir='ltr'><strong>Ecclesiam,</strong></span> <span class='ocrx_word' id='word_1_550' title='bbox 1344 2234 1405 2290; x_wconf 81' lang='lat' dir='ltr'><strong>quae</strong></span> <span class='ocrx_word' id='word_1_551' title='bbox 1429 2225 1470 2276; x_wconf 88' lang='grc' dir='ltr'><strong>εει</strong></span> <span class='ocrx_word' id='word_1_552' title='bbox 1480 2219 1583 2288; x_wconf 89' lang='lat' dir='ltr'><strong>junior,</strong></span> <span class='ocrx_word' id='word_1_553' title='bbox 1600 2217 1643 2276; x_wconf 88' lang='lat' dir='ltr'><strong>oui</strong></span> <span class='ocrx_word' id='word_1_554' title='bbox 1658 2217 1758 2274; x_wconf 88' lang='lat' dir='ltr'><strong>serviet</strong></span> 
     </span>
     <span class='ocr_line' id='line_1_76' title="bbox 959 2304 1719 2378; baseline 0.003 -20"><span class='ocrx_word' id='word_1_555' title='bbox 959 2304 1046 2373; x_wconf 85' lang='lat' dir='ltr'><strong>major</strong></span> <span class='ocrx_word' id='word_1_556' title='bbox 1059 2321 1064 2358; x_wconf 96' lang='lat'><strong>:</strong></span> <span class='ocrx_word' id='word_1_557' title='bbox 1077 2305 1111 2360; x_wconf 78' lang='lat' dir='ltr'><strong>lit</strong></span> <span class='ocrx_word' id='word_1_558' title='bbox 1129 2306 1220 2361; x_wconf 87' lang='lat' dir='ltr'><strong>locum</strong></span> <span class='ocrx_word' id='word_1_559' title='bbox 1235 2307 1296 2377; x_wconf 80' lang='lat' dir='ltr'><strong>ejus</strong></span> <span class='ocrx_word' id='word_1_560' title='bbox 1309 2307 1516 2374; x_wconf 80' lang='lat' dir='ltr'><strong>desolaverunt,</strong></span> <span class='ocrx_word' id='word_1_561' title='bbox 1533 2305 1658 2378; x_wconf 84' lang='lat' dir='ltr'><strong>repetitio</strong></span> <span class='ocrx_word' id='word_1_562' title='bbox 1667 2314 1719 2374; x_wconf 88' lang='grc' dir='ltr'><strong>εει,</strong></span> 
     </span>
    </p>

    <p class='ocr_par' dir='ltr' id='par_1_17' title="bbox 961 2393 1757 2642">
     <span class='ocr_line' id='line_1_77' title="bbox 997 2393 1757 2468; baseline 0.003 -22"><span class='ocrx_word' id='word_1_563' title='bbox 997 2393 1080 2448; x_wconf 84' lang='lat' dir='ltr'><strong>Vana.</strong></span> <span class='ocrx_word' id='word_1_564' title='bbox 1097 2395 1123 2448; x_wconf 84' lang='lat'><strong>8.</strong></span> <span class='ocrx_word' id='word_1_565' title='bbox 1138 2423 1173 2434; x_wconf 93' lang='lat'><em>-</em></span> <span class='ocrx_word' id='word_1_566' title='bbox 1189 2415 1200 2440; x_wconf 76' lang='grc' dir='ltr'><strong>ι</strong></span> <span class='ocrx_word' id='word_1_567' title='bbox 1218 2394 1259 2448; x_wconf 91' lang='lat' dir='ltr'><strong>Ne</strong></span> <span class='ocrx_word' id='word_1_568' title='bbox 1275 2394 1431 2450; x_wconf 87' lang='lat' dir='ltr'><strong>memineris</strong></span> <span class='ocrx_word' id='word_1_569' title='bbox 1453 2394 1623 2468; x_wconf 88' lang='lat' dir='ltr'><strong>iniquitatum</strong></span> <span class='ocrx_word' id='word_1_570' title='bbox 1646 2401 1757 2448; x_wconf 86' lang='lat' dir='ltr'><strong>nostra-</strong></span> 
     </span>
     <span class='ocr_line' id='line_1_78' title="bbox 961 2481 1757 2553; baseline 0.006 -23"><span class='ocrx_word' id='word_1_571' title='bbox 961 2500 973 2530; x_wconf 79' lang='lat'>«</span> <span class='ocrx_word' id='word_1_572' title='bbox 991 2496 1050 2535; x_wconf 91' lang='lat' dir='ltr'><strong>rum</strong></span> <span class='ocrx_word' id='word_1_573' title='bbox 1065 2481 1254 2553; x_wconf 66' lang='lat' dir='ltr'><strong>antiquarum</strong></span> <span class='ocrx_word' id='word_1_574' title='bbox 1270 2481 1322 2538; x_wconf 89' lang='lat' dir='ltr'><strong>oito</strong></span> <span class='ocrx_word' id='word_1_575' title='bbox 1338 2481 1483 2553; x_wconf 78' lang='lat' dir='ltr'><strong>anuoipent</strong></span> <span class='ocrx_word' id='word_1_576' title='bbox 1498 2497 1548 2538; x_wconf 88' lang='lat' dir='ltr'><strong>nos</strong></span> <span class='ocrx_word' id='word_1_577' title='bbox 1563 2481 1757 2538; x_wconf 75' lang='lat' dir='ltr'><strong>misericorde</strong></span> 
     </span>
     <span class='ocr_line' id='line_1_79' title="bbox 962 2569 1603 2642; baseline 0.002 -21"><span class='ocrx_word' id='word_1_578' title='bbox 962 2589 974 2620; x_wconf 74' lang='lat' dir='ltr'><strong>a</strong></span> <span class='ocrx_word' id='word_1_579' title='bbox 990 2575 1053 2637; x_wconf 77' lang='lat' dir='ltr'><strong>tue,</strong></span> <span class='ocrx_word' id='word_1_580' title='bbox 1070 2569 1131 2641; x_wconf 88' lang='lat' dir='ltr'><strong>quia</strong></span> <span class='ocrx_word' id='word_1_581' title='bbox 1145 2583 1280 2642; x_wconf 88' lang='lat' dir='ltr'><strong>pauperes</strong></span> <span class='ocrx_word' id='word_1_582' title='bbox 1294 2569 1358 2627; x_wconf 89' lang='lat' dir='ltr'><strong>lacti</strong></span> <span class='ocrx_word' id='word_1_583' title='bbox 1373 2585 1467 2626; x_wconf 85' lang='lat' dir='ltr'><strong>snmus</strong></span> <span class='ocrx_word' id='word_1_584' title='bbox 1481 2569 1572 2625; x_wconf 87' lang='lat' dir='ltr'><strong>nimis.</strong></span> <span class='ocrx_word' id='word_1_585' title='bbox 1591 2591 1603 2621; x_wconf 76' lang='grc' dir='ltr'><strong>ι</strong></span> 
     </span>
    </p>
   </div>
   <div class='ocr_carea' id='block_1_15' title="bbox 956 2692 1759 3650">
    <p class='ocr_par' dir='ltr' id='par_1_18' title="bbox 956 2692 1759 3650">
     <span class='ocr_line' id='line_1_80' title="bbox 995 2692 1759 2767; baseline 0 -19"><span class='ocrx_word' id='word_1_586' title='bbox 995 2693 1034 2748; x_wconf 88' lang='lat' dir='ltr'><strong>lle</strong></span> <span class='ocrx_word' id='word_1_587' title='bbox 1048 2693 1222 2750; x_wconf 81' lang='lat' dir='ltr'><strong>memineris.</strong></span> <span class='ocrx_word' id='word_1_588' title='bbox 1239 2693 1295 2766; x_wconf 90' lang='lat' dir='ltr'><strong>[Gl.</strong></span> <span class='ocrx_word' id='word_1_589' title='bbox 1307 2693 1367 2762; x_wconf 80' lang='lat' dir='ltr'><strong>iot,</strong></span> <span class='ocrx_word' id='word_1_590' title='bbox 1383 2696 1465 2767; x_wconf 63' lang='lat' dir='ltr'><strong>inp,</strong></span> <span class='ocrx_word' id='word_1_591' title='bbox 1482 2692 1603 2766; x_wconf 80' lang='lat' dir='ltr'><strong>casiod]</strong></span> <span class='ocrx_word' id='word_1_592' title='bbox 1618 2693 1701 2764; x_wconf 84' lang='lat' dir='ltr'><strong>Quasi</strong></span> <span class='ocrx_word' id='word_1_593' title='bbox 1716 2693 1759 2750; x_wconf 91' lang='lat' dir='ltr'><strong>di-</strong></span> 
     </span>
     <span class='ocr_line' id='line_1_81' title="bbox 960 2779 1758 2854; baseline 0.004 -18"><span class='ocrx_word' id='word_1_594' title='bbox 960 2788 1003 2836; x_wconf 90' lang='lat' dir='ltr'><strong>cat</strong></span> <span class='ocrx_word' id='word_1_595' title='bbox 1019 2799 1026 2836; x_wconf 92' lang='lat'>:</span> <span class='ocrx_word' id='word_1_596' title='bbox 1043 2781 1081 2835; x_wconf 90' lang='lat' dir='ltr'><strong>lta</strong></span> <span class='ocrx_word' id='word_1_597' title='bbox 1104 2779 1148 2837; x_wconf 87' lang='lat' dir='ltr'><strong>Iac</strong></span> <span class='ocrx_word' id='word_1_598' title='bbox 1162 2781 1189 2836; x_wconf 91' lang='lat' dir='ltr'><strong>in</strong></span> <span class='ocrx_word' id='word_1_599' title='bbox 1212 2789 1319 2854; x_wconf 77' lang='lat' dir='ltr'><strong>gentes,</strong></span> <span class='ocrx_word' id='word_1_600' title='bbox 1344 2798 1405 2854; x_wconf 86' lang='lat' dir='ltr'><strong>quae</strong></span> <span class='ocrx_word' id='word_1_601' title='bbox 1420 2791 1446 2839; x_wconf 89' lang='grc' dir='ltr'><strong>ιε</strong></span> <span class='ocrx_word' id='word_1_602' title='bbox 1469 2797 1524 2838; x_wconf 86' lang='grc' dir='ltr'><strong>ιιι</strong></span> <span class='ocrx_word' id='word_1_603' title='bbox 1547 2789 1691 2850; x_wconf 88' lang='lat' dir='ltr'><strong>noverunt,</strong></span> <span class='ocrx_word' id='word_1_604' title='bbox 1707 2782 1758 2839; x_wconf 87' lang='lat' dir='ltr'><strong>aed</strong></span> 
     </span>
     <span class='ocr_line' id='line_1_82' title="bbox 959 2869 1757 2936; baseline 0.003 -12"><span class='ocrx_word' id='word_1_605' title='bbox 959 2885 995 2924; x_wconf 87' lang='lat' dir='ltr'><strong>nc</strong></span> <span class='ocrx_word' id='word_1_606' title='bbox 1010 2869 1183 2936; x_wconf 80' lang='lat' dir='ltr'><strong>memineris,</strong></span> <span class='ocrx_word' id='word_1_607' title='bbox 1199 2877 1250 2926; x_wconf 87' lang='lat' dir='ltr'><strong>etc.</strong></span> <span class='ocrx_word' id='word_1_608' title='bbox 1263 2869 1355 2926; x_wconf 88' lang='lat' dir='ltr'><strong>Velita</strong></span> <span class='ocrx_word' id='word_1_609' title='bbox 1366 2870 1492 2928; x_wconf 88' lang='lat' dir='ltr'><strong>continua</strong></span> <span class='ocrx_word' id='word_1_610' title='bbox 1504 2889 1511 2925; x_wconf 91' lang='lat'><strong>:</strong></span> <span class='ocrx_word' id='word_1_611' title='bbox 1523 2871 1588 2928; x_wconf 84' lang='lat' dir='ltr'><strong>llaec</strong></span> <span class='ocrx_word' id='word_1_612' title='bbox 1597 2869 1669 2927; x_wconf 86' lang='lat' dir='ltr'><strong>mala</strong></span> <span class='ocrx_word' id='word_1_613' title='bbox 1678 2871 1757 2926; x_wconf 85' lang='lat' dir='ltr'><strong>nobis</strong></span> 
     </span>
     <span class='ocr_line' id='line_1_83' title="bbox 960 2955 1757 3032; baseline 0.006 -22"><span class='ocrx_word' id='word_1_614' title='bbox 960 2955 1088 3024; x_wconf 83' lang='lat' dir='ltr'><strong>inierunt,</strong></span> <span class='ocrx_word' id='word_1_615' title='bbox 1104 2957 1152 3013; x_wconf 90' lang='lat' dir='ltr'><strong>sed</strong></span> <span class='ocrx_word' id='word_1_616' title='bbox 1168 2957 1229 3030; x_wconf 87' lang='lat' dir='ltr'><strong>quia</strong></span> <span class='ocrx_word' id='word_1_617' title='bbox 1244 2957 1300 3014; x_wconf 88' lang='lat' dir='ltr'><strong>scio</strong></span> <span class='ocrx_word' id='word_1_618' title='bbox 1315 2965 1342 3014; x_wconf 91' lang='lat' dir='ltr'><strong>te</strong></span> <span class='ocrx_word' id='word_1_619' title='bbox 1355 2974 1405 3030; x_wconf 95' lang='lat' dir='ltr'><strong>pro</strong></span> <span class='ocrx_word' id='word_1_620' title='bbox 1418 2959 1539 3031; x_wconf 91' lang='lat' dir='ltr'><strong>peccatis</strong></span> <span class='ocrx_word' id='word_1_621' title='bbox 1553 2975 1604 3015; x_wconf 86' lang='lat' dir='ltr'><strong>nos</strong></span> <span class='ocrx_word' id='word_1_622' title='bbox 1618 2959 1757 3032; x_wconf 82' lang='lat' dir='ltr'><strong>flagellare</strong></span> 
     </span>
     <span class='ocr_line' id='line_1_84' title="bbox 961 3046 1757 3120; baseline 0.001 -20"><span class='ocrx_word' id='word_1_623' title='bbox 961 3053 987 3100; x_wconf 88' lang='lat' dir='ltr'><strong>et</strong></span> <span class='ocrx_word' id='word_1_624' title='bbox 995 3060 1046 3117; x_wconf 92' lang='lat' dir='ltr'><strong>per</strong></span> <span class='ocrx_word' id='word_1_625' title='bbox 1056 3060 1103 3101; x_wconf 90' lang='lat' dir='ltr'><strong>eos</strong></span> <span class='ocrx_word' id='word_1_626' title='bbox 1113 3046 1430 3118; x_wconf 76' lang='lat' dir='ltr'><strong>preeoaNememIneris</strong></span> <span class='ocrx_word' id='word_1_627' title='bbox 1445 3047 1632 3120; x_wconf 82' lang='lat' dir='ltr'><strong>iniquitatum</strong></span> <span class='ocrx_word' id='word_1_628' title='bbox 1648 3051 1757 3106; x_wconf 83' lang='lat' dir='ltr'><strong>nostra·</strong></span> 
     </span>
     <span class='ocr_line' id='line_1_85' title="bbox 957 3132 1753 3207; baseline 0.003 -19"><span class='ocrx_word' id='word_1_629' title='bbox 957 3150 1033 3189; x_wconf 87' lang='lat' dir='ltr'><strong>rum.</strong></span> <span class='ocrx_word' id='word_1_630' title='bbox 1049 3132 1114 3191; x_wconf 85' lang='lat' dir='ltr'><strong>llaec</strong></span> <span class='ocrx_word' id='word_1_631' title='bbox 1138 3132 1275 3189; x_wconf 80' lang='lat' dir='ltr'><strong>confessio</strong></span> <span class='ocrx_word' id='word_1_632' title='bbox 1298 3133 1459 3190; x_wconf 81' lang='lat' dir='ltr'><strong>deltotorum</strong></span> <span class='ocrx_word' id='word_1_633' title='bbox 1483 3135 1589 3192; x_wconf 85' lang='grc' dir='ltr'><strong>ιειιιιι</strong></span> <span class='ocrx_word' id='word_1_634' title='bbox 1613 3143 1753 3207; x_wconf 82' lang='grc' dir='ltr'><strong>ριοιοιιι.</strong></span> 
     </span>
     <span class='ocr_line' id='line_1_86' title="bbox 957 3221 1755 3296; baseline 0.003 -20"><span class='ocrx_word' id='word_1_635' title='bbox 957 3221 1157 3294; x_wconf 78' lang='lat' dir='ltr'><strong>Antiquarum,</strong></span> <span class='ocrx_word' id='word_1_636' title='bbox 1183 3237 1238 3277; x_wconf 94' lang='lat' dir='ltr'><strong>non</strong></span> <span class='ocrx_word' id='word_1_637' title='bbox 1259 3221 1324 3278; x_wconf 91' lang='lat' dir='ltr'><strong>dicit</strong></span> <span class='ocrx_word' id='word_1_638' title='bbox 1347 3223 1399 3279; x_wconf 88' lang='lat' dir='ltr'><strong>boc</strong></span> <span class='ocrx_word' id='word_1_639' title='bbox 1414 3222 1449 3279; x_wconf 90' lang='lat' dir='ltr'><strong>de</strong></span> <span class='ocrx_word' id='word_1_640' title='bbox 1471 3221 1617 3296; x_wconf 88' lang='lat' dir='ltr'><strong>praeteritis</strong></span> <span class='ocrx_word' id='word_1_641' title='bbox 1640 3229 1755 3292; x_wconf 88' lang='lat' dir='ltr'><strong>tantum,</strong></span> 
     </span>
     <span class='ocr_line' id='line_1_87' title="bbox 956 3310 1757 3386; baseline 0.002 -21"><span class='ocrx_word' id='word_1_642' title='bbox 956 3326 1018 3365; x_wconf 90' lang='lat' dir='ltr'><strong>cum</strong></span> <span class='ocrx_word' id='word_1_643' title='bbox 1033 3317 1060 3366; x_wconf 90' lang='grc' dir='ltr'><strong>ει</strong></span> <span class='ocrx_word' id='word_1_644' title='bbox 1074 3310 1128 3366; x_wconf 85' lang='grc' dir='ltr'><strong>ιιι</strong></span> <span class='ocrx_word' id='word_1_645' title='bbox 1147 3317 1271 3382; x_wconf 87' lang='lat' dir='ltr'><strong>tempore</strong></span> <span class='ocrx_word' id='word_1_646' title='bbox 1285 3310 1395 3384; x_wconf 87' lang='lat' dir='ltr'><strong>quidam</strong></span> <span class='ocrx_word' id='word_1_647' title='bbox 1409 3311 1495 3368; x_wconf 82' lang='lat' dir='ltr'><strong>tudrei</strong></span> <span class='ocrx_word' id='word_1_648' title='bbox 1509 3311 1583 3367; x_wconf 91' lang='lat' dir='ltr'><strong>idola</strong></span> <span class='ocrx_word' id='word_1_649' title='bbox 1606 3327 1757 3386; x_wconf 87' lang='lat' dir='ltr'><strong>sequeren-</strong></span> 
     </span>
     <span class='ocr_line' id='line_1_88' title="bbox 957 3398 1755 3474; baseline 0.003 -20"><span class='ocrx_word' id='word_1_650' title='bbox 957 3406 1011 3466; x_wconf 90' lang='lat' dir='ltr'><strong>tur,</strong></span> <span class='ocrx_word' id='word_1_651' title='bbox 1040 3398 1098 3468; x_wconf 87' lang='lat' dir='ltr'><strong>sed,</strong></span> <span class='ocrx_word' id='word_1_652' title='bbox 1128 3398 1310 3471; x_wconf 86' lang='lat' dir='ltr'><strong>antiquarum,</strong></span> <span class='ocrx_word' id='word_1_653' title='bbox 1339 3399 1368 3455; x_wconf 92' lang='lat' dir='ltr'><strong>id</strong></span> <span class='ocrx_word' id='word_1_654' title='bbox 1396 3408 1437 3456; x_wconf 88' lang='grc' dir='ltr'><strong>εει</strong></span> <span class='ocrx_word' id='word_1_655' title='bbox 1464 3400 1593 3456; x_wconf 88' lang='lat' dir='ltr'><strong>slmilium</strong></span> <span class='ocrx_word' id='word_1_656' title='bbox 1628 3400 1755 3474; x_wconf 83' lang='lat' dir='ltr'><strong>antiquis,</strong></span> 
     </span>
     <span class='ocr_line' id='line_1_89' title="bbox 958 3485 1756 3564; baseline 0.003 -22"><span class='ocrx_word' id='word_1_657' title='bbox 958 3485 1055 3558; x_wconf 90' lang='lat' dir='ltr'><strong>quibus</strong></span> <span class='ocrx_word' id='word_1_658' title='bbox 1070 3485 1220 3542; x_wconf 88' lang='lat' dir='ltr'><strong>innumeris</strong></span> <span class='ocrx_word' id='word_1_659' title='bbox 1245 3487 1324 3543; x_wconf 89' lang='lat' dir='ltr'><strong>annia</strong></span> <span class='ocrx_word' id='word_1_660' title='bbox 1337 3496 1520 3560; x_wconf 86' lang='lat' dir='ltr'><strong>peccavarunt</strong></span> <span class='ocrx_word' id='word_1_661' title='bbox 1540 3488 1613 3545; x_wconf 89' lang='lat' dir='ltr'><strong>idola</strong></span> <span class='ocrx_word' id='word_1_662' title='bbox 1636 3505 1756 3564; x_wconf 87' lang='lat' dir='ltr'><strong>sequen-</strong></span> 
     </span>
     <span class='ocr_line' id='line_1_90' title="bbox 957 3575 1755 3650; baseline 0.005 -21"><span class='ocrx_word' id='word_1_663' title='bbox 957 3575 1002 3630; x_wconf 95' lang='lat' dir='ltr'><strong>do.</strong></span> <span class='ocrx_word' id='word_1_664' title='bbox 1018 3577 1049 3630; x_wconf 85' lang='lat' dir='ltr'><strong>at</strong></span> <span class='ocrx_word' id='word_1_665' title='bbox 1060 3575 1260 3632; x_wconf 81' lang='lat' dir='ltr'><strong>misericordie</strong></span> <span class='ocrx_word' id='word_1_666' title='bbox 1276 3581 1331 3634; x_wconf 77' lang='lat' dir='ltr'><strong>suo</strong></span> <span class='ocrx_word' id='word_1_667' title='bbox 1341 3577 1397 3634; x_wconf 89' lang='lat' dir='ltr'><strong>rito</strong></span> <span class='ocrx_word' id='word_1_668' title='bbox 1408 3579 1567 3650; x_wconf 85' lang='lat' dir='ltr'><strong>anticipent</strong></span> <span class='ocrx_word' id='word_1_669' title='bbox 1577 3595 1637 3644; x_wconf 88' lang='lat' dir='ltr'><strong>nos,</strong></span> <span class='ocrx_word' id='word_1_670' title='bbox 1650 3578 1755 3636; x_wconf 89' lang='lat' dir='ltr'><strong>scilicet</strong></span> 
     </span>
    </p>
   </div>
   <div class='ocr_carea' id='block_1_16' title="bbox 867 3663 1753 3738">
    <p class='ocr_par' dir='ltr' id='par_1_19' title="bbox 867 3663 1753 3738">
     <span class='ocr_line' id='line_1_91' title="bbox 867 3663 1753 3738; baseline 0.006 -20"><span class='ocrx_word' id='word_1_671' title='bbox 867 3708 872 3718; x_wconf 96' lang='lat'><strong>.</strong></span> <span class='ocrx_word' id='word_1_672' title='bbox 956 3671 1018 3720; x_wconf 89' lang='lat' dir='ltr'><strong>ante</strong></span> <span class='ocrx_word' id='word_1_673' title='bbox 1036 3663 1166 3732; x_wconf 89' lang='lat' dir='ltr'><strong>judicium</strong></span> <span class='ocrx_word' id='word_1_674' title='bbox 1191 3665 1263 3737; x_wconf 91' lang='lat' dir='ltr'><strong>quod</strong></span> <span class='ocrx_word' id='word_1_675' title='bbox 1287 3665 1363 3720; x_wconf 87' lang='lat' dir='ltr'><strong>tirnet</strong></span> <span class='ocrx_word' id='word_1_676' title='bbox 1386 3666 1474 3721; x_wconf 90' lang='lat' dir='ltr'><strong>omnis</strong></span> <span class='ocrx_word' id='word_1_677' title='bbox 1497 3667 1590 3735; x_wconf 87' lang='lat' dir='ltr'><strong>homo,</strong></span> <span class='ocrx_word' id='word_1_678' title='bbox 1616 3667 1678 3738; x_wconf 87' lang='lat' dir='ltr'><strong>quia</strong></span> <span class='ocrx_word' id='word_1_679' title='bbox 1700 3667 1753 3723; x_wconf 91' lang='lat' dir='ltr'><strong>nisi</strong></span> 
     </span>
    </p>
   </div>
   <div class='ocr_carea' id='block_1_17' title="bbox 953 3750 1752 4445">
    <p class='ocr_par' dir='ltr' id='par_1_20' title="bbox 953 3750 1752 4090">
     <span class='ocr_line' id='line_1_92' title="bbox 954 3750 1752 3827; baseline 0.003 -19"><span class='ocrx_word' id='word_1_680' title='bbox 954 3750 1123 3827; x_wconf 74' lang='lat' dir='ltr'><strong>indulgentia</strong></span> <span class='ocrx_word' id='word_1_681' title='bbox 1150 3750 1299 3824; x_wconf 82' lang='lat' dir='ltr'><strong>praeveniat</strong></span> <span class='ocrx_word' id='word_1_682' title='bbox 1327 3753 1355 3808; x_wconf 93' lang='lat' dir='ltr'><strong>in</strong></span> <span class='ocrx_word' id='word_1_683' title='bbox 1379 3753 1491 3822; x_wconf 88' lang='lat' dir='ltr'><strong>judicio,</strong></span> <span class='ocrx_word' id='word_1_684' title='bbox 1520 3771 1576 3810; x_wconf 91' lang='lat' dir='ltr'><strong>non</strong></span> <span class='ocrx_word' id='word_1_685' title='bbox 1603 3755 1752 3811; x_wconf 82' lang='lat' dir='ltr'><strong>absolvitur</strong></span> 
     </span>
     <span class='ocr_line' id='line_1_93' title="bbox 954 3840 1752 3916; baseline 0.004 -21"><span class='ocrx_word' id='word_1_686' title='bbox 954 3857 1034 3906; x_wconf 89' lang='lat' dir='ltr'><strong>rcus;</strong></span> <span class='ocrx_word' id='word_1_687' title='bbox 1052 3841 1115 3897; x_wconf 90' lang='lat' dir='ltr'><strong>ideo</strong></span> <span class='ocrx_word' id='word_1_688' title='bbox 1129 3840 1246 3897; x_wconf 90' lang='lat' dir='ltr'><strong>obtendo</strong></span> <span class='ocrx_word' id='word_1_689' title='bbox 1260 3840 1472 3912; x_wconf 85' lang='lat' dir='ltr'><strong>misericordIas,</strong></span> <span class='ocrx_word' id='word_1_690' title='bbox 1487 3842 1554 3914; x_wconf 87' lang='lat' dir='ltr'><strong>quia</strong></span> <span class='ocrx_word' id='word_1_691' title='bbox 1577 3857 1716 3916; x_wconf 86' lang='lat' dir='ltr'><strong>pauperes</strong></span> <span class='ocrx_word' id='word_1_692' title='bbox 1735 3859 1752 3898; x_wconf 87' lang='lat' dir='ltr'><strong>a</strong></span> 
     </span>
     <span class='ocr_line' id='line_1_94' title="bbox 953 3928 1751 4002; baseline 0.003 -18"><span class='ocrx_word' id='word_1_693' title='bbox 953 3928 1056 3986; x_wconf 88' lang='lat' dir='ltr'><strong>meritis</strong></span> <span class='ocrx_word' id='word_1_694' title='bbox 1069 3929 1141 4001; x_wconf 72' lang='lat' dir='ltr'><strong>facti</strong></span> <span class='ocrx_word' id='word_1_695' title='bbox 1159 3945 1258 3985; x_wconf 80' lang='lat' dir='ltr'><strong>sumam</strong></span> <span class='ocrx_word' id='word_1_696' title='bbox 1282 3930 1377 3985; x_wconf 82' lang='lat' dir='ltr'><strong>nimis.</strong></span> <span class='ocrx_word' id='word_1_697' title='bbox 1394 3931 1435 3984; x_wconf 89' lang='lat' dir='ltr'><strong>Ne</strong></span> <span class='ocrx_word' id='word_1_698' title='bbox 1449 3929 1510 4002; x_wconf 91' lang='lat' dir='ltr'><strong>quis</strong></span> <span class='ocrx_word' id='word_1_699' title='bbox 1525 3929 1560 3986; x_wconf 90' lang='lat' dir='ltr'><strong>de</strong></span> <span class='ocrx_word' id='word_1_700' title='bbox 1575 3930 1680 3987; x_wconf 87' lang='lat' dir='ltr'><strong>actibus</strong></span> <span class='ocrx_word' id='word_1_701' title='bbox 1695 3931 1751 3986; x_wconf 84' lang='lat' dir='ltr'><strong>suis</strong></span> 
     </span>
     <span class='ocr_line' id='line_1_95' title="bbox 953 4015 1687 4090; baseline 0.004 -19"><span class='ocrx_word' id='word_1_702' title='bbox 953 4025 1109 4090; x_wconf 74' lang='lat' dir='ltr'><strong>presumat.</strong></span> <span class='ocrx_word' id='word_1_703' title='bbox 1125 4015 1203 4082; x_wconf 87' lang='lat' dir='ltr'><strong>Dico,</strong></span> <span class='ocrx_word' id='word_1_704' title='bbox 1220 4033 1254 4073; x_wconf 91' lang='lat' dir='ltr'><strong>ne</strong></span> <span class='ocrx_word' id='word_1_705' title='bbox 1268 4015 1426 4074; x_wconf 87' lang='lat' dir='ltr'><strong>memineris</strong></span> <span class='ocrx_word' id='word_1_706' title='bbox 1440 4015 1621 4090; x_wconf 89' lang='lat' dir='ltr'><strong>iniquitatum,</strong></span> <span class='ocrx_word' id='word_1_707' title='bbox 1638 4019 1687 4074; x_wconf 89' lang='lat' dir='ltr'><strong>sed</strong></span> 
     </span>
    </p>

    <p class='ocr_par' dir='ltr' id='par_1_21' title="bbox 953 4105 1752 4445">
     <span class='ocr_line' id='line_1_96' title="bbox 988 4105 1747 4176; baseline 0.003 -16"><span class='ocrx_word' id='word_1_708' title='bbox 988 4105 1074 4161; x_wconf 86' lang='lat' dir='ltr'><strong>Vnus.</strong></span> <span class='ocrx_word' id='word_1_709' title='bbox 1090 4107 1116 4159; x_wconf 85' lang='grc'><strong>9.</strong></span> <span class='ocrx_word' id='word_1_710' title='bbox 1129 4135 1163 4146; x_wconf 91' lang='grc'>-</span> <span class='ocrx_word' id='word_1_711' title='bbox 1180 4127 1191 4156; x_wconf 83' lang='grc' dir='ltr'><strong>ι</strong></span> <span class='ocrx_word' id='word_1_712' title='bbox 1208 4105 1315 4175; x_wconf 79' lang='lat' dir='ltr'><strong>ddjuva</strong></span> <span class='ocrx_word' id='word_1_713' title='bbox 1329 4121 1390 4176; x_wconf 87' lang='lat' dir='ltr'><strong>nos,</strong></span> <span class='ocrx_word' id='word_1_714' title='bbox 1407 4107 1481 4162; x_wconf 89' lang='lat' dir='ltr'><strong>Deus</strong></span> <span class='ocrx_word' id='word_1_715' title='bbox 1495 4105 1622 4162; x_wconf 88' lang='lat' dir='ltr'><strong>salutaris</strong></span> <span class='ocrx_word' id='word_1_716' title='bbox 1636 4115 1747 4174; x_wconf 85' lang='lat' dir='ltr'><strong>noster;</strong></span> 
     </span>
     <span class='ocr_line' id='line_1_97' title="bbox 954 4193 1752 4268; baseline 0.005 -20"><span class='ocrx_word' id='word_1_717' title='bbox 954 4201 1010 4249; x_wconf 85' lang='lat' dir='ltr'><strong>«et</strong></span> <span class='ocrx_word' id='word_1_718' title='bbox 1024 4201 1133 4265; x_wconf 91' lang='lat' dir='ltr'><strong>propter</strong></span> <span class='ocrx_word' id='word_1_719' title='bbox 1161 4193 1277 4265; x_wconf 81' lang='lat' dir='ltr'><strong>gloriam</strong></span> <span class='ocrx_word' id='word_1_720' title='bbox 1301 4193 1419 4249; x_wconf 86' lang='lat' dir='ltr'><strong>nominis</strong></span> <span class='ocrx_word' id='word_1_721' title='bbox 1446 4194 1492 4262; x_wconf 90' lang='lat' dir='ltr'><strong>tui,</strong></span> <span class='ocrx_word' id='word_1_722' title='bbox 1518 4195 1642 4268; x_wconf 88' lang='lat' dir='ltr'><strong>Domine,</strong></span> <span class='ocrx_word' id='word_1_723' title='bbox 1665 4195 1752 4252; x_wconf 87' lang='lat' dir='ltr'><strong>libera</strong></span> 
     </span>
     <span class='ocr_line' id='line_1_98' title="bbox 954 4281 1750 4356; baseline 0.01 -23"><span class='ocrx_word' id='word_1_724' title='bbox 954 4297 1044 4348; x_wconf 76' lang='lat' dir='ltr'><strong>«nos,</strong></span> <span class='ocrx_word' id='word_1_725' title='bbox 1073 4289 1100 4337; x_wconf 91' lang='grc' dir='ltr'><strong>ει</strong></span> <span class='ocrx_word' id='word_1_726' title='bbox 1119 4281 1253 4354; x_wconf 88' lang='lat' dir='ltr'><strong>propitius</strong></span> <span class='ocrx_word' id='word_1_727' title='bbox 1280 4290 1339 4338; x_wconf 90' lang='lat' dir='ltr'><strong>esto</strong></span> <span class='ocrx_word' id='word_1_728' title='bbox 1365 4283 1487 4354; x_wconf 88' lang='lat' dir='ltr'><strong>peccatis</strong></span> <span class='ocrx_word' id='word_1_729' title='bbox 1515 4283 1616 4340; x_wconf 89' lang='lat' dir='ltr'><strong>nostris</strong></span> <span class='ocrx_word' id='word_1_730' title='bbox 1639 4291 1750 4356; x_wconf 88' lang='lat' dir='ltr'><strong>propter</strong></span> 
     </span>
     <span class='ocr_line' id='line_1_99' title="bbox 953 4377 1209 4445; baseline -0.016 -21"><span class='ocrx_word' id='word_1_731' title='bbox 953 4393 964 4416; x_wconf 74' lang='lat' dir='ltr'><strong>a</strong></span> <span class='ocrx_word' id='word_1_732' title='bbox 981 4385 1082 4445; x_wconf 84' lang='lat' dir='ltr'><strong>nornen</strong></span> <span class='ocrx_word' id='word_1_733' title='bbox 1094 4377 1179 4426; x_wconf 85' lang='lat' dir='ltr'><strong>tuum.</strong></span> <span class='ocrx_word' id='word_1_734' title='bbox 1198 4391 1209 4420; x_wconf 80' lang='grc' dir='ltr'><strong>ι</strong></span> 
     </span>
    </p>
   </div>
   <div class='ocr_carea' id='block_1_18' title="bbox 916 4447 1746 4550">
    <p class='ocr_par' dir='ltr' id='par_1_22' title="bbox 916 4447 1746 4550">
     <span class='ocr_line' id='line_1_100' title="bbox 916 4447 1746 4550; baseline 0.002 -18"><span class='ocrx_word' id='word_1_735' title='bbox 916 4447 943 4508; x_wconf 76' lang='lat' dir='ltr'>D</span> <span class='ocrx_word' id='word_1_736' title='bbox 989 4477 1096 4547; x_wconf 78' lang='lat' dir='ltr'><strong>Adjuua</strong></span> <span class='ocrx_word' id='word_1_737' title='bbox 1109 4493 1170 4541; x_wconf 83' lang='lat' dir='ltr'><strong>nos,</strong></span> <span class='ocrx_word' id='word_1_738' title='bbox 1182 4475 1329 4550; x_wconf 86' lang='lat' dir='ltr'><strong>[Cassiod.,</strong></span> <span class='ocrx_word' id='word_1_739' title='bbox 1351 4475 1435 4550; x_wconf 58' lang='lat' dir='ltr'><strong>Iup]</strong></span> <span class='ocrx_word' id='word_1_740' title='bbox 1449 4477 1477 4532; x_wconf 90' lang='lat' dir='ltr'><strong>in</strong></span> <span class='ocrx_word' id='word_1_741' title='bbox 1492 4477 1564 4534; x_wconf 91' lang='lat' dir='ltr'><strong>bello</strong></span> <span class='ocrx_word' id='word_1_742' title='bbox 1577 4475 1746 4536; x_wconf 78' lang='lat' dir='ltr'><strong>defensionis</strong></span> 
     </span>
    </p>
   </div>
   <div class='ocr_carea' id='block_1_19' title="bbox 952 4565 1751 5080">
    <p class='ocr_par' dir='ltr' id='par_1_23' title="bbox 952 4565 1751 5080">
     <span class='ocr_line' id='line_1_101' title="bbox 952 4565 1751 4636; baseline 0.004 -17"><span class='ocrx_word' id='word_1_743' title='bbox 952 4565 1045 4635; x_wconf 75' lang='lat' dir='ltr'><strong>legum</strong></span> <span class='ocrx_word' id='word_1_744' title='bbox 1069 4573 1164 4622; x_wconf 89' lang='lat' dir='ltr'><strong>contra</strong></span> <span class='ocrx_word' id='word_1_745' title='bbox 1185 4565 1358 4632; x_wconf 78' lang='lat' dir='ltr'><strong>Antiochum,</strong></span> <span class='ocrx_word' id='word_1_746' title='bbox 1383 4565 1514 4636; x_wconf 88' lang='lat' dir='ltr'><strong>quianon</strong></span> <span class='ocrx_word' id='word_1_747' title='bbox 1530 4566 1559 4620; x_wconf 93' lang='lat' dir='ltr'><strong>in</strong></span> <span class='ocrx_word' id='word_1_748' title='bbox 1576 4565 1642 4634; x_wconf 87' lang='lat' dir='ltr'><strong>auis,</strong></span> <span class='ocrx_word' id='word_1_749' title='bbox 1660 4567 1751 4622; x_wconf 88' lang='lat' dir='ltr'><strong>sedin</strong></span> 
     </span>
     <span class='ocr_line' id='line_1_102' title="bbox 953 4653 1751 4712; baseline 0.005 -4"><span class='ocrx_word' id='word_1_750' title='bbox 953 4653 1096 4710; x_wconf 88' lang='lat' dir='ltr'><strong>virtutibus</strong></span> <span class='ocrx_word' id='word_1_751' title='bbox 1111 4653 1161 4710; x_wconf 88' lang='lat' dir='ltr'><strong>Dei</strong></span> <span class='ocrx_word' id='word_1_752' title='bbox 1176 4653 1325 4710; x_wconf 87' lang='lat' dir='ltr'><strong>confidunt.</strong></span> <span class='ocrx_word' id='word_1_753' title='bbox 1343 4653 1421 4711; x_wconf 88' lang='lat' dir='ltr'><strong>Unde</strong></span> <span class='ocrx_word' id='word_1_754' title='bbox 1435 4653 1525 4710; x_wconf 84' lang='lat' dir='ltr'><strong>subdit</strong></span> <span class='ocrx_word' id='word_1_755' title='bbox 1540 4656 1630 4710; x_wconf 84' lang='lat' dir='ltr'><strong>:licus</strong></span> <span class='ocrx_word' id='word_1_756' title='bbox 1643 4656 1751 4712; x_wconf 89' lang='lat' dir='ltr'><strong>satuta-</strong></span> 
     </span>
     <span class='ocr_line' id='line_1_103' title="bbox 952 4741 1751 4813; baseline 0.001 -17"><span class='ocrx_word' id='word_1_757' title='bbox 952 4744 993 4797; x_wconf 83' lang='lat' dir='ltr'><strong>ris</strong></span> <span class='ocrx_word' id='word_1_758' title='bbox 1007 4746 1114 4809; x_wconf 85' lang='lat' dir='ltr'><strong>noster,</strong></span> <span class='ocrx_word' id='word_1_759' title='bbox 1131 4743 1204 4813; x_wconf 91' lang='lat' dir='ltr'><strong>quod</strong></span> <span class='ocrx_word' id='word_1_760' title='bbox 1227 4757 1341 4800; x_wconf 88' lang='lat' dir='ltr'><strong>necesse</strong></span> <span class='ocrx_word' id='word_1_761' title='bbox 1362 4748 1404 4797; x_wconf 88' lang='grc' dir='ltr'><strong>εει</strong></span> <span class='ocrx_word' id='word_1_762' title='bbox 1427 4742 1492 4813; x_wconf 91' lang='lat' dir='ltr'><strong>qnia</strong></span> <span class='ocrx_word' id='word_1_763' title='bbox 1515 4757 1565 4798; x_wconf 91' lang='lat' dir='ltr'><strong>nos</strong></span> <span class='ocrx_word' id='word_1_764' title='bbox 1588 4741 1686 4798; x_wconf 84' lang='lat' dir='ltr'><strong>infirmi</strong></span> <span class='ocrx_word' id='word_1_765' title='bbox 1702 4760 1751 4797; x_wconf 81' lang='lat' dir='ltr'><strong>sn·</strong></span> 
     </span>
     <span class='ocr_line' id='line_1_104' title="bbox 953 4830 1751 4902; baseline 0.003 -18"><span class='ocrx_word' id='word_1_766' title='bbox 953 4846 1023 4897; x_wconf 89' lang='lat' dir='ltr'><strong>mus,</strong></span> <span class='ocrx_word' id='word_1_767' title='bbox 1035 4835 1073 4896; x_wconf 87' lang='lat' dir='ltr'><strong>et,</strong></span> <span class='ocrx_word' id='word_1_768' title='bbox 1084 4830 1225 4887; x_wconf 89' lang='lat' dir='ltr'><strong>oDomine</strong></span> <span class='ocrx_word' id='word_1_769' title='bbox 1237 4831 1325 4887; x_wconf 84' lang='lat' dir='ltr'><strong>libera</strong></span> <span class='ocrx_word' id='word_1_770' title='bbox 1338 4847 1389 4887; x_wconf 85' lang='lat' dir='ltr'><strong>uos</strong></span> <span class='ocrx_word' id='word_1_771' title='bbox 1402 4834 1517 4902; x_wconf 82' lang='lat' dir='ltr'><strong>propter</strong></span> <span class='ocrx_word' id='word_1_772' title='bbox 1529 4831 1649 4902; x_wconf 82' lang='lat' dir='ltr'><strong>pieriam</strong></span> <span class='ocrx_word' id='word_1_773' title='bbox 1663 4834 1751 4888; x_wconf 88' lang='lat' dir='ltr'><strong>nomi·</strong></span> 
     </span>
     <span class='ocr_line' id='line_1_105' title="bbox 952 4918 1748 4989; baseline 0.001 -15"><span class='ocrx_word' id='word_1_774' title='bbox 952 4919 998 4974; x_wconf 85' lang='lat' dir='ltr'><strong>ais</strong></span> <span class='ocrx_word' id='word_1_775' title='bbox 1024 4919 1078 4985; x_wconf 85' lang='lat' dir='ltr'><strong>tui,</strong></span> <span class='ocrx_word' id='word_1_776' title='bbox 1102 4934 1158 4975; x_wconf 93' lang='lat' dir='ltr'><strong>non</strong></span> <span class='ocrx_word' id='word_1_777' title='bbox 1180 4926 1304 4975; x_wconf 86' lang='lat' dir='ltr'><strong>nostrum</strong></span> <span class='ocrx_word' id='word_1_778' title='bbox 1324 4919 1460 4984; x_wconf 89' lang='lat' dir='ltr'><strong>meritum,</strong></span> <span class='ocrx_word' id='word_1_779' title='bbox 1484 4918 1533 4974; x_wconf 92' lang='lat' dir='ltr'><strong>sed</strong></span> <span class='ocrx_word' id='word_1_780' title='bbox 1546 4925 1576 4974; x_wconf 91' lang='grc' dir='ltr'><strong>ιι</strong></span> <span class='ocrx_word' id='word_1_781' title='bbox 1589 4933 1639 4974; x_wconf 90' lang='lat' dir='ltr'><strong>nos</strong></span> <span class='ocrx_word' id='word_1_782' title='bbox 1653 4919 1748 4989; x_wconf 84' lang='lat' dir='ltr'><strong>erepti,</strong></span> 
     </span>
     <span class='ocr_line' id='line_1_106' title="bbox 953 5005 1751 5080; baseline 0 -18"><span class='ocrx_word' id='word_1_783' title='bbox 953 5015 1000 5062; x_wconf 91' lang='lat' dir='ltr'><strong>tuo</strong></span> <span class='ocrx_word' id='word_1_784' title='bbox 1007 5005 1111 5062; x_wconf 90' lang='lat' dir='ltr'><strong>nomini</strong></span> <span class='ocrx_word' id='word_1_785' title='bbox 1118 5007 1248 5063; x_wconf 88' lang='lat' dir='ltr'><strong>honorem</strong></span> <span class='ocrx_word' id='word_1_786' title='bbox 1257 5007 1411 5074; x_wconf 77' lang='lat' dir='ltr'><strong>reddamur,</strong></span> <span class='ocrx_word' id='word_1_787' title='bbox 1424 5011 1452 5064; x_wconf 91' lang='lat' dir='ltr'><strong>et</strong></span> <span class='ocrx_word' id='word_1_788' title='bbox 1460 5007 1603 5080; x_wconf 84' lang='lat' dir='ltr'><strong>propitius</strong></span> <span class='ocrx_word' id='word_1_789' title='bbox 1617 5011 1676 5064; x_wconf 88' lang='lat' dir='ltr'><strong>esto</strong></span> <span class='ocrx_word' id='word_1_790' title='bbox 1689 5023 1751 5079; x_wconf 85' lang='lat' dir='ltr'><strong>pec·</strong></span> 
     </span>
    </p>
   </div>
   <div class='ocr_carea' id='block_1_20' title="bbox 96 5093 1749 5700">
    <p class='ocr_par' dir='ltr' id='par_1_24' title="bbox 96 5093 1749 5700">
     <span class='ocr_line' id='line_1_107' title="bbox 135 5093 1748 5170; baseline -0.002 -16"><span class='ocrx_word' id='word_1_791' title='bbox 135 5097 268 5170; x_wconf 59' lang='lat' dir='ltr'><strong>limando.</strong></span> <span class='ocrx_word' id='word_1_792' title='bbox 285 5093 378 5169; x_wconf 78' lang='lat' dir='ltr'><strong>[Aug.,</strong></span> <span class='ocrx_word' id='word_1_793' title='bbox 404 5093 540 5162; x_wconf 85' lang='lat' dir='ltr'><strong>Cassiod,</strong></span> <span class='ocrx_word' id='word_1_794' title='bbox 557 5097 641 5168; x_wconf 63' lang='lat' dir='ltr'><strong>dag,</strong></span> <span class='ocrx_word' id='word_1_795' title='bbox 657 5093 794 5168; x_wconf 83' lang='lat' dir='ltr'><strong>Cassiod}</strong></span> <span class='ocrx_word' id='word_1_796' title='bbox 819 5094 903 5165; x_wconf 88' lang='lat' dir='ltr'><strong>Quasi</strong></span> <span class='ocrx_word' id='word_1_797' title='bbox 953 5096 1026 5151; x_wconf 83' lang='lat' dir='ltr'><strong>catis</strong></span> <span class='ocrx_word' id='word_1_798' title='bbox 1041 5095 1132 5152; x_wconf 80' lang='lat' dir='ltr'><strong>notris</strong></span> <span class='ocrx_word' id='word_1_799' title='bbox 1145 5099 1263 5168; x_wconf 83' lang='lat' dir='ltr'><strong>psopter</strong></span> <span class='ocrx_word' id='word_1_800' title='bbox 1276 5111 1380 5152; x_wconf 81' lang='lat' dir='ltr'><strong>nomen</strong></span> <span class='ocrx_word' id='word_1_801' title='bbox 1395 5099 1488 5162; x_wconf 87' lang='lat' dir='ltr'><strong>tuum,</strong></span> <span class='ocrx_word' id='word_1_802' title='bbox 1504 5102 1677 5166; x_wconf 90' lang='lat' dir='ltr'><strong>nonpropter</strong></span> <span class='ocrx_word' id='word_1_803' title='bbox 1688 5109 1748 5161; x_wconf 90' lang='lat' dir='ltr'><strong>noa,</strong></span> 
     </span>
     <span class='ocr_line' id='line_1_108' title="bbox 98 5181 1749 5256; baseline -0.002 -14"><span class='ocrx_word' id='word_1_804' title='bbox 98 5186 172 5244; x_wconf 91' lang='lat' dir='ltr'><strong>dicat</strong></span> <span class='ocrx_word' id='word_1_805' title='bbox 184 5204 191 5241; x_wconf 92' lang='lat'>:</span> <span class='ocrx_word' id='word_1_806' title='bbox 202 5185 245 5242; x_wconf 88' lang='lat' dir='ltr'><strong>Nc</strong></span> <span class='ocrx_word' id='word_1_807' title='bbox 268 5183 404 5252; x_wconf 83' lang='lat' dir='ltr'><strong>irascaris,</strong></span> <span class='ocrx_word' id='word_1_808' title='bbox 422 5183 470 5240; x_wconf 87' lang='lat' dir='ltr'><strong>sed</strong></span> <span class='ocrx_word' id='word_1_809' title='bbox 490 5181 580 5255; x_wconf 87' lang='lat' dir='ltr'><strong>potius</strong></span> <span class='ocrx_word' id='word_1_810' title='bbox 595 5184 717 5256; x_wconf 82' lang='lat' dir='ltr'><strong>effunde,</strong></span> <span class='ocrx_word' id='word_1_811' title='bbox 734 5191 763 5239; x_wconf 89' lang='lat' dir='ltr'><strong>ut</strong></span> <span class='ocrx_word' id='word_1_812' title='bbox 779 5185 901 5256; x_wconf 88' lang='lat' dir='ltr'><strong>multam,</strong></span> <span class='ocrx_word' id='word_1_813' title='bbox 952 5184 980 5239; x_wconf 93' lang='lat' dir='ltr'><strong>id</strong></span> <span class='ocrx_word' id='word_1_814' title='bbox 993 5191 1034 5239; x_wconf 91' lang='lat' dir='ltr'><strong>est</strong></span> <span class='ocrx_word' id='word_1_815' title='bbox 1049 5183 1148 5254; x_wconf 87' lang='lat' dir='ltr'><strong>pietate</strong></span> <span class='ocrx_word' id='word_1_816' title='bbox 1163 5183 1279 5239; x_wconf 84' lang='lat' dir='ltr'><strong>nominIs</strong></span> <span class='ocrx_word' id='word_1_817' title='bbox 1301 5184 1337 5240; x_wconf 91' lang='lat' dir='ltr'><strong>tui</strong></span> <span class='ocrx_word' id='word_1_818' title='bbox 1352 5184 1485 5240; x_wconf 87' lang='lat' dir='ltr'><strong>tribuatur</strong></span> <span class='ocrx_word' id='word_1_819' title='bbox 1499 5183 1577 5240; x_wconf 89' lang='lat' dir='ltr'><strong>nobis</strong></span> <span class='ocrx_word' id='word_1_820' title='bbox 1591 5184 1665 5256; x_wconf 92' lang='lat' dir='ltr'><strong>quod</strong></span> <span class='ocrx_word' id='word_1_821' title='bbox 1678 5185 1749 5241; x_wconf 86' lang='lat' dir='ltr'><strong>acti·</strong></span> 
     </span>
     <span class='ocr_line' id='line_1_109' title="bbox 97 5271 1749 5344; baseline -0.002 -13"><span class='ocrx_word' id='word_1_822' title='bbox 97 5278 175 5332; x_wconf 83' lang='lat' dir='ltr'><strong>iram</strong></span> <span class='ocrx_word' id='word_1_823' title='bbox 190 5277 281 5330; x_wconf 87' lang='lat' dir='ltr'><strong>taam.</strong></span> <span class='ocrx_word' id='word_1_824' title='bbox 298 5273 359 5329; x_wconf 92' lang='lat' dir='ltr'><strong>Non</strong></span> <span class='ocrx_word' id='word_1_825' title='bbox 383 5280 423 5328; x_wconf 89' lang='grc' dir='ltr'><strong>εει</strong></span> <span class='ocrx_word' id='word_1_826' title='bbox 438 5273 491 5329; x_wconf 88' lang='lat' dir='ltr'><strong>hoc</strong></span> <span class='ocrx_word' id='word_1_827' title='bbox 513 5271 604 5328; x_wconf 91' lang='lat' dir='ltr'><strong>dicere</strong></span> <span class='ocrx_word' id='word_1_828' title='bbox 628 5272 826 5340; x_wconf 86' lang='lat' dir='ltr'><strong>malevolentia,</strong></span> <span class='ocrx_word' id='word_1_829' title='bbox 854 5273 903 5330; x_wconf 91' lang='lat' dir='ltr'><strong>sed</strong></span> <span class='ocrx_word' id='word_1_830' title='bbox 952 5271 1005 5327; x_wconf 86' lang='lat' dir='ltr'><strong>bus</strong></span> <span class='ocrx_word' id='word_1_831' title='bbox 1019 5271 1121 5328; x_wconf 89' lang='lat' dir='ltr'><strong>nostris</strong></span> <span class='ocrx_word' id='word_1_832' title='bbox 1134 5287 1189 5327; x_wconf 91' lang='lat' dir='ltr'><strong>non</strong></span> <span class='ocrx_word' id='word_1_833' title='bbox 1212 5278 1301 5343; x_wconf 86' lang='lat' dir='ltr'><strong>potest</strong></span> <span class='ocrx_word' id='word_1_834' title='bbox 1314 5271 1421 5338; x_wconf 87' lang='lat' dir='ltr'><strong>haberi,</strong></span> <span class='ocrx_word' id='word_1_835' title='bbox 1445 5272 1488 5328; x_wconf 86' lang='lat' dir='ltr'><strong>vel</strong></span> <span class='ocrx_word' id='word_1_836' title='bbox 1503 5271 1530 5326; x_wconf 92' lang='lat' dir='ltr'><strong>in</strong></span> <span class='ocrx_word' id='word_1_837' title='bbox 1543 5287 1663 5344; x_wconf 88' lang='lat' dir='ltr'><strong>persona</strong></span> <span class='ocrx_word' id='word_1_838' title='bbox 1679 5288 1749 5329; x_wconf 88' lang='lat' dir='ltr'><strong>mar-</strong></span> 
     </span>
     <span class='ocr_line' id='line_1_110' title="bbox 97 5359 1748 5436; baseline -0.002 -16"><span class='ocrx_word' id='word_1_839' title='bbox 97 5363 216 5436; x_wconf 80' lang='lat' dir='ltr'><strong>prreuIsa</strong></span> <span class='ocrx_word' id='word_1_840' title='bbox 230 5361 366 5418; x_wconf 84' lang='lat' dir='ltr'><strong>dIcuntur.</strong></span> <span class='ocrx_word' id='word_1_841' title='bbox 384 5361 483 5435; x_wconf 76' lang='lat' dir='ltr'><strong>Figura</strong></span> <span class='ocrx_word' id='word_1_842' title='bbox 507 5359 582 5416; x_wconf 90' lang='lat' dir='ltr'><strong>enim</strong></span> <span class='ocrx_word' id='word_1_843' title='bbox 596 5361 706 5431; x_wconf 90' lang='lat' dir='ltr'><strong>optandi</strong></span> <span class='ocrx_word' id='word_1_844' title='bbox 729 5360 817 5417; x_wconf 88' lang='lat' dir='ltr'><strong>lutura</strong></span> <span class='ocrx_word' id='word_1_845' title='bbox 830 5378 902 5433; x_wconf 86' lang='lat' dir='ltr'><strong>prse-</strong></span> <span class='ocrx_word' id='word_1_846' title='bbox 953 5368 1044 5432; x_wconf 88' lang='lat' dir='ltr'><strong>tyrum</strong></span> <span class='ocrx_word' id='word_1_847' title='bbox 1053 5366 1168 5432; x_wconf 86' lang='lat' dir='ltr'><strong>possunt</strong></span> <span class='ocrx_word' id='word_1_848' title='bbox 1182 5360 1347 5432; x_wconf 81' lang='lat' dir='ltr'><strong>hrncaooipi.</strong></span> <span class='ocrx_word' id='word_1_849' title='bbox 1363 5361 1405 5416; x_wconf 91' lang='lat' dir='ltr'><strong>Ne</strong></span> <span class='ocrx_word' id='word_1_850' title='bbox 1413 5359 1570 5416; x_wconf 88' lang='lat' dir='ltr'><strong>memineris</strong></span> <span class='ocrx_word' id='word_1_851' title='bbox 1577 5360 1748 5433; x_wconf 88' lang='lat' dir='ltr'><strong>iniquitatum</strong></span> 
     </span>
     <span class='ocr_line' id='line_1_111' title="bbox 96 5448 1748 5524; baseline -0.003 -13"><span class='ocrx_word' id='word_1_852' title='bbox 96 5451 173 5511; x_wconf 89' lang='lat' dir='ltr'><strong>dicit.</strong></span> <span class='ocrx_word' id='word_1_853' title='bbox 186 5449 394 5516; x_wconf 71' lang='lat' dir='ltr'><strong>effundentia,</strong></span> <span class='ocrx_word' id='word_1_854' title='bbox 406 5451 437 5506; x_wconf 85' lang='lat' dir='ltr'><strong>in</strong></span> <span class='ocrx_word' id='word_1_855' title='bbox 449 5453 593 5520; x_wconf 86' lang='lat' dir='ltr'><strong>pentes,ut</strong></span> <span class='ocrx_word' id='word_1_856' title='bbox 603 5449 728 5506; x_wconf 88' lang='lat' dir='ltr'><strong>sioutnos</strong></span> <span class='ocrx_word' id='word_1_857' title='bbox 737 5449 901 5521; x_wconf 90' lang='lat' dir='ltr'><strong>opprimunt,</strong></span> <span class='ocrx_word' id='word_1_858' title='bbox 953 5458 1107 5506; x_wconf 89' lang='lat' dir='ltr'><strong>nostrarum</strong></span> <span class='ocrx_word' id='word_1_859' title='bbox 1131 5449 1314 5522; x_wconf 89' lang='lat' dir='ltr'><strong>antiquarum,</strong></span> <span class='ocrx_word' id='word_1_860' title='bbox 1330 5449 1357 5504; x_wconf 95' lang='lat' dir='ltr'><strong>id</strong></span> <span class='ocrx_word' id='word_1_861' title='bbox 1372 5457 1415 5506; x_wconf 91' lang='grc' dir='ltr'><strong>εει</strong></span> <span class='ocrx_word' id='word_1_862' title='bbox 1428 5464 1445 5504; x_wconf 87' lang='lat' dir='ltr'><strong>a</strong></span> <span class='ocrx_word' id='word_1_863' title='bbox 1459 5448 1615 5520; x_wconf 88' lang='lat' dir='ltr'><strong>parentibus</strong></span> <span class='ocrx_word' id='word_1_864' title='bbox 1630 5451 1748 5524; x_wconf 82' lang='lat' dir='ltr'><strong>antiquas</strong></span> 
     </span>
     <span class='ocr_line' id='line_1_112' title="bbox 97 5537 1748 5617; baseline -0.001 -21"><span class='ocrx_word' id='word_1_865' title='bbox 97 5541 134 5596; x_wconf 87' lang='lat' dir='ltr'><strong>ita</strong></span> <span class='ocrx_word' id='word_1_866' title='bbox 144 5539 184 5595; x_wconf 90' lang='lat' dir='ltr'><strong>illi</strong></span> <span class='ocrx_word' id='word_1_867' title='bbox 196 5539 248 5594; x_wconf 88' lang='grc' dir='ltr'><strong>ιιιε</strong></span> <span class='ocrx_word' id='word_1_868' title='bbox 259 5539 404 5593; x_wconf 81' lang='lat' dir='ltr'><strong>virtutibus</strong></span> <span class='ocrx_word' id='word_1_869' title='bbox 415 5537 613 5610; x_wconf 88' lang='lat' dir='ltr'><strong>opprimantur,</strong></span> <span class='ocrx_word' id='word_1_870' title='bbox 628 5556 689 5612; x_wconf 85' lang='lat' dir='ltr'><strong>quoe</strong></span> <span class='ocrx_word' id='word_1_871' title='bbox 705 5543 732 5595; x_wconf 87' lang='lat' dir='ltr'><strong>te</strong></span> <span class='ocrx_word' id='word_1_872' title='bbox 747 5555 805 5617; x_wconf 80' lang='lat' dir='ltr'><strong>non</strong></span> <span class='ocrx_word' id='word_1_873' title='bbox 820 5555 902 5595; x_wconf 87' lang='lat' dir='ltr'><strong>nove-</strong></span> <span class='ocrx_word' id='word_1_874' title='bbox 953 5537 1128 5604; x_wconf 87' lang='lat' dir='ltr'><strong>venientium,</strong></span> <span class='ocrx_word' id='word_1_875' title='bbox 1158 5538 1201 5593; x_wconf 87' lang='lat' dir='ltr'><strong>vel</strong></span> <span class='ocrx_word' id='word_1_876' title='bbox 1221 5537 1418 5610; x_wconf 74' lang='lat' dir='ltr'><strong>propagatione</strong></span> <span class='ocrx_word' id='word_1_877' title='bbox 1441 5537 1483 5594; x_wconf 88' lang='lat' dir='ltr'><strong>vel</strong></span> <span class='ocrx_word' id='word_1_878' title='bbox 1506 5537 1662 5595; x_wconf 84' lang='lat' dir='ltr'><strong>imitatione.</strong></span> <span class='ocrx_word' id='word_1_879' title='bbox 1689 5539 1748 5596; x_wconf 88' lang='lat' dir='ltr'><strong>Cito</strong></span> 
     </span>
     <span class='ocr_line' id='line_1_113' title="bbox 97 5625 1746 5700; baseline -0.002 -13"><span class='ocrx_word' id='word_1_880' title='bbox 97 5632 179 5696; x_wconf 86' lang='lat' dir='ltr'><strong>rant,</strong></span> <span class='ocrx_word' id='word_1_881' title='bbox 198 5643 250 5684; x_wconf 90' lang='lat' dir='ltr'><strong>nec</strong></span> <span class='ocrx_word' id='word_1_882' title='bbox 265 5625 501 5695; x_wconf 87' lang='lat' dir='ltr'><strong>scirevoluerunt,</strong></span> <span class='ocrx_word' id='word_1_883' title='bbox 519 5626 684 5683; x_wconf 29' lang='lat' dir='ltr'><strong>neclimerei</strong></span> <span class='ocrx_word' id='word_1_884' title='bbox 701 5626 901 5698; x_wconf 85' lang='lat' dir='ltr'><strong>Culpaludaeo·</strong></span> <span class='ocrx_word' id='word_1_885' title='bbox 951 5626 1096 5700; x_wconf 81' lang='lat' dir='ltr'><strong>antipreul</strong></span> <span class='ocrx_word' id='word_1_886' title='bbox 1126 5641 1176 5683; x_wconf 89' lang='lat' dir='ltr'><strong>nos</strong></span> <span class='ocrx_word' id='word_1_887' title='bbox 1199 5626 1391 5684; x_wconf 79' lang='lat' dir='ltr'><strong>misericordiae</strong></span> <span class='ocrx_word' id='word_1_888' title='bbox 1415 5634 1476 5694; x_wconf 75' lang='lat' dir='ltr'><strong>tue,</strong></span> <span class='ocrx_word' id='word_1_889' title='bbox 1502 5643 1535 5684; x_wconf 88' lang='lat' dir='ltr'><strong>ne</strong></span> <span class='ocrx_word' id='word_1_890' title='bbox 1560 5627 1746 5696; x_wconf 89' lang='lat' dir='ltr'><strong>adjudicium</strong></span> 
     </span>
    </p>
   </div>
   <div class='ocr_carea' id='block_1_21' title="bbox 0 0 1970 6066">
    <p class='ocr_par' dir='ltr' id='par_1_25' title="bbox 0 0 1970 6066">
     <span class='ocr_line' id='line_1_114' title="bbox 0 0 1970 6066; baseline 0 2"><span class='ocrx_word' id='word_1_891' title='bbox 0 0 1970 6066; x_wconf 95' lang='lat' dir='ltr'><strong> </strong></span> 
     </span>
    </p>
   </div>
  </div>
 </body>
</html>
