3940 6066
121 117 198 174 t3l³
465 111 718 170 COLLECTANEA
736 111 773 170 IN
791 109 900 168 EPlS'l'.
917 111 955 167 lt.
978 111 1091 169 PAULI.
1106 141 1142 154 -
1156 113 1193 169 lN
1212 113 1267 171 ΕΡ.
1286 115 1335 172 AD
1353 113 1439 172 uolt.
1716 117 1785 174 till

119 235 275 310 aliquando
283 235 332 292 Dei
348 235 431 292 Filius
446 235 520 308 quod
536 237 657 294 nondum
671 237 766 294 habuit
780 237 853 294 idern
866 236 926 308 ipse
936 238 963 299 Α
975 235 1072 308 potuit,
1102 235 1220 309 qualiter
1240 237 1338 310 aliquis
1371 237 1509 296 curandus
1530 254 1546 294 a
1567 237 1686 308 medico,
1712 239 1786 296 illius

119 323 246 382 bominis
261 324 341 393 tilius,
360 324 423 397 quia
444 325 564 381 nondum
584 333 644 383 erat
666 328 761 384 homo.
788 329 866 395 ltem,
892 324 932 383 sic
984 324 1081 382 medici
1102 325 1201 382 dieitur
1219 325 1354 382 intimius.
1383 329 1473 384 Potest
1497 327 1578 384 etiam
1607 329 1642 385 de
1666 329 1785 386 bumana

124 429 182 469 nos
197 413 287 483 electi,
303 413 678 486 quomodoilleclarificatus,
691 414 931 488 quia,priusquam
982 421 1079 468 natura
1098 414 1151 470 hoc
1173 414 1269 486 accipi,
1292 415 1366 487 quod
1388 415 1425 470 ait
1450 417 1607 488 Apostolus,
1633 417 1681 489 qui
1708 434 1783 489 prae·

122 502 248 558 mundus
263 509 345 569 εεεει,
353 517 404 559 εεε
412 518 645 570 noseramus,nec
659 503 718 575 ipse
729 504 871 561 mediator
880 504 931 560 Dei
981 501 1133 558 destinatus
1146 511 1196 573 est,
1213 503 1333 564 utetinm
1348 504 1406 575 ipsa
1427 520 1493 560 vere
1518 504 1625 562 dicatur
1640 506 1786 577 praedesti·

125 589 661 662 ethominumlomoctrtstustescett
669 593 852 662 Tim.u).ltem
863 593 931 663 (33),
982 598 1056 647 εειε.
1072 591 1113 648 4
1133 592 1211 648 Unde
1235 592 1272 646 ait
1295 591 1462 663 Augustinus
1479 593 1548 664 (δι’)
1565 610 1572 646 :
1589 594 1787 650 Prodestinata

127 677 256 734 Christus
270 685 372 748 noster,
389 679 441 735 etsi
454 678 525 735 sorte
548 680 630 737 homo
643 695 742 736 recens
765 687 815 749 εει,
841 687 932 736 tamen
983 686 1024 735 εει
1038 678 1092 735 ista
1113 680 1239 736 bumauae
1262 687 1366 736 naturae
1394 688 1469 736 tauta
1496 687 1523 736 et
1546 689 1604 737 tam
1627 682 1737 739 excelsa
1759 690 1787 739 ει

126 775 251 824 aeternus
275 767 349 823 Deus
368 775 419 824 est.
443 767 515 824 Alibi
538 775 628 825 autem
652 768 752 841 legitur
772 769 845 841 quod
863 783 933 840 puer
983 783 1090 824 summa
1103 768 1253 836 subrectio,
1271 777 1300 824 ει
1316 785 1370 842 quo
1379 769 1547 825 attolleretur
1559 768 1786 827 altiusnonhabe«

130 855 180 911 ille
194 855 332 912 creauerit
347 855 449 925 stellas,
466 863 493 912 ει
508 856 567 928 ipse
581 857 704 913 Christus
718 857 754 912 ait
769 857 842 930 :qu
850 859 933 930 prin·
982 863 1033 925 ret,
1049 856 1119 913 sicut
1135 873 1184 928 pro
1202 857 1282 913 nobis
1295 857 1354 929 ipsa
1368 858 1495 914 divinitas
1520 874 1675 930 quousque
1690 875 1720 915 se
1735 860 1786 916 de-

128 945 241 1017 cipiam
255 946 341 1016 quiet
357 945 453 1018 loquor
468 943 542 1000 εειιε
553 945 646 1016 (locu.
658 945 731 1014 νιιι).
988 954 1102 1016 poneret
1116 946 1245 1001 humilius
1260 961 1315 1003 non
1328 945 1431 1015 habuit,
1447 962 1529 1019 quam
1546 954 1674 1020 suscepta
1688 955 1786 1004 natura

168 1033 216 1088 llis
230 1033 320 1104 itaque
335 1032 538 1089 auctoritatibus
559 1033 587 1088 in
608 1033 690 1106 nullo?
706 1033 874 1108 refragantes
888 1033 933 1088 di·
983 1034 1100 1090 bominis
1124 1050 1187 1090 cum
1205 1033 1360 1090 infirmitate
1383 1035 1475 1092 camis
1499 1051 1586 1108 usque
1609 1036 1646 1092 ad
1668 1043 1785 1092 mortem

130 1119 221 1177 cimus
235 1120 307 1193 quod
320 1121 366 1176 ille
381 1123 473 1188 bomo,
490 1129 620 1194 quantum
639 1124 721 1178 homo
735 1130 787 1190 εει,
804 1137 866 1178 εεεε
880 1137 933 1178 coe·
983 1121 1085 1179 crucis.
1104 1123 1144 1179 De
1155 1123 1207 1178 hoc
1223 1123 1320 1180 eodem
1336 1123 1432 1180 llaimo
1444 1122 1496 1178 ait:
1512 1124 1623 1180 Nande
1638 1125 1729 1182 Verbo
1743 1125 1785 1181 lo·

128 1209 172 1280 pit
188 1228 195 1276 ;
211 1208 378 1281 inquantum
392 1216 434 1265 εει
450 1209 578 1278 Verbum,
594 1225 705 1281 semper
720 1209 777 1266 ιειι.
786 1211 817 1266 ιε
839 1210 933 1280 hujus·
983 1210 1075 1284 quitur
1089 1210 1134 1268 bic
1147 1211 1304 1283 Apostolus,
1321 1212 1369 1267 sed
1384 1213 1418 1267 de
1441 1212 1561 1280 bomine,
1585 1213 1632 1284 qui
1655 1221 1785 1269 nouerat

132 1297 210 1352 modi
224 1298 298 1354 enim
319 1298 502 1354 locutionibus
522 1299 580 1354 sine
604 1299 756 1369 adjectione
770 1298 934 1355 determina·
983 1307 1130 1371 antequam
1145 1299 1230 1356 lactus
1243 1307 1330 1356 esset:
1344 1299 1651 1373 humanitasenimquae
1660 1309 1783 1358 nouerat

131 1385 226 1453 tionis,
254 1385 322 1441 nihil
344 1384 505 1458 responderi
529 1389 666 1444 convenit.
697 1388 775 1444 Unde
804 1387 932 1462 Augusti·
982 1395 1074 1455 antea,
1090 1387 1137 1443 illa
1150 1388 1340 1459 predestinata
1354 1397 1405 1457 εει,
1422 1389 1573 1445 secundum
1596 1389 1649 1445 hoc
1663 1389 1704 1446 sic
1718 1389 1781 1463 lege

132 1491 188 1530 nus
201 1475 258 1544 (St)
277 1489 283 1530 τ
300 1475 380 1531 Ρειει
394 1474 545 1546 peripsum
560 1475 727 1548 inquantum
738 1476 859 1533 Verbum
873 1477 933 1547 ejus
982 1475 1100 1533 litteram
1115 1492 1123 1533 :
1140 1476 1185 1549 qui
1200 1477 1323 1533 Christus
1338 1477 1489 1534 secundum
1504 1477 1578 1550 quod
1600 1479 1692 1544 homo,
1709 1493 1781 1550 prae-

133 1569 187 1629 est,
204 1562 284 1618 etiam
299 1557 359 1635 qua'a
373 1562 462 1619 lutura
486 1571 547 1619 snut
569 1563 633 1621 tecit
648 1584 655 1632 ;
672 1565 721 1621 sed
743 1564 866 1637 prolecto
889 1581 968 1655 se·B
983 1565 1134 1621 destinatus
1148 1573 1199 1636 εει,
1216 1565 1243 1620 id
1268 1573 1311 1622 est
1334 1567 1392 1636 eius
1415 1566 1569 1622 humanitas
1592 1566 1782 1638 praedestinata

131 1650 253 1706 cundum
267 1650 297 1707 id
311 1651 385 1723 quod
398 1653 480 1708 bomo
495 1661 546 1719 est,
561 1652 651 1724 ipsum
665 1669 716 1724 pro
730 1653 810 1710 nobis
824 1652 932 1728 glorifi-
983 1662 1033 1722 est,
1050 1661 1077 1710 ει
1090 1653 1274 1726 praeordinata
1287 1653 1346 1710 sine
1361 1655 1417 1710 suis
1441 1655 1555 1722 meritis,
1572 1663 1601 1710 ut
1614 1663 1687 1711 εεεει
1700 1655 1783 1712 lilius

131 1739 207 1795 cavit
220 1739 287 1812 (³5).
304 1739 366 1810 lpse
381 1755 448 1814 ergo
463 1741 611 1797 secundum
634 1742 708 1814 quod
731 1743 814 1798 bomo
828 1743 933 1814 praede·
983 1742 1033 1797 Dei
1046 1742 1074 1798 in
1090 1741 1198 1809 virtute,
1215 1743 1243 1798 id
1266 1751 1309 1799 εει
1331 1751 1405 1799 εεεει
1418 1751 1556 1814 assumpta
1577 1743 1700 1800 averbo
1721 1743 1782 1800 exi-

135 1827 253 1883 stinatns
268 1836 319 1895 εει,
334 1827 418 1884 idest
440 1829 498 1884 sine
521 1829 625 1885 meritis
640 1831 698 1886 sola
713 1831 799 1904 gratia
814 1831 932 1902 praeele-
983 1837 1071 1886 steute
1085 1830 1113 1885 in
1136 1831 1232 1888 eadem
1253 1831 1350 1888 virtute
1374 1830 1608 1904 divinitatisleum
1637 1831 1725 1901 Patre,
1754 1838 1782 1887 et

132 1924 204 1982 ctus,
220 1933 275 1972 non
290 1917 379 1973 solum
392 1924 420 1972 ut
444 1925 518 1974 esset
538 1926 620 1990 caput
634 1927 767 1987 nostrum,
792 1926 818 1976 et
837 1927 866 1975 ut
880 1935 933 1977 nec
982 1918 1056 1974 unita
1082 1917 1120 1973 illi
1140 1918 1168 1973 in
1192 1919 1295 1974 unitate
1317 1935 1453 1991 persone.
1478 1919 1632 1975 Secundum
1658 1919 1783 1991 spiritrnu

38 2059 41 2064 .
134 2005 930 2080 originetraheret,necroluntateperpetraretpeccatum,
983 2005 1204 2063 sanctificationis
1219 2024 1226 2062 :
1241 2008 1342 2065 llocad
1361 2007 1429 2062 illud
1454 2006 1579 2076 refertur,
1601 2008 1674 2080 quod
1698 2023 1782 2080 supra

133 2101 161 2150 et
176 2102 205 2151 ut
219 2109 235 2151 ε
249 2095 357 2151 mortali
370 2103 470 2151 natura
488 2095 684 2153 clarificaretur
697 2096 724 2151 in
739 2097 930 2165 immortalem,
983 2095 1084 2151 dictum
1099 2103 1150 2162 εει,
1167 2095 1256 2153 lactus
1271 2104 1314 2152 εει
1335 2113 1369 2152 ex
1394 2095 1498 2152 semine
1522 2095 1609 2152 David
1631 2097 1782 2154 secundum

134 2182 184 2238 sed
200 2183 281 2239 etiarn
293 2191 322 2239 ut
337 2191 409 2239 εεεει
424 2183 507 2240 Filius
521 2184 571 2240 Dei
586 2184 614 2240 in
629 2185 737 2252 virtute,
749 2186 779 2241 id
793 2195 834 2242 εει
848 2185 876 2240 ιε
885 2200 932 2242 aa·
982 2199 1102 2240 carnem.
1113 2185 1247 2256 iungatur
1260 2199 1327 2258 ergo
1341 2183 1387 2252 ita,
1403 2185 1448 2256 εει
1472 2183 1558 2240 sactus
1574 2191 1616 2240 εει
1630 2201 1663 2241 ex
1677 2185 1782 2241 semine

134 2272 199 2328 dem
214 2273 418 2344 potentiacum
442 2273 530 2329 Patre.
556 2275 589 2330 Et
613 2275 686 2347 quod
710 2275 769 2346 ipse
791 2275 825 2331 sit
849 2275 932 2332 Filius
982 2273 1070 2328 David
1092 2273 1244 2328 secundum
1264 2288 1376 2330 carnem
1393 2291 1400 2340 ;
1417 2271 1505 2329 lactus
1527 2272 1598 2342 dico,
1630 2274 1781 2329 secundum

133 2360 195 2430 Dei,
212 2368 301 2432 potest
315 2361 400 2418 videri
415 2377 446 2417 ex
464 2362 516 2418 boc
529 2363 602 2435 quod
625 2371 773 2435 conceptus
788 2371 829 2420 εει
839 2371 866 2419 ει
880 2380 931 2419 na·
983 2361 1107 2432 spiritum
1117 2361 1378 2429 sanctificationis,id
1387 2368 1429 2416 εει
1437 2361 1586 2417 εεεεειιειιι
1593 2361 1781 2432 operationem

131 2458 186 2519 tus,
203 2449 353 2506 secundum
378 2449 507 2521 Spiritum
525 2449 753 2520 sanctificationis,
769 2451 797 2508 id
812 2459 854 2508 εει
869 2453 933 2524 εειε
984 2449 1097 2520 Spiritus
1112 2450 1207 2518 sancti,
1225 2449 1272 2522 qui
1286 2458 1395 2506 sanctos
1409 2447 1474 2504 lacit
1488 2449 1623 2516 homiues,
1640 2449 1686 2522 qui
1701 2449 1782 2506 etiam
1875 2523 1880 2534 Ι

134 2554 169 2593 ex
193 2537 296 2610 Spiritu
319 2546 413 2594 sancto
442 2546 589 2611 conceptus
618 2547 669 2596 εει.
695 2540 932 2598 consideravero
982 2535 1109 2594 formauit
1130 2544 1157 2594 ει
1180 2537 1358 2595 sanctificavit
1382 2537 1470 2610 ipsum
1494 2538 1631 2594 bominem
1652 2538 1681 2592 in
1704 2546 1782 2596 utero

135 2625 268 2699 quianon
282 2625 330 2683 luit
345 2627 370 2683 ei
395 2627 512 2699 Spiritus
536 2635 647 2685 sanctus
670 2645 722 2701 pro
744 2629 858 2700 semine,
880 2645 932 2687 εεε
982 2625 1110 2700 virginali
1125 2642 1159 2682 ειι
1182 2625 1285 2682 εειιιιεε
1306 2625 1440 2694 mulieris,
1464 2626 1524 2683 sine
1545 2627 1650 2683 semine
1664 2626 1724 2682 riri.
1741 2628 1783 2682 Ex

133 2714 249 2772 dicimus
263 2715 338 2770 illum
353 2723 460 2787 patrem
484 2732 545 2772 esse
567 2716 684 2773 hominia
707 2717 816 2785 Christi,
839 2734 874 2774 ne
887 2719 931 2774 di·
982 2715 1186 2772 resurrectione
1200 2723 1379 2772 mortuomm.
1394 2715 1451 2772 lloc
1460 2714 1617 2772 reterturad
1631 2715 1698 2771 illud
1708 2715 1783 2788 quod

133 2812 227 2860 cantur
240 2803 294 2860 duo
309 2820 369 2861 esse
384 2813 487 2875 patres.
504 2805 558 2862 Sed
582 2806 616 2862 de
632 2805 733 2878 Spiritu
753 2815 848 2865 sancto
862 2822 931 2864 con·
983 2803 1059 2872 dixit,
1076 2805 1160 2860 Filius
1175 2803 1234 2873 Dei,
1251 2804 1328 2877 quasi
1342 2804 1414 2862 dicat
1427 2819 1433 2859 :
1446 2806 1479 2860 Et
1494 2805 1567 2876 quod
1579 2804 1639 2876 ipse
1649 2812 1690 2861 εει
1698 2804 1782 2861 Filius

134 2900 231 2964 ceptus
246 2892 354 2959 dicitur,
372 2892 444 2960 ideo,
462 2893 526 2965 quia
547 2893 706 2966 operatione
732 2895 858 2967 Spiritus,
883 2912 933 2968 per
982 2892 1044 2960 Dei,
1060 2892 1104 2947 cui
1118 2892 1234 2948 hnmana
1248 2900 1345 2949 natura
1358 2893 1432 2948 unita
1446 2900 1497 2962 εει,
1513 2899 1587 2964 patet
1608 2909 1642 2948 ex
1655 2909 1780 2950 resurre-

134 2997 216 3054 quem
239 2981 330 3037 omnia
352 2979 563 3038 sanctificantur.
593 2981 710 3056 [Ηειειε]
739 2984 773 3038 Et
795 2982 845 3039 Dei
868 2999 931 3040 mu·
983 2980 1073 3036 ctione
1087 2988 1256 3036 mortuomm
1269 2981 1334 3036 lesu
1350 2980 1451 3037 Christi
1466 2979 1574 3036 Domini
1589 2981 1684 3048 nostri,
1701 2981 1782 3036 idest

132 3085 200 3125 nere
214 3067 285 3125 lacta
295 3077 337 3124 εει
349 3069 396 3126 illa
410 3071 561 3142 conceptio.
577 3069 671 3144 [Aug]
697 3071 830 3127 Probatur
850 3071 932 3127 etiam
983 3083 1106 3136 suorum,
1122 3068 1150 3123 id
1165 3077 1206 3125 εει
1218 3070 1311 3125 ειιιιεε
1322 3067 1395 3140 quod
1404 3083 1498 3124 secum
1507 3075 1628 3124 mortuos
1636 3084 1782 3146 resurgere

134 3173 197 3213 εεεε
211 3157 294 3212 l'ilius
309 3158 370 3225 Dei,
393 3174 426 3214 ex
452 3159 651 3216 resurrectione
675 3167 845 3216 mortuorum
866 3161 932 3216 lesu
982 3156 1055 3215 lecit.
1072 3157 1106 3212 Et
1120 3158 1193 3213 hunc
1202 3157 1328 3214 ordinem
1342 3157 1491 3214 verborum
1506 3156 1589 3212 etiam
1611 3156 1781 3230 Augustinus

134 3245 235 3302 Christi
249 3245 356 3302 Domini
377 3247 474 3317 nostri,
499 3247 527 3304 id
550 3256 592 3304 εει
614 3263 736 3316 suorum,
761 3248 789 3303 id
814 3257 855 3304 εει
869 3249 932 3321 εειε
983 3245 1069 3317 ponit,
1085 3246 1135 3302 sed
1149 3244 1213 3302 dicit
1228 3246 1342 3301 alterum
1357 3244 1483 3301 ordinem
1492 3244 1637 3301 certiorem
1646 3253 1673 3300 et
1681 3243 1781 3301 melio-

134 3341 257 3390 mortuos
278 3333 343 3391 lecit
365 3351 458 3392 secum
479 3351 637 3408 resurgere,
664 3336 709 3409 qui
729 3336 839 3393 luerunt
861 3339 930 3407 ejus,
983 3349 1042 3390 reru
1057 3333 1154 3391 uideri.
1166 3333 1216 3390 Vel
1226 3333 1261 3389 ita
1274 3341 1364 3406 puteat
1378 3333 1478 3406 legiut
1490 3333 1700 3406 praedestinatus
1711 3333 1783 3390 sicut

134 3423 244 3495 quiaad
259 3439 289 3479 εε
302 3422 483 3494 pertinebant,
499 3424 648 3481 secundum
663 3423 730 3480 illud
745 3443 752 3481 :
768 3427 932 3484 lluttacor·
982 3423 1125 3495 prescitos
1147 3421 1296 3494 accipiatur
1316 3430 1343 3480 ει
1363 3422 1498 3478 referatur
1529 3423 1591 3490 boe,
1625 3423 1660 3479 ad
1687 3421 1783 3494 cogni·

134 3527 204 3584 poro
211 3515 376 3568 cunctorum
385 3513 433 3585 εει
443 3513 621 3570 dormierunt
632 3519 855 3572 resurrexerunt
866 3531 933 3572 cum
983 3511 1083 3568 tionem
1098 3511 1248 3578 hominum,
1264 3510 1334 3568 situl
1357 3520 1384 3568 el
1398 3511 1464 3566 illud
1481 3527 1488 3566 ²
1504 3511 1558 3567 Ero
1576 3511 1694 3568 ῑῑιθιιιιιι
1709 3512 1783 3568 Deus

134 3615 165 3655 εε
176 3598 286 3670 ιιιειιιι.
299 3602 400 3672 xxvii).
418 3599 932 3674 [Haimo]Etnotaquodpropriumno-
983 3599 1021 3670 (ll
1030 3598 1094 3656 Cor.
1114 3605 1165 3671 vr),
1181 3601 1209 3655 id
1223 3607 1265 3655 εει
1278 3615 1442 3672 cognoscar,
1457 3607 1484 3654 ει
1508 3599 1543 3653 ειι
1567 3615 1664 3654 sensus
1681 3615 1688 3654 ε
1705 3598 1781 3672 [Am-

133 3703 197 3743 men
220 3687 311 3760 posuit
332 3705 381 3760 pro
403 3690 577 3761 pronomine,
603 3706 678 3746 more
697 3691 844 3761 Hebraico,
871 3708 933 3764 εειε
981 3686 1100 3760 brosiusl
1114 3687 1167 3756 Qui
1186 3687 1237 3743 Dei
1248 3687 1330 3742 l'itiua
1354 3686 1400 3759 qui
1425 3686 1529 3742 latebat
1554 3686 1583 3742 in
1613 3703 1694 3742 came
1717 3685 1782 3759 quid

134 3775 235 3832 locutio
250 3775 278 3830 in
293 3775 440 3848 Scripturis
456 3785 497 3833 εει
511 3778 697 3846 εειιειιεειειε,
710 3788 736 3835 ει
747 3778 775 3834 iu
794 3779 932 3836 veteribus
982 3783 1065 3842 esset,
1081 3775 1303 3847 praesdestinatus
1318 3783 1359 3831 εει
1372 3775 1401 3829 id
1414 3782 1464 3841 εει,
1480 3773 1780 3846 praescitusabaetemo,

133 3863 271 3936 praecipue
286 3865 364 3920 libris
379 3865 573 3934 celeberrima,
588 3876 618 3923 ut
635 3884 642 3922 ι
659 3868 737 3924 Fecit
754 3870 845 3936 Moses,
856 3869 933 3926 ειεει
981 3862 1149 3919 manifestari
1172 3863 1255 3919 Filius
1288 3863 1338 3918 Dei
1361 3861 1459 3918 virtute
1485 3862 1657 3934 resurgendi,
1679 3861 1783 3919 scilicet

131 3955 267 4026 praecepit
278 3955 413 4011 Dominus
422 3955 488 4012 ldosi
501 3955 600 4026 (Exod.
612 3957 736 4027 xxxvru)
747 3955 813 4030 [36].
824 3956 873 4013 Vel
883 3957 930 4025 ita,
983 3969 1046 4009 cum
1059 3961 1187 4026 resurgat
1201 3967 1217 4007 a
1231 3952 1359 4008 mortuis.
1378 3950 1474 4007 Omnis
1489 3951 1562 4007 enim
1577 3950 1741 4024 ambiguitas
1755 3957 1782 4007 ει

136 4042 283 4098 secundum
298 4042 422 4114 spiritum
437 4063 444 4110 ;
461 4043 541 4117 quasi
554 4044 627 4101 dicat
642 4062 648 4099 :
663 4044 787 4101 Christus
801 4045 933 4117 probatur
982 4041 1602 4115 diffidentia,resurrectioneejuscalcataestet
1611 4057 1780 4114 compressa.

135 4144 196 4187 esse
211 4129 293 4186 Filius
307 4130 367 4198 Dei,
384 4133 534 4189 secundum
550 4132 683 4205 spiritum,
700 4133 727 4188 id
741 4140 783 4190 est
797 4135 862 4206 quia
875 4133 933 4190 suis
982 4131 1051 4186 Nam
1065 4131 1094 4186 in
1108 4138 1197 4187 morte
1211 4131 1270 4201 ejus
1283 4129 1364 4186 etiam
1388 4129 1515 4202 discipuli
1537 4130 1596 4200 ejus
1611 4130 1780 4199 dubitavere,

135 4218 207 4274 dedit
223 4218 346 4290 spiritum
372 4219 601 4289 sanctificationis,
626 4221 846 4279 sanctificationis
871 4223 933 4280 dico
983 4218 1073 4275 sedin
1089 4219 1289 4276 resurrectione
1303 4218 1388 4275 uirtus
1413 4217 1560 4274 divinitatis
1574 4218 1695 4287 emicuit,
1711 4217 1782 4278 sicut

134 4307 259 4379 inemptae
272 4323 305 4364 ex
327 4311 527 4366 resurrectione
550 4311 657 4377 anima,
683 4310 768 4368 idest
792 4327 809 4367 a
829 4313 967 4374 remis-D
981 4309 1018 4364 ait
1035 4309 1123 4366 :Cu-m
1132 4309 1333 4382 epocaottutus
1339 4312 1543 4380 sacrantem,
1560 4309 1656 4366 omnic
1669 4309 1782 4365 ινειιειιι

135 4396 210 4452 ειεεε
223 4405 397 4467 peccatomm
410 4415 461 4470 per
485 4414 566 4472 quam
590 4399 681 4456 anima
702 4401 823 4475 resurgit
850 4419 866 4457 a
887 4402 930 4458 vi·
981 4397 1063 4456 adme
1072 4399 1166 4470 ipsum
1174 4397 1265 4464 (Ιεειι.
1274 4397 1363 4469 xrr),id
1373 4403 1415 4453 εει
1425 4404 1489 4453 ιεεε
1499 4396 1780 4470 εεεεεεεειειεειεει

133 4484 186 4540 tiis.
203 4484 261 4557 (37)
274 4485 324 4541 Est
339 4487 411 4542 enim
425 4487 526 4559 duplex
550 4488 712 4546 resurrectio
739 4506 794 4546 una
820 4491 928 4561 auimae,
980 4502 1043 4543 esse
1056 4487 1199 4544 Dominus.
1216 4487 1361 4542 Praescitus
1371 4483 1688 4558 estitaquemanilastam‘
1697 4483 1780 4540 Filius

134 4573 216 4630 altera
230 4574 416 4646 corporisne
431 4577 633 4634 resurrectione
647 4577 745 4635 εειιεε
759 4579 796 4635 ait
810 4582 931 4652 Aposto-
980 4575 1031 4632 Dei
1044 4576 1072 4631 in
1086 4577 1184 4632 virtute
1199 4574 1406 4631 resurrectionis
1415 4573 1565 4630 secundum
1573 4573 1703 4646 Spiritum
1716 4587 1781 4628 san-

135 4662 177 4718 lus
195 4663 222 4717 in
245 4664 369 4735 sequenti
388 4665 507 4738 :Surqa
527 4669 575 4738 qui
590 4666 704 4735 dormis,
731 4672 759 4726 ct
770 4685 893 4740 euterpe
912 4686 931 4726 c
980 4663 1154 4732 ctificantem,
1170 4663 1198 4718 id
1212 4671 1254 4719 est
1264 4662 1326 4735 quia
1342 4662 1399 4717 auis
1413 4661 1488 4717 dedit
1498 4661 1628 4734 Spiritum
1643 4669 1777 4718 sanctum.
1816 4661 1820 4676 ⁸

136 4752 266 4818 mortuis,
274 4755 302 4808 et
318 4753 495 4810 illuminabit
507 4754 557 4811 tibi
567 4753 697 4813 Christus
707 4757 819 4830 (Epiros.
833 4757 931 4828 vtile
981 4753 1086 4809 Deinde
1102 4767 1184 4825 quam
1202 4752 1331 4809 virtutem
1354 4749 1461 4819 dixerit,
1486 4750 1607 4821 exponit,
1633 4749 1754 4806 subdens
1772 4763 1779 4804 :

133 4839 310 4910 surrectione,
334 4841 406 4912 dico,
435 4847 606 4900 momuomm
628 4845 737 4900 Domini
760 4845 845 4902 nostri
866 4845 931 4901 lesu
981 4842 1022 4896 Ex
1037 4841 1239 4898 resurrectione
1253 4847 1441 4905 mortuorum
1456 4855 1546 4911 neque
1560 4838 1627 4895 dicit
1638 4855 1672 4894 ex
1686 4853 1778 4894 resur·

134 4927 239 4997 Christi,
255 4927 283 4984 id
298 4935 340 4984 εει
354 4946 451 4987 εειειε
465 4931 511 5004 εει
535 4931 633 4990 mortui
655 4941 732 4990 erant
755 4933 783 4989 in
797 4934 929 5006 peccatis,
980 4930 1100 4988 rectione
1116 4928 1226 4998 Christi,
1242 4927 1291 4984 sed
1312 4934 1482 4985 mortuorum
1503 4927 1569 4985 Jesu
1596 4926 1697 4984 Christi
1719 4926 1778 4982 Do-

135 5016 178 5088 qui
193 5017 320 5074 dicuntur
334 5017 444 5088 Christi,
471 5019 534 5094 quia
559 5036 611 5077 nos
632 5021 722 5079 nullus
745 5021 813 5080 alius
836 5039 930 5081 curare
980 5017 1048 5076 mini
1071 5017 1169 5090 nostri,
1193 5017 1257 5092 quia
1284 5015 1523 5074 conresurrectio
1559 5023 1683 5073 nostram
1713 5013 1777 5072 iacit

177 5191 210 5244 33
239 5192 357 5260 lillartns,
370 5207 444 5260 super
459 5197 526 5249 Psal.
1027 5197 1061 5250 aa
1090 5195 1336 5260 nordmannia.
1352 5195 1414 5260 psat.
1428 5207 1506 5247 usn.

178 5260 210 5313 34
242 5261 464 5329 ld.,supertoan.
1027 5265 1060 5316 57
1090 5263 1138 5329 tt,
1151 5263 1177 5314 in
1187 5263 1267 5328 Epist.
1280 5262 1312 5314 ad
1323 5263 1395 5316 Rom.

176 5327 211 5378 tta
240 5328 290 5394 td,
321 5331 356 5381 Da
378 5331 493 5394 prodest.
518 5334 679 5396 εεεειειειιις
703 5331 729 5386 tu
749 5331 793 5385 tib.
812 5333 847 5386 Da
864 5330 930 5386 bono
1028 5331 1043 5382 t
1069 5329 1221 5397 >Exorat
1233 5327 1295 5395 psat.
1310 5341 1396 5384 ιιιιιιι.

134 5407 232 5458 persar.
248 5408 343 5460 3super
358 5398 431 5450 toan.
449 5398 475 5449 in
484 5397 564 5463 Epist.
577 5395 689 5452 aduam.
