3870 6064
170 226 223 282 259
851 215 954 274 PETRI
973 213 1151 274 LOllBAllDl

1762 217 1819 273 aco
1916 287 1919 298 Ι

169 340 419 415 terrenapcricula,
431 342 564 416 quonicm
574 357 634 416 epse
645 340 854 413 quemintueor,
867 341 968 397 coelici
980 337 1196 403 Aimitationem
1212 354 1306 395 eorum
1317 337 1412 411 [hug]
1427 342 1455 394 et
1471 354 1537 395 eree
1547 353 1621 395 mea
1638 338 1819 410 perplexitate
1917 371 1926 402 n

168 435 202 490 de
213 431 628 507 laqueavitiorampedesmeos,
639 428 915 496 idestaffectus.Vel,
933 428 968 484 de
1022 443 1076 499 qua
1089 427 1157 483 mihi
1170 428 1329 484 miscentur.
1345 429 1419 484 Erue
1434 427 1507 493 dico,
1522 434 1549 482 ει
1564 426 1618 493 lac,
1634 434 1664 497 ut
1678 443 1735 484 non
1750 427 1817 484 eracl
1917 441 1924 476 r

169 522 267 594 laqueo
281 519 381 578 evellet
395 519 481 592 pedes
495 534 583 586 meos,
600 519 655 592 [Gl.
671 518 732 590 ini]
756 519 785 573 id
800 525 841 574 est
856 518 890 573 de
904 531 969 589 pas·
1019 517 1146 584 beccam,
1165 515 1187 570 si
1203 516 1270 572 forte
1293 515 1438 589 insurgunt
1466 522 1561 571 eontra
1585 531 1639 571 me.
1670 517 1704 570 Et
1731 515 1819 571 debes
1922 581 1926 592 .

168 609 245 666 sione
260 617 288 665 ει
300 616 399 675 morte,
415 625 475 680 qnae
490 615 564 664 tenet
577 607 686 680 ligatos.
703 607 738 662 Et
752 615 793 662 est
808 623 858 678 per
880 605 969 661 simile
1019 605 1152 676 quoniam
1168 607 1279 677 speravi
1293 607 1324 660 ire
1336 609 1371 671 te,
1389 620 1444 659 non
1458 620 1512 659 me.
1530 603 1580 659 Vel
1593 603 1632 658 ita
1648 618 1655 659 :
1672 604 1733 658 Noa
1749 599 1816 658 eru-
1919 599 1926 622 ⁴

168 698 280 770 dictum,
297 705 426 770 tanquam
441 696 475 752 sit
503 697 672 753 incatenatus
696 695 776 768 pede,
806 693 853 767 qui
879 701 968 750 morte
1019 691 1141 760 besuam,
1157 692 1285 765 [Alcuin.‚
1302 691 1445 764 Cassiod]
1460 692 1537 764 quasi
1552 691 1623 747 dicat
1639 709 1645 746 :
1661 691 1818 756 Dicaerue,
1919 667 1927 762 s

167 794 285 843 tenetur.
1018 788 1044 835 et
1057 779 1080 835 si
1094 795 1148 836 non
1175 789 1286 852 propter
1313 780 1397 846 aliud,
1427 779 1486 847 vel,
1503 779 1531 834 id
1546 786 1588 835 εει
1617 779 1713 835 saltem
1741 779 1815 846 ideo,

202 876 287 932 Vana.
304 877 348 930 l'l.
365 905 400 916 -
415 895 427 925 a
444 873 560 946 Respice
575 873 602 928 in
625 889 679 942 me,
698 879 726 928 ει
746 872 878 928 miserere
902 870 965 937 mei,
1018 875 1047 922 ut
1062 884 1117 924 uon
1140 869 1301 925 erubescam
1315 868 1350 924 de
1364 869 1425 935 hoo,
1455 869 1585 941 quoniam
1612 867 1721 941 speravi
1735 867 1762 921 in
1778 875 1816 932 te,

168 985 180 1016 ι
198 963 262 1037 quia
277 963 374 1020 unicus
389 971 416 1018 et
430 978 536 1035 pauper
550 978 610 1018 sum
626 977 689 1034 ego.
704 983 716 1013 v
1017 956 1045 1012 id
1061 965 1102 1013 ast
1116 973 1150 1013 ne
1164 959 1245 1014 cedat
1261 957 1328 1012 mihi
1343 957 1540 1014 erubescentia
1555 957 1627 1030 quod
1656 956 1761 1029 speravi
1790 956 1819 1009 in

202 1053 316 1125 Respice
326 1072 336 1120 ,·
347 1050 404 1123 [Gl.
421 1049 482 1122 int]
498 1051 576 1122 quasi
589 1051 663 1108 dicat
680 1067 687 1104 ε
703 1050 737 1104 Et
753 1049 815 1121 quia
828 1047 899 1105 oculi
913 1047 968 1103 mei
1018 1053 1053 1126 te.
1069 1045 1105 1099 Et
1119 1045 1182 1102 ideo
1197 1061 1273 1112 erae,
1289 1044 1350 1118 quia
1365 1044 1430 1101 lacti

167 1139 287 1196 suntad
311 1147 348 1207 te,
373 1154 441 1212 ergo
466 1137 581 1210 respice,
606 1147 657 1196 etc.
673 1138 722 1195 Vel
735 1138 879 1211 itaJ'unge,
896 1135 968 1192 oculi
1052 1134 1137 1189 Vens.
1167 1138 1211 1192 22.
1230 1165 1263 1177 -
1280 1156 1291 1182 a
1324 1135 1484 1190 lunocentes
1498 1141 1525 1189 et
1549 1133 1617 1190 recti
1643 1132 1818 1188 adheserunt

166 1227 221 1284 mei
235 1235 298 1284 suut
313 1227 348 1283 ad
363 1227 519 1295 Dominum,
535 1227 590 1282 mei
613 1227 683 1296 dico,
709 1227 744 1281 ita
759 1226 873 1292 dicentis
887 1225 966 1297 [Cas-
1020 1253 1030 1280 ι
1048 1230 1122 1297 mihi,
1141 1229 1203 1303 quia
1220 1219 1334 1286 sustinui
1349 1237 1386 1286 te.
1405 1252 1416 1281 a

167 1315 249 1389 aiod]
263 1317 370 1389 respice
384 1317 416 1372 in
431 1332 485 1384 me,
504 1315 681 1386 aspicientem
695 1315 723 1369 in
736 1321 774 1380 ιε,
790 1317 819 1371 ει
832 1315 967 1370 miserere
1052 1317 1152 1391 [hug]
1186 1319 1353 1375 innocenter
1383 1323 1411 1374 ει
1444 1321 1524 1375 recti.
1550 1319 1622 1374 Boua
1658 1318 1820 1389 operatione
1926 1387 1929 1398 ἤ

164 1407 232 1471 mei,
248 1405 311 1476 quia
329 1404 414 1460 miser
441 1421 512 1470 eum,
541 1411 568 1458 et
595 1402 672 1459 locus
700 1410 742 1458 est
769 1402 966 1459 misericordia
1015 1422 1064 1478 per
1078 1406 1264 1462 tribulationes
1279 1407 1462 1463 adheserant
1474 1406 1645 1476 mihi,idest
1658 1422 1713 1462 non
1728 1406 1819 1461 solum
1923 1407 1929 1422 ¹

168 1495 234 1568 quio
249 1493 353 1550 unicos
375 1509 448 1564 aum,
466 1492 524 1565 [Gl.
544 1491 605 1565 int]
620 1491 703 1547 idest
728 1507 783 1549 non
810 1507 860 1563 per
887 1491 967 1562 plura
1016 1494 1140 1566 corporis
1164 1495 1307 1567 praeseutia
1328 1495 1486 1564 miscentur,
1509 1495 1559 1550 sed
1593 1495 1673 1550 etiam
1696 1509 1819 1551 consen·
1922 1505 1926 1513 ’

164 1579 322 1648 distractus,
339 1581 389 1636 sed
403 1581 430 1635 in
449 1579 551 1636 unitate
575 1595 752 1652 permanens.
772 1577 872 1651 [hug]
885 1579 966 1634 Nulla
1016 1582 1093 1639 sione
1108 1583 1208 1639 cordis.
1226 1583 1320 1657 [hug.‚
1337 1581 1474 1655 Cassiod]
1497 1583 1560 1637 llali
1575 1583 1686 1654 quidem
1708 1581 1820 1638 tolerati

164 1670 237 1725 enim
252 1670 407 1737 schismata,
429 1669 472 1725 vel
495 1669 613 1725 hereses
642 1676 735 1728 tenent
763 1667 917 1724 Ecclesiam
938 1671 1091 1754 etBsunt,
1116 1679 1142 1726 et
1164 1686 1220 1726 non
1240 1671 1413 1726 adhaeserunt
1445 1678 1546 1738 mente,
1574 1671 1622 1725 sed
1643 1671 1710 1727 recti
1731 1670 1819 1727 corde

162 1774 272 1832 poopcr
286 1773 303 1813 a
317 1757 412 1812 mundi
426 1757 519 1824 rebus,
535 1774 600 1814 com
615 1773 675 1830 ego.
695 1756 761 1812 ldeo
775 1772 805 1812 se
818 1755 927 1812 unicum
939 1763 967 1811 et
1017 1759 1082 1815 mibi
1100 1759 1282 1815 adhaeserunt.
1297 1758 1398 1832 [Aug]
1413 1760 1447 1814 Et
1460 1760 1514 1815 boc
1527 1759 1599 1826 ideo,
1615 1761 1681 1831 goie
1695 1775 1749 1815 non
1763 1758 1818 1814 de·

166 1860 314 1918 pauperem
329 1845 405 1913 dicit,
421 1852 450 1901 ut
471 1845 522 1900 Dei
549 1844 769 1900 misericordiam
797 1843 849 1899 sibi
872 1843 966 1900 conci·
1017 1847 1069 1904 leci
1083 1862 1100 1902 a
1113 1846 1195 1915 bono,
1212 1862 1330 1918 sequens
1358 1846 1429 1902 illos.
1461 1847 1524 1913 Sed,
1550 1847 1754 1920 qolocvetinoi
1769 1851 1818 1913 te,

163 1934 224 1991 liet.
245 1933 403 2008 [Cassiod]
427 1933 529 1989 Unicus
556 1933 703 2005 enimplus
732 1940 846 2002 amatur,
862 1948 967 2004 pauper
1016 1943 1179 2007 exspectans
1193 1934 1394 1992 ventilationem
1410 1933 1511 1990 ultim
1533 1935 1633 1990 messis
1654 1944 1716 2003 tuae,
1732 1935 1819 1990 idest

166 2022 230 2094 plus
243 2023 364 2079 doletur.
384 2023 418 2078 Et
431 2022 496 2078 item
511 2020 565 2078 alia
579 2037 664 2078 causa
678 2029 721 2078 est
737 2038 744 2077 τ
761 2021 834 2093 quia,
850 2021 963 2088 scilicet,
1012 2025 1156 2094 judicium.
1173 2025 1207 2079 Et
1226 2031 1270 2092 tu,
1287 2040 1314 2078 ο.

200 2113 289 2167 Vltlts.
310 2115 356 2166 ld.
376 2131 440 2162 -ι
465 2109 662 2167 'tribulationes
688 2109 780 2166 cordis
794 2109 849 2165 mei
871 2108 964 2164 multi·
1051 2121 1135 2176 Vnus.
1152 2123 1196 2178 23,
1214 2150 1248 2161 -
1264 2143 1275 2168 a
1293 2119 1401 2190 Libera¹
1417 2120 1502 2189 DeuS,
1526 2120 1620 2192 Israel,
1637 2136 1670 2176 ex
1688 2119 1816 2176 omnibus

168 2199 303 2271 «plicatae
319 2207 402 2266 eunti
416 2199 451 2255 de
465 2199 674 2255 necessitatibus
698 2198 767 2254 meis
794 2214 858 2254 erue
878 2213 963 2253 me.»
1017 2233 1027 2258 i
1045 2207 1262 2264 tribulationibus
1290 2208 1357 2263 suis,
1377 2231 1387 2256 ι,

203 2289 408 2345 Τήῦΰῖαῑῑθπθι
421 2287 513 2344 0⁰¹'ffls
527 2287 581 2343 mei
605 2286 790 2359 ῑῐῐῑῑῑῑῑιιῑῑῦθῐξε
814 2294 885 2352 sums
901 2285 959 2359 [Gl-
1049 2310 1123 2363 Deos
1138 2307 1224 2363 libero
1245 2306 1343 2372 lsrael,
1374 2304 1400 2359 id
1429 2313 1470 2360 est
1486 2321 1534 2362 eos
1562 2305 1685 2378 quisunt
1710 2304 1816 2370 lsrael,

164 2378 212 2447 int,
229 2375 313 2450 hug]
327 2375 356 2431 id
369 2384 411 2432 εει
422 2381 462 2432 ιοι
476 2383 538 2431 sunt
560 2376 729 2432 calamitates
757 2375 861 2446 mundi,
892 2375 964 2447 quod
1014 2393 1108 2467 [Aug]
1132 2393 1161 2449 id
1189 2401 1230 2450 esi
1258 2393 1387 2465 populum
1418 2411 1499 2466 quem
1522 2393 1556 2450 id
1583 2401 1656 2449 tuam
1682 2393 1818 2450 visionem

165 2481 259 2522 emm
287 2465 409 2522 ffliffls
450 2464 574 2536 perveni*
607 2481 694 2537 usque
719 2464 754 2520 *ld
776 2480 835 2533 ⁰⁰D
874 2464 964 2520 abun·
1013 2481 1185 2554 praeparasti.
1198 2481 1385 2549 Libera‚dico,
1396 2498 1433 2539 ee
1442 2483 1570 2539 omnibus
1579 2482 1815 2540 tribulationibus

164 2554 246 2610 dante
260 2553 412 2627 iniquitate,
429 2561 456 2610 ει
478 2552 677 2626 refrigescente
704 2553 835 2611 charitate
864 2553 963 2609 multo·
1012 2573 1073 2628 gui,
1089 2587 1150 2642 qum
1164 2569 1242 2638 ioris,
1258 2570 1302 2627 vei
1326 2570 1398 2626 iuius
1414 2578 1488 2625 suni·

164 2659 226 2698 rum
242 2661 250 2710 3
267 2641 397 2715 [dicuin]
413 2647 449 2712 et,
466 2642 623 2710 oDomine,
641 2659 707 2698 croc
720 2659 764 2698 me
779 2643 814 2698 de
837 2641 963 2697 necessi-

163 2729 264 2786 tatibus
282 2730 361 2801 meis,
392 2730 476 2786 idest
500 2731 534 2786 de
559 2731 693 2797 adversis,
723 2747 784 2802 quae
807 2729 964 2786 necessaria

164 2813 366 2869 suntomnibus
394 2813 440 2886 qui
467 2813 513 2886 pie
540 2813 568 2870 iu
597 2813 705 2870 Christo
732 2813 825 2870 vivere
853 2814 958 2870 volunt.

164 2899 259 2976 [hug]
287 2901 407 2974 ldeoque
431 2917 554 2976 congrue
576 2903 637 2959 haec
660 2910 739 2960 vocat
766 2903 960 2968 necessitates,

163 2990 226 3062 quia
241 2991 300 3048 hec
314 3005 429 3047 necesse
444 2998 486 3046 cst
499 2990 524 3047 ei
540 2989 656 3048 tolerare
671 3007 757 3064 usque
774 2991 802 3047 in
825 2989 917 3058 linem,
934 2997 963 3046 ut

164 3079 256 3137 salvus
270 3077 327 3136 liat.
347 3081 391 3148 Et,

199 3213 288 3269 Vana.
306 3216 352 3268 ta.
370 3233 430 3264 -ι
447 3213 516 3270 Vide
536 3212 714 3270 humilitatem
728 3229 817 3269 meam
841 3220 867 3268 et
880 3212 961 3269 labo·

163 3322 175 3353 v
191 3317 250 3357 rem
264 3317 376 3369 meum;
392 3310 420 3357 et
432 3301 537 3358 dimitte
556 3301 683 3358 universa
701 3301 805 3372 delicta,
816 3315 889 3357 mea.
913 3325 923 3348 a

202 3389 276 3459 Vide,
293 3388 352 3460 [Gl.
372 3389 432 3462 int]
446 3389 473 3444 id
494 3397 536 3444 est
549 3397 656 3461 gratam
683 3390 753 3444 baba
767 3391 962 3447 ltonvilitotcm

162 3493 266 3545 mecm,
291 3476 354 3549 quia
373 3477 502 3546 jactantia
525 3477 635 3547 justitiae
648 3492 703 3533 non
723 3494 769 3534 me
796 3478 831 3532 ab
858 3478 962 3533 unitate

162 3565 305 3638 abrumpo,
321 3569 350 3622 et
362 3566 485 3622 laborem
499 3582 606 3633 meam,
623 3565 718 3639 [hug]
734 3582 788 3638 quo
809 3566 960 3637 indiscipli-

162 3661 242 3710 natos
269 3653 336 3710 mibi
363 3653 496 3710 admistos
538 3653 648 3710 suffero.
676 3656 713 3711 at
738 3654 782 3709 bis
818 3652 961 3711 sacrificiis

162 3742 285 3816 placatos
301 3739 414 3800 dimitte
429 3745 562 3800 universa
575 3743 680 3800 delicto
694 3758 767 3812 mco,
784 3757 839 3799 non
852 3759 884 3799 ea
897 3750 961 3796 taa-

161 3839 219 3886 tum
232 3847 295 3904 qua
309 3830 362 3888 ieci
376 3838 438 3886 ante
465 3831 558 3898 tidem,
587 3830 689 3905 [hug]
717 3831 765 3887 sed
789 3831 871 3888 etiam
901 3849 961 3902 quaa

161 3919 319 3991 postlidem
333 3937 381 3992 per
409 3919 604 3987 infirmitatem,
629 3920 673 3976 vel
701 3919 764 3976 vitae
785 3920 865 3989 buJus
892 3920 960 3977 cali-

161 4008 264 4082 ginem,
280 4008 404 4064 admitto.
419 4008 526 4068 Deinde
538 4024 589 4080 pro
602 4007 720 4065 inimicis
748 4016 816 4075 orat,
841 4008 936 4065 dicens
952 4027 959 4064 :

161 4096 292 4152 Elatiam

197 4203 283 4257 Vane.
299 4203 348 4258 20.
366 4221 425 4252 -ι
442 4201 559 4272 llespice
572 4201 698 4258 inimicos
718 4217 806 4268 areos,
831 4203 961 4274 quoniam

164 4312 175 4338 a
192 4287 364 4360 multiplicati
378 4294 460 4356 sunt3
477 4297 504 4344 et
517 4289 580 4345 odio
594 4289 687 4362 iniquo
701 4290 817 4346 oderunt
831 4297 888 4347 r'ne.
912 4315 922 4340 ·

197 4380 329 4468 Respice,
358 4393 506 4468 [Cassiod]
534 4391 562 4450 id
585 4404 626 4451 εει
654 4405 800 4465 converte,
830 4396 997 4457 inimicoaD
1013 4393 1082 4432 “⁸¹⁴⁸
1096 4391 1125 4432 0³
1140 4392 1205 4446 eiii
1224 4378 1296 4430 ¹210&
1348 4447 1353 4457 ,

160 4499 247 4550 mccc,
264 4483 307 4540 vel
322 4483 384 4556 quia
399 4483 536 4540 nescimus
560 4483 625 4556 quid
652 4500 771 4553 oremus,
794 4485 863 4542 sicut
876 4501 962 4557 opor-

1049 2690 1182 2731 comario
1202 2690 1232 2731 nv
1264 2689 1394 2732 nsaauou
1426 2690 1499 2732 xxxv
1516 2692 1548 2730 :o
1567 2689 1603 2730 an
1620 2690 1666 2742 ra,
1687 2690 1817 2744 nonina,

1318 2779 1459 2819 «navtur.
1480 2787 1490 2811 »ι

1048 2854 1137 2908 Vens.
1156 2856 1182 2910 2.
1199 2853 1336 2925 -Neqoe
1346 2851 1544 2908 irrideantme
1555 2853 1668 2908 inimici
1678 2855 1744 2908 mei.
1758 2853 1814 2908 lle-

1013 2941 1080 2997 braei
1090 2925 1118 3001 a&
1132 2950 1209 3000 wig
1219 2925 1299 3005 igbpr
1316 2924 1354 3000 Su
1364 2953 1399 2993 aa
1413 2953 1510 2994 rmazu
1525 2954 1618 2995 oranti
1632 2939 1816 3006 ar,nelaeten-

978 3028 1146 3106 Gturmihi,
1161 3028 1266 3084 hocest
1285 3028 1319 3083 de
1342 3043 1396 3094 me,
1421 3025 1524 3083 inimici
1548 3027 1615 3083 mei.
1641 3027 1815 3083 blanilestum

1013 3107 1055 3156 est
1069 3099 1288 3156 cacodemonem
1303 3113 1358 3153 non
1372 3113 1454 3168 posse
1478 3113 1577 3153 revera
1598 3099 1627 3152 in
1654 3113 1683 3154 se
1709 3098 1813 3166 laetari,

1012 3187 1075 3227 curn
1090 3171 1148 3239 ejus
1163 3177 1294 3241 perpetua
1322 3167 1470 3233 damnatio,
1502 3168 1536 3222 sit
1560 3169 1676 3241 abyssus
1699 3169 1816 3224 tristitiae

1012 3240 1175 3306 indicibilis;
1192 3240 1241 3296 sed
1256 3241 1314 3308 eius
1335 3237 1464 3312 gaudium
1486 3237 1585 3294 dicitur
1603 3255 1654 3311 per
1676 3237 1813 3304 ellectum,

1031 3312 1122 3366 uando
1137 3326 1187 3366 nos
1202 3310 1303 3382 decipit
1317 3309 1454 3365 incautos.
1475 3308 1604 3365 Gaudere
1629 3309 1712 3378 igitur
1723 3310 1813 3380 ipsum

1012 3330 1046 3436 fle
1075 3381 1165 3448 nobis,
1195 3388 1236 3436 est
1263 3381 1342 3436 nobis
1370 3378 1494 3446 illudere,
1511 3380 1610 3448 atejus
1641 3380 1741 3444 irrisio,
1772 3388 1816 3434 εει

1012 3452 1094 3507 lallax
1113 3452 1256 3522 deceptio,
1286 3450 1422 3522 quomodo
1450 3449 1660 3507 declaraverunt
1673 3465 1741 3518 axx,
1759 3465 1814 3506 non

1013 3522 1175 3579 recendetes
1191 3536 1208 3575 a
1230 3521 1344 3576 veritate
1358 3520 1499 3575 llebraica.

1048 3593 1134 3648 Vens.
1152 3595 1177 3646 o.
1195 3621 1229 3631 -
1244 3594 1280 3648 Et
1296 3590 1555 3648 misericordiarum
1584 3593 1816 3664 tauromeniae

1012 3666 1116 3721 socole
1140 3666 1222 3718 cont.
1257 3662 1288 3716 ln
1311 3662 1407 3717 Graeco
1422 3660 1472 3734 ὅτι,
1490 3661 1574 3716 idest
1588 3659 1653 3730 quia
1673 3676 1690 3716 a
1713 3661 1814 3717 saeculo

1012 3748 1085 3795 sunt.
1100 3740 1132 3795 ln
1147 3739 1260 3794 ltebraeo
1276 3738 1357 3794 etiarn
1372 3750 1400 3800 tn
1410 3755 1439 3796 ro
1453 3753 1515 3808 aar,
1543 3740 1619 3810 qaia.
1630 3739 1666 3792 lit
1679 3738 1714 3793 ad
1734 3755 1816 3794 eum-

1005 3811 1077 3876 ¹dem
1092 3810 1202 3865 modum
1216 3808 1283 3881 legit
1300 3811 1471 3882 Augustinus
1487 3811 1514 3866 in
1543 3808 1717 3864 enarratione
1736 3809 1817 3879 hujus

1011 3880 1118 3953 psalmi.
1135 3879 1226 3949 Quare
1242 3880 1349 3936 videtur
1363 3882 1428 3937 vitio
1456 3879 1630 3936 librariorum
1654 3895 1716 3934 csse
1737 3881 1816 3951 posi-

1011 3960 1066 4007 tum
1082 3969 1151 4026 quae,
1170 3967 1218 4021 pro
1233 3953 1308 4023 qaia,
1345 3965 1481 4025 uanquam
1496 3949 1563 4006 nihil
1581 3963 1695 4021 prorsus
1710 3949 1817 4005 incom-

1010 4024 1137 4079 modatur
1152 4023 1303 4078 sententiae.
1322 3969 1399 4078 finde
1414 4023 1562 4078 translator
1577 4020 1612 4075 ad
1634 4021 1815 4091 Campensem

1011 4093 1052 4150 sic
1068 4093 1202 4163 reddidit,
1218 4095 1377 4149 memoraie
1401 4092 1604 4150 misericordiae
1628 4094 1655 4146 et
1679 4092 1815 4148 bonitatis

1012 4169 1069 4222 tace
1083 4165 1182 4237 quibos
1197 4165 1230 4220 ob
1241 4167 1347 4219 calerno
1357 4167 1447 4220 oleris
1458 4183 1467 4232 ,·
1478 4171 1504 4220 et
1514 4160 1697 4232 Parapbrasis,
1716 4179 1815 4219 revoco

1011 4236 1228 4304 inmemoriom,
1242 4236 1370 4298 Domine,
1386 4236 1603 4291 clementiomet
1614 4232 1818 4303 benignitatem

1013 4310 1102 4372 tuam,
1118 4305 1216 4376 quibos
1231 4305 1422 4376 superioribas
1443 4305 1565 4368 accolis,
1581 4309 1640 4357 tom
1657 4304 1816 4359 liberaliter

1049 4446 1135 4502 Vana.
1143 4448 1169 4500 7.
1181 4475 1216 4486 -
1226 4447 1334 4501 Delicta
1337 4447 1500 4569 luventatis
1507 4460 1586 4512 owse,
1597 4444 1815 4528 etlipoorooiice

1012 4533 1090 4572 mccc
1104 4533 1141 4573 ee
1154 4516 1328 4572 rnemineris.
1351 4532 1368 4569 ε
1384 4532 1417 4572 εο
1428 4516 1501 4588 quod
1511 4514 1611 4570 dicitur
1623 4517 1815 4586 apatorontioc,

160 4580 211 4629 ¹02·
231 4572 324 4628 P0⁸0⁸²
338 4587 400 4628 0⁸⁸⁶
419 4571 482 4627 “¹1³
510 4587 627 4639 ⁵0ss⁵l¹⁸l
656 4572 764 4644 respice
792 4573 962 4646 iniqnim‘ffl
1012 4587 1120 4643 videtur
1139 4602 1294 4657 repugnare
1316 4583 1507 4658 significationi
1536 4584 1661 4640 vocabuli
1676 4583 1813 4652 Hebraici,

162 4676 263 4728 meam,
279 4659 339 4733 [Gl.
358 4659 419 4732 int]
434 4659 518 4716 idest
538 4659 581 4717 iac
605 4660 640 4717 de
659 4661 699 4716 eis
722 4661 865 4730 sicutscis,
893 4680 962 4737 qoo-

162 4752 243 4807 niam
257 4749 446 4822 multiplicati
459 4752 537 4817 eant,
550 4748 651 4822 [hug]
662 4766 717 4806 non
726 4750 814 4806 solum
824 4749 891 4806 loris
901 4750 962 4806 inii-

160 4837 247 4908 deles,
264 4837 312 4892 sed
327 4837 408 4892 etiam
423 4837 493 4892 intus
507 4836 536 4892 in
555 4837 681 4895 Ecclesia
701 4853 756 4894 non
784 4839 882 4895 desunt
900 4839 962 4895 ialsi

159 4926 267 4982 iratres.
283 4924 434 4999 [Cassiod]
462 4926 497 4980 Et
525 4933 564 4981 tot
590 4925 731 4982 hominum
758 4927 875 4999 perditio
902 4928 961 4983 sine

159 5015 255 5071 dolore
270 5031 332 5071 esse
346 5030 400 5070 non
415 5021 517 5085 potest.
543 5015 577 5069 Et
592 5013 654 5070 idco
681 5030 730 5086 pro
761 5015 800 5070 eis
827 5022 896 5082 orat,
926 5016 961 5072 de

158 5103 259 5176 quibus
274 5103 381 5173 subdit,
398 5101 499 5176 [hug]
515 5106 543 5160 et
557 5103 618 5161 odio
633 5103 731 5176 iniquo
754 5104 876 5162 oderant
895 5121 959 5176 me,

158 5191 318 5264 diligentem
332 5208 373 5249 ae.
390 5193 445 5249 Sed
459 5195 494 5248 ab
508 5191 565 5260 eia,

195 5297 282 5354 Vens.
297 5301 343 5356 21.
359 5319 421 5350 -ι
449 5298 561 5354 Custodi
587 5298 704 5354 annnam
729 5314 818 5356 meam
843 5306 870 5355 et
895 5315 960 5356 enac

161 5408 173 5440 ι
190 5402 254 5454 me;
270 5401 325 5442 non
340 5387 502 5444 erubescam
516 5387 645 5461 moniam
669 5387 779 5459 speravi
794 5387 822 5442 in
837 5394 876 5443 ιε.
894 5409 905 5440 ι

195 5484 254 5559 [Gl.
274 5483 334 5551 int.,
350 5482 487 5557 Cassiod]
499 5484 614 5541 Custodi
631 5483 748 5540 animam
768 5499 872 5540 meam.
891 5484 959 5540 Ser-

160 5571 291 5652 vandoin
319 5573 361 5630 hie
388 5570 552 5646 bonisque
580 5572 680 5638 habui,
698 5588 751 5630 nec
776 5572 900 5631 decliner
926 5572 960 5630 ad

1012 4657 1139 4714 videlicet
1153 4667 1221 4722 batn
1245 4671 1339 4725 rasse,
1355 4656 1428 4738 quod
1472 4654 1670 4711 deformatura
1695 4656 1815 4710 themate

1012 4740 1183 4794 emanasse.
1200 4727 1283 4798 idque
1299 4727 1431 4798 significat
1444 4743 1476 4782 ex
1491 4733 1567 4784 certa
1580 4725 1684 4781 malitia
1697 4740 1816 4796 peccare

1012 4807 1038 4855 et
1053 4799 1187 4854 rebellare
1204 4815 1211 4852 t
1228 4797 1301 4869 quod
1315 4814 1395 4853 nemo
1410 4813 1464 4853 non
1479 4796 1598 4852 advertit
1613 4795 1716 4867 opponi
1731 4795 1816 4866 igno-

1012 4870 1117 4926 rantiae.
1134 4869 1189 4925 Sed
1203 4876 1244 4923 est
1259 4869 1383 4940 quaedam
1411 4869 1420 4923 i
1460 4868 1568 4924 orantia
1583 4883 1644 4939 quae
1660 4881 1677 4922 a
1705 4866 1816 4922 theolo-

1032 4941 1055 4996 is
1069 4941 1167 4996 dicitur
1181 4937 1317 5008 affectata,
1328 4939 1405 5007 juxta
1420 4939 1485 4994 rlud
1500 4937 1568 5010 psal.
1587 4952 1668 4992 xxxv
1686 4955 1693 4992 z
1717 4937 1815 4994 Noluit

1011 5012 1174 5080 intelligere
1189 5013 1223 5064 ot
1235 5009 1303 5065 bene
1318 5013 1425 5080 egeret.
1440 5009 1474 5065 Et
1490 5010 1548 5065 haec
1569 5015 1609 5063 est
1631 5006 1815 5078 periculosis-

1012 5081 1092 5136 sima.
1107 5081 1302 5136 Verumtamen
1331 5080 1443 5136 llieron.
1455 5079 1490 5135 ad
1520 5079 1694 5150 cyprianum,
1727 5078 1816 5134 inter-

1011 5159 1130 5224 pretatur
1145 5151 1179 5206 de
1200 5151 1339 5207 communi
1367 5150 1540 5223 ignoratione
1568 5149 1664 5206 diceus
1680 5165 1687 5203 :
1701 5149 1816 5205 Delicta

1006 5223 1170 5295 juventutis
1184 5237 1253 5278 mee
1268 5226 1297 5278 et
1311 5224 1381 5294 ipo,
1397 5221 1496 5278 ciebit
1507 5220 1614 5286 iterum,
1632 5220 1739 5276 delicto
1750 5221 1816 5304 qaia

1010 5293 1171 5365 intelligit?
1185 5294 1262 5348 Etob
1276 5293 1395 5349 occultis
1409 5294 1479 5348 meis
1490 5292 1598 5348 monde
1608 5307 1661 5356 me,
1684 5291 1813 5356 Domine,

1011 5367 1040 5420 et
1054 5364 1088 5419 ob
1106 5364 1210 5420 olienis
1226 5380 1316 5436 perc,
1333 5371 1389 5419 etc.
1422 5363 1517 5418 Aliena
1546 5361 1619 5417 enim
1648 5360 1727 5416 uobis
1751 5368 1817 5415 sunt

1010 5433 1084 5500 vitia,
1114 5451 1174 5506 quae
1202 5449 1276 5516 saepe
1296 5433 1445 5500 voluntate,
1469 5433 1605 5489 interdum
1619 5429 1773 5506 ignorantia
1788 5439 1817 5486 et

1010 5520 1106 5561 errore
1120 5505 1326 5561 committamus.
1346 5505 1381 5560 Et
1395 5510 1487 5559 tamen
1502 5519 1565 5560 cum
1582 5518 1637 5559 non
1664 5501 1699 5557 sit
1715 5500 1817 5558 volun-

1011 5583 1053 5632 tas
1067 5575 1095 5632 in
1109 5575 1234 5645 crimine,
1252 5591 1330 5634 error
1344 5575 1374 5631 in
1389 5575 1468 5646 culpa
1491 5581 1542 5632 est.
