3878 6322
165 131 233 188 toas
838 133 941 192 raam
958 133 1139 192 nodatam
1404 127 1407 130 ’
1746 142 1835 195 roae

164 254 394 314 ctiomortuorum
404 257 503 326 lutura,
519 257 557 314 illi
568 259 616 331 qui
630 256 815 330 baptizantur
822 276 873 334 pro
882 275 960 316 mor·
974 261 1038 320 Aet
1052 267 1093 314 est
1107 257 1145 314 ibi
1169 274 1220 316 vox
1243 261 1400 317 Judaeorum
1414 260 1617 334 desperantium
1646 262 1675 318 in
1695 263 1831 334 captivi-

164 344 231 410 tuis,
247 343 275 400 id
289 353 330 400 est
343 362 392 417 pro
406 346 526 418 peccatis
541 347 673 413 delendis,
690 347 743 417 vel,
759 364 809 420 pro
825 364 854 404 εε
881 363 959 403 mor·
1009 355 1084 415 tate;
1108 347 1289 421 [Ambrosius]
1311 351 1383 422 quod
1411 350 1558 422 Apostolus
1580 350 1664 407 refert
1686 353 1724 406 ad
1751 352 1829 406 illos

162 431 215 488 tuis
243 431 382 502 faciendis,
413 436 448 491 ad
475 435 678 491 similitudinem
716 437 810 491 mortis
851 437 958 504 Christi,
1010 436 1104 508 quide
1119 438 1320 494 resurrectione
1335 438 1504 494 dubitabunt.
1529 441 1586 512 (ΞΟ)
1606 441 1663 496 Ηοε
1679 441 1758 496 enim
1773 441 1830 494 di-

162 520 229 592 quid
242 523 360 593 socient,
378 539 439 580 cum
454 540 509 580 non
524 524 577 579 sint
596 524 678 580 vitam
705 524 852 579 habituri?
879 525 960 580 Iterat
1009 525 1046 581 cit
1069 536 1182 597 propter
1205 543 1253 583 eos
1281 527 1327 600 qui
1354 528 1433 599 quasi
1456 529 1523 583 nihil
1547 528 1664 584 futurum
1688 530 1726 584 sit
1751 539 1828 600 post

162 607 235 664 idem
249 609 308 666 aliis
323 612 415 668 verbis
429 613 534 680 dicens,
549 615 690 669 simortui
704 614 819 669 omnino
835 630 892 668 noa
912 631 959 670 re·
1010 622 1135 682 mortem,
1159 616 1248 672 ventri
1275 623 1379 671 tantum
1410 616 1539 685 student,
1567 625 1596 673 ut
1623 634 1735 688 pecora,
1767 619 1829 690 qui

162 704 294 770 serpunt,
311 707 340 755 ut
354 716 405 757 nec
418 702 500 757 etiam
515 701 636 757 Christus
655 701 815 771 resurrexit,
838 705 871 758 ut
894 701 961 776 quid
1010 699 1090 757 fidem
1104 702 1282 759 asserentium
1297 705 1526 761 resurrectionem
1537 705 1648 762 irrident
1659 706 1793 762 dicentes
1816 725 1826 760 :

163 787 433 861 etiamiaptizoatur
440 807 492 863 pro
502 791 571 856 iliis,
589 790 616 845 id
631 799 673 845 est
687 806 737 861 pro
751 790 880 862 peccatis,
898 806 959 847 cum
1011 788 1078 858 Quis
1094 791 1157 848 inde
1172 792 1245 848 venit
1260 794 1274 848 i
1289 808 1343 849 non
1357 794 1447 851 audivi
1463 809 1556 850 vocem
1584 795 1715 868 cujusque
1746 795 1826 850 inde

163 874 222 946 ipsa
237 892 292 931 non
307 877 484 944 dimittantur,
506 877 529 932 si
553 878 674 934 Christus
702 894 757 935 non
785 879 960 934 resurrexit?
1010 875 1145 930 venientis
1159 892 1192 931 ex
1206 892 1261 949 quo
1275 877 1380 949 positus
1395 887 1436 934 εει
1449 879 1487 933 ibi
1501 895 1568 935 arus
1583 893 1670 946 meus,
1695 896 1730 935 ex
1757 896 1825 952 quo

162 962 279 1037 [licimo]
309 965 357 1020 Vel
386 966 433 1034 ita,
462 966 605 1030 alioquin:
622 967 742 1022 Fuerunt
769 967 880 1039 quidam
906 967 959 1020 im·
1010 971 1105 1018 atavus
1120 980 1207 1030 meus,
1224 982 1256 1020 ex
1280 981 1335 1038 quo
1362 975 1441 1038 pater
1467 983 1555 1033 meus,
1583 967 1682 1022 nudius
1710 983 1826 1023 rocem

162 1052 242 1124 periti
256 1053 301 1124 qui
316 1053 521 1125 baptizabantur
543 1070 594 1126 pro
622 1055 664 1110 bis
692 1055 739 1127 qui
766 1055 800 1111 de
827 1057 880 1112 bac
907 1055 960 1112 vita
1010 1051 1121 1119 audivi;
1137 1053 1235 1124 quibus
1250 1055 1429 1126 respondetur
1444 1073 1450 1109 :
1468 1055 1562 1123 Stulte,
1592 1057 1615 1110 si
1642 1063 1721 1127 pater
1747 1063 1825 1110 tirus

163 1140 221 1195 sine
236 1141 371 1211 baptismo
385 1143 577 1209 discesserant,
594 1151 719 1215 putantes
741 1143 795 1198 illis
818 1144 958 1215 prodesse.
1010 1149 1173 1214 resurgeret,
1189 1143 1316 1198 crederes
1330 1143 1344 1198 i
1358 1145 1432 1199 Deus
1448 1144 1569 1200 omnium
1583 1145 1697 1199 surrexit
1711 1153 1742 1199 et
1758 1161 1824 1199 non

162 1226 304 1283 Timebant
319 1229 391 1284 euim
401 1247 435 1286 ne
445 1231 537 1286 antilli
553 1247 607 1286 non
617 1241 803 1304 resurgerent,
820 1239 866 1287 aut
889 1233 960 1288 male
1011 1228 1110 1297 credis,
1124 1230 1170 1302 qui
1185 1231 1270 1286 voluit
1291 1231 1360 1287 mori
1387 1240 1414 1287 ει
1441 1249 1554 1304 surgere
1579 1241 1608 1288 ut
1635 1248 1735 1288 omnes
1766 1233 1822 1288 uni

162 1325 348 1390 resurgerent.
365 1317 545 1394 [Ambrosius]
560 1321 624 1376 ldeo
639 1321 736 1394 siquis
759 1321 870 1377 istomm
892 1337 959 1392 pro·
1011 1318 1205 1384 crederemus,
1235 1337 1270 1375 ue
1298 1335 1314 1375 a
1341 1321 1432 1376 multis
1450 1321 1662 1393 deciperemur:
1679 1322 1823 1377 crederes

103 1421 108 1434 ·
161 1403 280 1477 pinquus
296 1405 504 1478 sinebaptismo
523 1409 670 1482 migrasset
692 1409 726 1464 de
748 1410 857 1477 mundo,
883 1409 960 1466 vivus
1010 1407 1081 1478 patri
1096 1407 1195 1462 iterum
1209 1409 1350 1477 morituro,
1367 1419 1393 1465 et
1413 1425 1468 1465 non
1496 1410 1584 1466 credis
1607 1411 1664 1480 jam
1692 1411 1820 1466 immor-

162 1492 261 1565 aliquis
275 1493 303 1548 in
317 1496 426 1551 nomine
440 1496 512 1552 illius
533 1496 729 1568 baptizabatur,
754 1505 853 1569 putans
881 1514 955 1553 mor·
1011 1495 1057 1550 tali
1071 1494 1085 1549 i
1100 1494 1152 1564 Qui
1166 1497 1248 1552 etiam
1263 1513 1292 1552 se
1315 1499 1537 1554 contrectandum
1563 1498 1704 1569 discipulis
1733 1516 1819 1570 prae-

163 1589 208 1637 tuo
223 1583 365 1653 prodesse,
382 1583 498 1659 [Haimo]
521 1584 601 1655 Quod
628 1602 683 1642 aon
710 1586 768 1642 sine
782 1602 866 1643 eausa
881 1602 958 1643 com·
974 1583 1077 1676 Bbuit,
1093 1583 1190 1656 quibus
1204 1584 1359 1641 videntibus
1387 1586 1414 1640 in
1442 1585 1541 1642 coelum
1569 1587 1701 1656 ascendit,
1730 1588 1818 1657 eujus

162 1679 293 1726 memorat
321 1673 468 1743 Apostolus
484 1693 491 1742 ;
508 1673 688 1748 [Ambrosius]
716 1692 770 1731 non
797 1675 870 1730 enim
899 1674 958 1731 sac·
1010 1669 1091 1727 fidem
1107 1670 1142 1727 de
1157 1673 1226 1728 coelo
1241 1674 1326 1729 misso
1341 1673 1437 1745 spiritu
1451 1675 1525 1730 orbis
1540 1676 1652 1746 recepit,
1682 1676 1729 1746 qui
1759 1675 1817 1731 de-

161 1759 459 1832 tumillorumprobat,
486 1764 535 1818 sed
562 1762 643 1818 fixam
672 1762 754 1819 sidem
782 1763 809 1818 in
833 1781 959 1820 resurre-
1009 1760 1089 1832 nique
1104 1761 1285 1816 testimonium
1301 1763 1382 1817 babet
1405 1763 1434 1817 in
1461 1763 1541 1832 coelo,
1569 1763 1755 1818 testimonium
1785 1765 1817 1818 in

162 1847 251 1904 ctione
274 1849 401 1905 ostendit.
427 1853 460 1906 Et
474 1859 514 1907 est
529 1869 637 1918 sensus,
662 1853 792 1925 alioquin,
810 1852 912 1909 scilieet
936 1853 959 1908 si
1008 1856 1089 1915 tetra,
1105 1849 1284 1905 testimonium
1296 1850 1331 1905 ab
1353 1850 1469 1923 angelis,
1489 1852 1673 1907 testimouium
1700 1853 1735 1906 ab
1766 1853 1815 1907 in-

162 1937 322 1993 resurrectio
337 1947 504 1995 mortuomm
519 1956 572 1996 non
588 1949 630 1996 est
645 1937 745 2008 lutura,
768 1941 805 1996 illi
835 1941 880 2014 qui
908 1942 959 1996 ba·
1009 1937 1084 1992 seris.
1100 1937 1172 2006 Quid
1187 1954 1254 2012 ergo
1282 1941 1410 1995 remansit
1433 1941 1506 2012 quod
1525 1957 1579 1996 non
1609 1941 1815 1998 clametille-

161 2025 297 2096 ptizautur
311 2042 359 2098 pro
381 2029 503 2095 mortuis,
529 2028 647 2102 [Haimol
668 2030 695 2085 id
720 2037 762 2086 est
785 2031 845 2086 vice
863 2047 959 2086 eorum
1009 2027 1097 2081 sinant
1112 2043 1179 2100 ergo
1208 2043 1348 2083 murmura
1376 2028 1447 2084 male
1476 2029 1653 2102 loquentium,
1684 2039 1712 2085 et
1739 2046 1812 2086 cor-

160 2113 207 2184 qui
221 2115 321 2170 mortui
331 2122 403 2182 sunt,
414 2116 479 2188 qnid
489 2117 598 2184 sacient,
614 2118 706 2186 idest,
726 2119 789 2192 quid
811 2120 960 2189 proderunt
1009 2116 1192 2186 rumpentium
1208 2117 1294 2172 bonos
1310 2133 1402 2172 mores
1426 2117 1568 2190 colloquiis
1583 2118 1670 2173 malis.
1700 2120 1809 2176 b'olite.

160 2201 228 2274 ipsis
241 2205 366 2272 mortuis,
378 2205 405 2260 id
423 2215 464 2260 est
484 2207 549 2279 quid
572 2207 695 2278 proderit
716 2207 769 2262 illis
793 2207 840 2280 qui
861 2224 958 2263 resur·
1008 2203 1197 2277 [Augustinus]
1226 2205 1310 2274 Quasi
1339 2205 1433 2262 dicat:
1465 2207 1578 2278 Propter
1605 2209 1661 2262 trac
1702 2209 1809 2276 omnia,

160 2291 260 2347 recturi
274 2308 328 2348 non
344 2301 406 2349 sunt
435 2295 508 2366 quod
535 2295 590 2351 vivi
619 2295 788 2367 baptizantur
814 2311 865 2367 pro
891 2295 958 2351 eis?
1008 2294 1097 2349 notite
1108 2294 1213 2364 sedari,
1230 2311 1279 2365 per
1292 2295 1395 2366 pseudo
1410 2295 1456 2367 qui
1470 2297 1504 2351 de
1519 2295 1653 2352 medicina
1681 2307 1812 2368 quarunt

160 2380 344 2454 nihilutique.
360 2381 432 2438 Etsi
455 2384 565 2439 omnino
593 2385 693 2440 mortui
720 2401 775 2440 non
802 2393 956 2458 resurgunt,
1008 2381 1115 2450 vulnus,
1146 2383 1216 2437 etde
1232 2383 1379 2454 Scripturis
1406 2391 1541 2440 conantur
1568 2392 1699 2456 torquere
1714 2385 1810 2441 vincu-

160 2469 554 2544 ntquidetbaptizauturpro
573 2472 754 2542 illisiQuasi
781 2473 876 2530 dicat:
906 2473 957 2542 lili,
1008 2469 1073 2536 lum,
1090 2471 1161 2525 unde
1176 2471 1301 2542 laqueum
1330 2472 1425 2527 mortis
1453 2471 1581 2540 injiciant.
1612 2472 1808 2546 Corrumpunt

160 2557 239 2614 idest
260 2561 369 2625 mortui,
399 2577 458 2616 cum
487 2569 599 2632 peccata
627 2577 682 2617 noa
709 2561 878 2616 remittantur
905 2561 958 2616 nisi
1008 2558 1089 2614 enim.
1119 2558 1201 2627 Quasi
1228 2559 1401 2615 dicat:Non
1429 2561 1607 2628 seducamini,
1646 2579 1700 2620 nec
1724 2563 1800 2618 auara

159 2662 243 2704 causa
256 2647 596 2706 luturaeresurrectionisi
620 2648 706 2718 Quasi
721 2651 793 2706 dicat
809 2669 816 2706 :
832 2650 860 2706 Si
884 2649 957 2704 stulti
1006 2646 1114 2718 placeat
1128 2647 1206 2702 vobis
1221 2647 1340 2720 colloqui
1362 2648 1426 2714 illis,
1450 2649 1522 2721 quia,
1548 2649 1687 2723 colloquia
1711 2667 1804 2706 eorum

159 2736 227 2792 adeo
241 2737 307 2792 certi
323 2744 385 2791 sunt
403 2738 437 2793 de
466 2736 556 2792 lutura
584 2738 795 2805 resurreetione,
824 2753 874 2793 vos
903 2754 958 2793 non
1007 2735 1084 2790 ocula
1098 2741 1286 2808 corrumpunt
1297 2737 1379 2794 bonos
1391 2753 1492 2804 mores,
1509 2737 1535 2792 id
1550 2746 1593 2793 est
1602 2738 1716 2794 virtutes
1727 2741 1808 2794 etiam

159 2823 264 2879 debetis
279 2825 411 2880 dubitare.
425 2827 458 2884 Ut
469 2826 544 2898 quid.
557 2825 640 2895 Quasi
650 2826 723 2882 dicat
736 2844 742 2880 :
753 2827 781 2882 Si
790 2825 891 2881 mortui
903 2842 957 2881 non
1007 2831 1113 2892 necant,
1145 2823 1209 2878 dum
1236 2823 1338 2880 iaciunt
1365 2840 1420 2880 non
1448 2826 1551 2897 sperari
1565 2828 1806 2884 resurrectionem.

160 2921 314 2984 resurgunt,
331 2917 365 2970 at
374 2914 440 2985 quid
455 2919 482 2970 ct
491 2931 551 2980 noa,
562 2915 607 2986 qui
623 2930 677 2970 non
691 2914 765 2970 stulti
788 2914 857 2970 sicut
884 2931 956 2986 prm·
1007 2910 1189 2985 [Ambrosius]
1217 2913 1371 2969 assiduitas
1410 2915 1481 2970 enim
1524 2915 1683 2988 praviloquii
1725 2916 1807 2972 vitiat

159 3000 234 3071 dicti,
249 3002 297 3057 sed
312 3002 449 3074 sapientes
464 3003 616 3059 videmur?
631 3005 686 3059 Hos
707 3003 780 3060 enim
798 3003 955 3060 discernite
971 2979 1132 3064 Gfflesslessb
1149 2996 1299 3052 eiidfflflb
1327 2997 1370 3052 his
1398 2999 1548 3054 cavendum
1578 3008 1629 3055 0⁵2·
1654 3001 1804 3070 Εῑιὶςῑῑᾱΐθ·

157 3091 303 3162 praedictis,
320 3091 443 3161 dumata,
461 3093 684 3164 eanosurquid‚
707 3093 817 3164 inquam
842 3101 869 3148 er
893 3108 953 3158 nos,
1008 3083 1093 3153 Quasi
1119 3085 1214 3140 dicat:
1240 3087 1298 3142 Hoc
1322 3086 1415 3154 nolite,
1440 3088 1488 3142 sed
1513 3089 1604 3158 potius
1626 3088 1804 3156 coatraillos,

92 3249 93 3254 ἵ
157 3178 351 3251 periclitamur,
368 3179 451 3236 idest
466 3181 588 3252 pericula
603 3182 727 3252 patimur,
744 3183 822 3238 omui
832 3181 919 3237 borel
930 3188 957 3236 ει
1006 3173 1135 3246 evigilate
1151 3189 1167 3228 a
1183 3182 1303 3246 torpore,
1319 3183 1344 3230 et
1360 3176 1399 3231 sic
1413 3175 1489 3231 eritis
1505 3177 1584 3246 iasii,
1608 3185 1634 3231 ει
1662 3183 1723 3247 post
1748 3194 1804 3233 no·

158 3283 213 3322 non
227 3267 316 3323 solum
332 3269 452 3339 pericula
466 3269 564 3340 patior,
581 3269 726 3326 sedetiam
742 3270 845 3326 morior
863 3270 955 3343 quoti·
1007 3261 1057 3316 lt'le
1071 3277 1197 3332 p9t’ctit'e,
1214 3263 1287 3334 quod
1301 3263 1493 3337 exigiijusfiiitt
1504 3264 1565 3331 Dei,
1576 3264 1679 3321 scilicet
1689 3281 1725 3320 ne
1742 3281 1806 3336 pec·

158 3357 213 3424 dic,
225 3355 343 3430 [Haimo]
353 3357 381 3413 id
396 3366 438 3413 est
451 3358 571 3428 pericula
586 3358 680 3414 mortis
695 3358 790 3424 sabee,
806 3372 822 3412 0
837 3360 952 3428 fratres,
1005 3349 1082 3414 celis.
1099 3349 1153 3405 illis
1167 3351 1362 3408 consentiendo
1384 3351 1431 3424 qui
1459 3353 1583 3425 ignorant
1611 3353 1709 3408 Deum.
1738 3352 1805 3426 [Au-

154 3445 674 3518 proptarploriumvermemscilicet,
699 3454 728 3501 ut
752 3460 801 3500 vos
825 3454 955 3502 aternam
1005 3437 1142 3512 gostinus]
1170 3439 1247 3496 Unde
1275 3440 1390 3496 subdit:
1419 3441 1610 3513 lquorontiam
1638 3443 1720 3497 enim
1755 3443 1806 3497 Dei

156 3533 272 3604 gloriam
286 3534 499 3605 consequamini,
516 3535 571 3606 (ld)
586 3536 630 3590 vel
643 3550 693 3605 per
703 3535 819 3608 gloriam
826 3541 953 3600 vestram,
1005 3527 1120 3598 quidam
1135 3527 1238 3584 babeat
1251 3528 1299 3598 illi,
1316 3528 1428 3597 seilicet,
1445 3529 1492 3602 qui
1507 3537 1805 3586 mortuosresurrectu·

153 3622 225 3692 juro,
241 3622 313 3679 Ecce
327 3623 473 3694 Apostolus
485 3623 595 3693 juravit,
611 3634 640 3679 ut
667 3625 786 3681 sciamus
814 3624 876 3696 quia
904 3638 954 3679 ve·
1005 3615 1176 3672 rossiullum
1191 3633 1252 3672 esse
1271 3617 1397 3674 dicebant
1419 3618 1543 3675 credere.
1570 3619 1604 3674 El
1627 3619 1682 3674 hod
1706 3619 1805 3690 loquor

157 3728 216 3766 rum
235 3711 340 3781 jurare,
364 3728 418 3768 non
442 3721 483 3768 est
507 3721 659 3785 peccatum.
691 3713 745 3769 Sed
764 3728 819 3768 non
843 3697 911 3769 ideo
926 3711 955 3766 in
1005 3703 1129 3761 vobisud
1144 3707 1352 3778 uerecundiam,
1368 3707 1411 3762 vel
1426 3709 1626 3772 renuentium,
1651 3707 1680 3761 id
1703 3716 1745 3764 εει
1775 3717 1804 3763 ut

156 3801 246 3856 dubiis
257 3800 406 3869 jurandum
420 3809 471 3856 est.
489 3803 522 3856 Et
537 3803 619 3858 tutius
633 3809 675 3857 est
690 3817 744 3858 non
756 3802 849 3871 jurare
872 3816 953 3873 quam
1005 3792 1044 3847 cis
1070 3794 1244 3866 acquiescere
1271 3795 1429 3864 vereamini,
1459 3795 1501 3851 vel
1517 3795 1746 3861 verecundemini,
1775 3797 1803 3850 id

156 3889 352 3946 cousuetudine
364 3889 473 3959 jurandi
498 3891 630 3960 pejerare.
653 3890 758 3945 Falsum
780 3905 845 3945 vero
862 3889 954 3958 jurare
1005 3891 1047 3938 est
1060 3891 1089 3939 ut
1102 3884 1202 3955 pudeat
1217 3899 1267 3938 vos
1280 3884 1393 3940 credere
1408 3884 1521 3956 ignaris.
1543 3883 1722 3957 [Ambrosius]
1752 3885 1802 3940 Vel

155 3977 349 4050 gravissimum
377 3986 419 4034 est
446 3987 595 4049 peceatum,
612 3979 672 4034 Non
688 3985 836 4034 esiconem
850 3993 955 4050 praece.
1005 3971 1041 4026 ad
1055 3972 1250 4030 verecundiam
1266 3972 1341 4029 vobis
1356 3973 1461 4046 loquor,
1488 3973 1573 4028 idest
1598 3973 1633 4028 ad
1662 3973 1800 4030 utilitatem

154 4076 232 4139 ptum
243 4067 353 4136 juratio,
369 4083 429 4140 quae
443 4083 497 4123 non
513 4075 554 4124 est
567 4084 582 4123 a
597 4067 667 4122 malo
687 4067 810 4137 jurantis,
842 4067 891 4122 sed
913 4065 956 4122 in·
1006 4068 1133 4116 vestram·

156 4155 261 4212 creduli
277 4156 320 4212 vel
332 4154 438 4222 infirmi,
469 4157 514 4227 qui
542 4171 596 4211 non
624 4155 701 4211 alitor
727 4155 824 4212 credit.
854 4157 952 4224 Quam,

156 4251 208 4301 etc.
226 4243 312 4313 Quasi
327 4243 398 4300 dicat
415 4260 421 4299 :
439 4243 489 4299 l‘er
503 4244 617 4318 gloriam
639 4245 681 4299 vel
706 4252 819 4316 propter
842 4243 954 4316 gloriam
1039 4238 1124 4294 Vsus.
1140 4241 1233 4294 35-46.
1250 4269 1284 4279 -
1299 4239 1351 4296 Sed
1365 4239 1434 4295 dicit
1448 4239 1551 4312 aliquis
1568 4256 1574 4294 :
1592 4239 1728 4307 Quomodo
1752 4256 1800 4294 re-

155 4334 227 4402 dico,
243 4348 298 4389 non
317 4333 427 4406 quidem
453 4333 609 4402 humanam,
630 4333 678 4389 sed
701 4341 839 4400 aeternam,
869 4333 988 4406 quaml)
1003 4331 1125 4398 sarcum
1139 4327 1275 4383 mortui?
1301 4328 1384 4396 Quali
1398 4331 1496 4384 cutem
1522 4344 1637 4400 corpore
1659 4329 1803 4384 arnmot?

150 4424 214 4494 jam
224 4423 307 4479 bairo
318 4439 375 4495 spe,
388 4425 419 4478 in
431 4421 539 4480 Cbristo
547 4424 613 4479 iesu
625 4422 741 4479 boariae
751 4426 855 4488 nostro,
873 4421 900 4476 id
916 4429 957 4478 εει
1010 4414 1041 4472 1
1052 4414 1083 4472 1
1091 4415 1129 4470 2
1143 4415 1282 4487 iusipiens
1293 4420 1334 4482 tu,
1347 4417 1553 4487 quadraminum
1563 4433 1620 4472 aon
1631 4417 1800 4485 vivificatur,

156 4513 221 4568 dum
235 4511 381 4568 considero
396 4510 470 4584 quod
484 4511 543 4582 ipse
558 4527 606 4582 per
629 4511 786 4583 passionem
807 4519 848 4566 est
872 4509 956 4583 glori-
1005 4506 1061 4560 uisi
1073 4506 1313 4577 priasmoriotur.
1330 4504 1365 4558 Et
1378 4504 1449 4578 quod
1462 4506 1595 4570 seminas,
1620 4522 1678 4561 uon
1701 4520 1800 4578 corpus

156 4599 263 4658 licatus.
281 4601 399 4656 lterum:
416 4601 444 4656 Si
459 4600 557 4655 mortui
572 4616 625 4656 non
640 4608 796 4673 resurgunt,
809 4600 875 4673 quid
884 4599 957 4654 mibi
1004 4593 1075 4666 diwd
1089 4594 1221 4664 [uturum
1236 4595 1278 4649 3³²
1292 4593 1426 4660 Smila&
1441 4592 1490 4649 3θᾶ
1504 4593 1754 4664 mmmmm»
1766 4597 1798 4648 Ἀ

155 4689 277 4762 prodest,
294 4691 318 4745 si
332 4706 380 4760 epo
401 4689 533 4762 puqarcvi,
550 4688 578 4743 id
592 4697 634 4745 est
648 4688 794 4760 disputavi,
809 4689 845 4744 ud
855 4688 955 4744 bestias
1003 4687 1075 4755 putu
1091 4681 1195 4750 tritici,
1213 4686 1264 4737 aut
1277 4683 1400 4754 alicujus
1415 4686 1593 4739 ceterorum.
1609 4683 1683 4738 Deus
1702 4687 1800 4738 autem

155 4779 267 4851 prcsi,
279 4778 306 4832 in
321 4786 362 4834 est
377 4787 471 4835 contra
488 4777 636 4834 bestialiter
649 4777 771 4834 virentes
786 4775 957 4848 inEphesoi
1004 4771 1053 4826 dat
1065 4772 1111 4827 illi
1125 4787 1225 4842 corpus
1239 4771 1313 4828 sicut
1332 4773 1402 4836 vult,
1428 4775 1456 4827 rt
1483 4771 1635 4843 anmuique
1657 4773 1800 4826 seminum

156 4866 273 4941 [Hanno]
289 4866 420 4938 Pugnavi,
437 4866 510 4934 dica,
525 4882 620 4940 agens,
636 4867 791 4923 secundum
802 4865 954 4932 datricem,
1002 4860 1151 4932 propriam
1161 4875 1271 4932 corpus.
1290 4861 1351 4916 Non
1364 4860 1455 4918 omnis
1469 4875 1535 4914 curo
1550 4859 1647 4914 codam
1661 4875 1738 4926 caro,
1752 4859 1800 4914 sed

143 4953 181 5007 'id
197 4961 237 5009 est
252 4951 458 5018 rationabiliter,
474 4951 536 5024 quia
552 4949 669 5006 hominis
688 4957 728 5005 est
751 4950 875 5017 credere,
901 4965 955 5004 non
1004 4948 1064 5004 alio
1079 4948 1236 5016 bominum,
1257 4949 1317 5004 ulio
1333 4964 1474 5021 pecorum,
1494 4948 1552 5004 alic
1568 4949 1723 5014 uolucrum,
1739 4949 1798 5003 alia

154 5041 225 5098 mori
253 5042 392 5096 hominem
419 5047 448 5096 ut
475 5040 598 5096 bestiam.
629 5037 811 5112 [Ambrosius]
843 5039 953 5106 lterum,
1005 5041 1101 5093 cutem
1114 5039 1253 5111 piscium
1269 5036 1798 5108 etcorporccoelestio,etcorporater·

157 5130 181 5186 si
195 5130 296 5187 mortui
310 5146 364 5186 nou
380 5136 536 5203 resurgunt,
551 5111 604 5184 boe
631 5128 719 5184 solum
748 5135 842 5194 restat,
872 5143 954 5182 moa·
1004 5126 1118 5182 restria.
1139 5127 1191 5184 Sed
1219 5127 1279 5182 clia
1301 5125 1413 5198 quidem
1442 5126 1598 5181 celestium
1622 5125 1795 5195 gloriantis

158 5219 293 5276 ducamus
315 5224 343 5276 et
366 5219 501 5287 bibamus,
513 5219 671 5285 crasenim,
683 5216 710 5272 id
726 5224 767 5272 est
794 5215 954 5288 inprorimo
1004 5218 1102 5272 uatem
1120 5215 1308 5271 terrestriam.
1324 5213 1515 5270 atrocioribus
1526 5214 1795 5280 solis,olioclaritos

157 5310 322 5371 moriemur.
339 5308 397 5364 lloo
410 5307 445 5364 de
459 5307 529 5362 isaia
552 5306 633 5362 sumit
659 5303 815 5378 Apostolus,
835 5303 955 5380 [Ηείωο]
1006 5304 1092 5370 luna,
1117 5307 1145 5359 ct
1166 5304 1225 5358 alin
1247 5302 1366 5358 claritas
1390 5303 1552 5359 stellarum.
1576 5303 1665 5360 Stella
1689 5301 1795 5359 crima

192 5482 247 5558 itti)
267 5484 425 5556 augustinns,
437 5485 462 5538 in
473 5498 549 5540 serm.
562 5484 593 5539 dc
606 5485 652 5553 Ep.
663 5484 755 5540 iacobi.
1039 5481 1094 5549 (20)
1112 5483 1269 5548 aramenus,
1283 5483 1318 5535 lte
1329 5493 1443 5536 sermone
1454 5483 1480 5535 tn
1492 5485 1584 5540 mona.
