3940 6066
193 234 266 290 teat
867 227 970 284 PETRI
988 226 1167 283 honestant
1796 226 1851 274 litt

188 352 378 426 agnovissent
392 353 481 410 Deum
495 369 550 410 nou
565 353 635 412 sicut
648 355 736 411 Deum
751 351 983 426 glorificaverunt,
999 351 1213 418 Asensibilem3
1229 350 1339 424 spiritus
1354 365 1419 408 raro
1434 349 1561 422 speciem
1585 344 1806 418 intelligibilem
1830 359 1850 398 a

190 449 267 497 aaut
282 441 387 514 gratias
401 450 515 516 εςειιιιιι
531 460 540 510 3
556 443 605 500 sed
617 451 787 499 evanuerunt
805 442 834 498 in
847 441 987 514 cogitatio·
1037 440 1236 513 intelligibilem
1252 439 1372 511 speciem
1388 438 1512 494 sensibili
1526 436 1735 508 praetulerunt.
1768 434 1853 488 Sea-.-

190 529 301 584 ‹nibus
316 529 382 597 suis,
395 531 607 587 etobscuratum
621 539 663 587 est
676 531 809 603 insipiens
823 545 983 586 coreorum.
1035 529 1102 586 bilia
1116 529 1240 596 dicimus,
1264 545 1326 600 quae
1347 528 1407 584 visu
1431 535 1562 598 tactuque
1593 523 1736 594 corporis
1767 523 1853 575 sest:

191 617 350 674 «Dicentes
365 618 438 674 enim
453 635 484 676 se
499 635 561 676 csse
575 619 720 690 sapientes,
737 618 811 674 stulti
824 618 888 674 lacti
903 625 984 684 sunt;
1035 626 1156 689 quennt3
1171 615 1352 690 intelligibilia
1367 633 1427 690 quae
1443 621 1600 686 conspectu
1614 613 1727 668 mentis
1760 625 1853 681 qne:

190 727 202 754 ι
219 712 246 761 ει
259 714 432 762 mutaverunt
451 707 568 781 gloriam
589 707 804 780 incorruptibilis
826 706 884 773 Dei,
901 706 930 760 in
945 705 985 760 si·
1034 705 1163 778 intelligi.

193 794 401 851 «militudinem
431 795 559 868 imaginis
582 795 764 868 corruptibilis
789 795 916 863 bominis,
942 802 986 849 et·
1071 793 1136 848 Cum
1151 793 1235 866 igitur
1248 793 1277 848 in
1294 809 1389 850 eorum
1416 799 1567 863 conspectu
1595 805 1711 860 corpus
1741 796 1773 842 et
1799 787 1854 840 aas

190 881 370 951 «volucrum,
387 892 412 940 et
422 885 640 958 quadrupedum,
656 891 683 940 ct
706 884 913 956 serpentium.»
1035 897 1096 937 mus
1120 883 1209 953 magis
1237 881 1382 952 minusque
1410 880 1536 952 speciosa
1563 886 1671 934 essent
1687 895 1698 944 ς
1715 876 1742 930 si
1770 887 1853 928 ante:

224 969 350 1028 Ostendit
362 971 428 1044 qnid
442 972 477 1028 de
489 973 559 1043 Deo,
584 981 611 1028 et
633 973 770 1045 quomodo
793 972 865 1029 scire
887 978 985 1044 potne-
1036 971 1111 1026 omni
1126 971 1217 1041 specie
1232 985 1325 1027 carere
1339 976 1461 1041 possent,
1489 967 1565 1023 nulla
1598 965 1726 1022 omnino
1754 975 1852 1019 emen

189 1065 261 1126 runt,
297 1067 325 1115 et
348 1060 425 1132 quasi
439 1059 500 1133 quis
514 1069 659 1134 quereret,
685 1061 822 1134 quomodo
845 1060 931 1132 potuit
958 1058 986 1115 id
1035 1057 1161 1114 viderunt
1176 1073 1237 1114 esse
1252 1057 1354 1130 aliquid
1368 1058 1415 1113 ubi
1429 1055 1611 1127 essetprima
1640 1063 1673 1110 et
1697 1054 1854 1109 income

188 1147 264 1219 qnod
279 1155 372 1203 notum
386 1155 428 1204 est
442 1147 503 1216 nei,
528 1149 703 1206 manifestum
726 1165 789 1206 esse
812 1149 840 1204 ιιι
868 1147 986 1220 illisqui
1036 1145 1126 1201 tabilis
1140 1147 1257 1218 species,
1274 1147 1390 1219 ideoque
1419 1143 1652 1215 incomparabilis
1686 1142 1751 1210 (5⁶)
1778 1151 1852 1211 stagna

190 1250 245 1290 non
259 1243 425 1307 acceperunt
434 1236 534 1309 legem,
544 1237 653 1294 subdit:
669 1238 825 1294 invisibitic
835 1237 922 1303 anim,
932 1243 984 1291 etc.
1036 1235 1074 1290 ibi
1088 1251 1150 1290 esse
1176 1251 1268 1291 rerum
1290 1235 1454 1306 principium
1464 1231 1626 1288 rectissime
1659 1230 1849 1288 crediderent.

188 1324 223 1380 itt
236 1324 385 1380 notandum
400 1325 625 1397 quiaeaneus
639 1342 691 1381 una
706 1327 740 1380 sit
753 1333 779 1380 et
797 1324 911 1396 simplex
939 1339 986 1380 es·
1036 1323 1110 1396 quod
1125 1324 1226 1380 tactum
1241 1339 1295 1379 non
1310 1331 1393 1389 esset,
1410 1332 1436 1378 et
1450 1338 1483 1378 ex
1497 1336 1554 1393 quo
1572 1329 1683 1376 ειιιιειιι
1714 1319 1792 1374 tacta
1817 1334 1851 1371 as

191 1411 287 1478 sentia,
303 1427 355 1468 nec
368 1429 401 1468 ει
417 1413 573 1470 diversitate
588 1415 678 1486 aliqua
705 1421 819 1480 constet,
848 1411 988 1483 pluraliter
1038 1421 1122 1469 sent:
1138 1414 1195 1484 (56)
1210 1419 1293 1484 atque
1306 1411 1347 1468 sic
1361 1409 1506 1466 invisibilia
1521 1408 1575 1464 Dei
1592 1407 1746 1463 intellecta
1761 1422 1849 1477 perra

192 1508 283 1556 tamen
296 1500 371 1570 dicit,
387 1501 555 1558 invisibilia·
549 1518 636 1576 quta
646 1502 768 1574 pluribus
782 1501 872 1556 modis
886 1516 936 1571 per
955 1515 987 1556 ea
1037 1518 1099 1574 quae
1113 1501 1182 1558 tacta
1197 1508 1260 1556 sunt
1274 1500 1491 1571 conspiciuntur.
1511 1497 1567 1553 Sed
1581 1497 1693 1552 mirum
1709 1505 1754 1551 est
1782 1495 1846 1566 quad

190 1604 251 1661 quae
266 1587 414 1645 factasunt
436 1591 619 1664 cognoscitur,
648 1591 752 1646 scilicet
774 1590 846 1662 quud
860 1598 985 1655 aternus,
1037 1589 1104 1646 dixit
1144 1605 1206 1646 osse
1244 1588 1414 1655 invisibilia3
1430 1594 1457 1642 et
1487 1601 1584 1643 rursus
1616 1585 1704 1654 dixit,
1739 1585 1846 1653 censp-

191 1692 225 1732 ex
239 1679 416 1748 perpetuitate
439 1687 641 1735 creaturarum·
635 1679 839 1751 ,omnipotens
869 1694 902 1733 ex
930 1694 987 1732 ma·
1002 1680 1168 1778 Boiuntur3
1185 1678 1234 1733 sed
1249 1678 1374 1732 addendo
1387 1675 1534 1740 intellecta,
1554 1673 1770 1729 detenninatur
1791 1688 1846 1726 mo-

193 1765 542 1839 gnitudinccreaturarum,
560 1775 587 1824 et
615 1767 780 1837 hujusmodi.
808 1767 849 1821 Ex
873 1781 987 1839 quorum
1037 1768 1088 1824 dus
1104 1767 1228 1823 visionis.
1247 1767 1309 1820 Tria
1324 1765 1397 1820 enim
1411 1779 1513 1835 genera
1531 1762 1654 1817 visionis
1678 1761 1712 1816 in
1728 1761 1845 1831 Scriptu-

192 1853 273 1910 etiam
287 1855 484 1926 gubernatione
511 1856 673 1926 virtusejus
701 1855 883 1926 conspicitur3
900 1862 927 1910 et
954 1870 987 1909 ει
1036 1858 1074 1912 ris
1103 1855 1290 1911 inteniuntur.
1321 1855 1371 1908 Est
1398 1853 1471 1908 enim
1498 1850 1568 1906 visio
1598 1851 1775 1922 corporalis,
1795 1867 1844 1918 spe

193 1956 226 1998 eo
240 1943 312 2015 qnod
327 1944 417 1998 omnia
430 1944 525 2015 replet,
545 1945 604 2015 ejus
622 1943 797 2012 drvmrtas,1d
814 1951 855 1998 est
870 1943 985 2008 bonitas,
1036 1944 1141 2000 rituatis
1156 1943 1220 2000 νει
1213 1942 1385 2016 imaginaria,
1403 1949 1429 1997 et
1457 1939 1667 2012 intellectualis.
1700 1940 1745 1994 De
1771 1939 1844 1992 tertis

193 2028 365 2104 intelligitur.
383 2033 418 2088 lit
432 2033 484 2089 hoc
497 2041 540 2088 est
553 2033 625 2106 quod
641 2032 695 2088 ait:
708 2033 778 2090 Vere
792 2031 864 2104 quod
880 2031 988 2087 ticino-
1038 2033 1076 2090 S
1092 2049 1195 2106 genere
1211 2041 1252 2090 est
1275 2033 1328 2086 ista
1361 2030 1441 2100 visio,
1459 2043 1541 2101 quam
1572 2027 1621 2084 bic
1647 2035 1846 2083 commemorat

191 2119 529 2177 tumestmanitestumest
541 2120 644 2177 inillis.
657 2122 751 2188 Enim,
763 2121 842 2176 idest
855 2120 926 2193 quia,
938 2121 987 2176 in·
1036 2121 1193 2193 Apostolus.
1211 2122 1267 2176 Hac
1281 2121 1354 2175 enim
1368 2119 1473 2176 risione
1487 2117 1598 2173 videtur
1608 2117 1703 2184 Deus,
1720 2131 1787 2172 cum
1799 2130 1844 2186 per

191 2207 314 2264 innita
323 2210 422 2280 ipsius,
437 2209 465 2264 id
480 2218 522 2266 est
535 2210 595 2282 ipse
608 2218 703 2266 natura
712 2209 856 2265 invisibilis
865 2207 987 2265 intellec·
1036 2211 1165 2283 pietatem
1180 2208 1253 2280 fidei,
1284 2215 1311 2264 et
1337 2208 1504 2280 agnitionem
1532 2221 1647 2262 morum
1676 2206 1841 2276 optimorrnn

193 2303 229 2365 te,
240 2311 293 2353 non
303 2311 446 2369 corporee,
462 2298 506 2356 vel
521 2299 684 2371 imaginaria
697 2297 812 2364 visione,
830 2297 988 2352 sedtantnm
1035 2299 1117 2356 corda
1131 2299 1302 2354 niundantur.
1325 2297 1375 2352 Vel
1389 2296 1425 2351 ita
1435 2297 1496 2368 lege
1521 2294 1665 2350 litteram:
1682 2295 1761 2351 Vere
1775 2292 1841 2366 qaod

192 2383 330 2442 intellecta
344 2402 378 2442 ea
391 2387 537 2453 vimentis,
554 2405 614 2460 quse
628 2387 727 2444 dicitur
740 2387 903 2442 intellectus.
936 2387 986 2441 ln·
1036 2395 1181 2443 notumest
1194 2386 1255 2454 Dei,
1270 2384 1444 2441 manifestum
1457 2391 1499 2439 est
1512 2383 1541 2438 in
1554 2382 1621 2451 illis,
1648 2383 1720 2455 quin
1750 2382 1840 2437 inris-

194 2473 320 2540 tellecta,
336 2474 468 2546 dico,pcr
487 2493 591 2550 aaqnoe
603 2479 768 2548 factasunt,
786 2482 812 2531 et
825 2475 848 2530 si
863 2490 917 2530 non
938 2491 988 2545 per
1036 2476 1101 2531 bilia
1115 2476 1200 2548 ipsius
1219 2474 1312 2530 muudi
1335 2473 1547 2545 conspiciuntur,
1573 2471 1605 2526 id
1628 2480 1675 2526 est
1703 2471 1840 2526 intellectu

191 2558 283 2634 legem
296 2561 423 2632 scriptam
437 2579 516 2634 quam
530 2564 756 2629 nonhabuerunt,
773 2563 986 2636 conspiciantur
1037 2565 1134 2621 mentis
1148 2565 1300 2635 capiuntur,
1317 2578 1367 2634 per
1380 2578 1411 2618 ca
1426 2578 1487 2634 quae
1500 2561 1571 2616 tacta
1600 2568 1700 2615 sunta
1720 2567 1842 2616 cresim

194 2664 212 2702 a
227 2651 361 2704 creatura
374 2650 483 2718 mundi,
500 2651 527 2706 id
542 2659 585 2706 est
603 2653 638 2706 ab
652 2651 771 2718 homine,
787 2667 841 2706 non
855 2649 942 2706 solum
952 2649 987 2704 ab
1036 2654 1141 2720 mundi,
1156 2654 1184 2708 id
1198 2661 1239 2709 est
1252 2669 1269 2708 a
1282 2651 1474 2709 constitutione
1486 2647 1591 2704 mundi.
1606 2649 1644 2703 Et
1674 2657 1706 2703 ut
1734 2647 1839 2704 omuino

193 2734 309 2807 angelis.
324 2733 453 2810 [licimo]
468 2739 555 2794 Homo
569 2755 633 2796 vero
647 2747 770 2796 creatura
783 2738 876 2794 mundi
890 2737 988 2794 dicitur
1035 2741 1160 2814 impietas
1174 2741 1299 2798 excusari
1315 2756 1369 2797 non
1391 2739 1488 2812 possit,
1510 2737 1611 2807 adjecit
1626 2755 1634 2792 ι
1657 2738 1758 2794 Virtus
1784 2751 1838 2808 qua

193 2838 243 2895 per
257 2823 455 2892 excellentiam,
471 2827 535 2900 quia
546 2827 653 2884 excellit
667 2827 738 2883 inter
751 2827 816 2884 alias
835 2835 985 2896 creaturas,
1036 2831 1127 2887 omnia
1140 2831 1282 2905 gubernat,
1298 2829 1465 2900 conspicitur
1478 2843 1526 2899 per
1539 2842 1572 2882 ea
1585 2841 1649 2899 quae
1664 2826 1744 2882 tacta
1771 2831 1837 2888 snut

193 2911 235 2968 vel
248 2912 311 2984 quia
324 2915 539 2972 convenientiam
548 2916 631 2972 habet
640 2932 700 2972 cum
713 2916 987 2973 omnicreatura.Iist
1035 2925 1065 2977 at
1078 2917 1224 2986 divinitat,
1234 2916 1384 2993 [ambros]
1398 2917 1426 2972 id
1439 2924 1480 2972 est
1495 2915 1602 2972 bonitas
1611 2915 1665 2970 Dei
1676 2913 1837 2987 quaecmnb

190 2998 264 3056 enim
277 3000 400 3059 localiter
411 3003 439 3059 in
453 3005 523 3073 loco,
547 3013 575 3060 nt
604 3006 743 3078 quodlibet
771 3021 888 3078 corpus;
906 3004 987 3062 sentit
1036 3009 1132 3081 replet,
1150 3009 1273 3064 similiter
1300 3023 1350 3078 per
1376 3006 1470 3063 eadem
1498 3004 1682 3075 conspicitur.
1711 3002 1836 3076 [unmoz

191 3102 255 3146 oum
268 3090 440 3160 anhnalibns,
460 3093 586 3167 intelligit
612 3109 672 3152 oum
706 3094 824 3167 angelis.
857 3093 935 3150 Unde
957 3068 1019 3148 ino
1034 3097 1162 3172 August]
1176 3098 1225 3153 Vel
1238 3097 1306 3153 sicut
1319 3095 1429 3168 qnidam
1443 3093 1537 3150 volunt
1557 3101 1650 3164 potest
1679 3093 1727 3148 hic
1757 3090 1835 3146 intel-

190 3176 340 3252 Evangelio
353 3181 487 3238 Dominus
496 3183 533 3238 ait
546 3201 552 3238 :
565 3183 721 3240 Proedicctc
731 3183 913 3256 Euonqetiam
923 3197 984 3238 om·
1033 3186 1081 3258 ligi
1095 3186 1213 3241 Trinitas
1229 3194 1258 3240 ut
1271 3201 1320 3257 per
1328 3183 1474 3241 invisibilia
1488 3181 1658 3256 intelligatur
1668 3182 1774 3244 Pater;
1789 3196 1837 3251 per
1924 3245 1925 3253 ρ

189 3265 223 3320 ιιι
239 3271 379 3326 creatura
397 3269 492 3342 (liare.
511 3272 579 3340 xvi),
593 3270 677 3326 idest
695 3270 807 3326 homini.
825 3271 859 3325 lit
875 3268 984 3325 attende
1033 3275 1170 3344 virtutem,
1187 3275 1288 3343 Filius;
1304 3289 1354 3346 per
1369 3272 1546 3336 divinitatem,
1563 3271 1684 3342 Spiritus
1699 3279 1812 3327 sanctis
1826 3285 1834 3322 :

189 3354 262 3426 quod
277 3353 314 3409 ait
331 3370 337 3410 :
353 3357 414 3428 lpsa
427 3357 574 3414 invisibilia
583 3358 721 3415 intellecta
730 3374 780 3430 per
795 3374 826 3415 ea
840 3374 902 3431 quae
916 3357 984 3414 tacta
1033 3371 1062 3418 ut
1076 3363 1110 3418 sit
1124 3379 1230 3434 sensus,
1246 3361 1390 3419 invisibilia
1405 3361 1500 3433 ipsius.
1516 3360 1544 3415 id
1568 3366 1610 3415 est
1639 3359 1724 3414 Pater
1739 3378 1750 3424 ,·
1765 3373 1833 3414 sem-

189 3449 262 3510 aunt,
277 3444 343 3516 Ι,(55)
372 3444 437 3517 quit
462 3461 512 3517 per
539 3446 639 3502 Goelum
666 3454 693 3502 0⁸
721 3454 833 3514 leriam,
863 3453 890 3502 el
916 3446 983 3502 illas
1032 3451 1137 3524 piterna
1153 3467 1262 3525 quoque
1276 3449 1361 3507 virtus
1376 3451 1444 3521 ejus,
1460 3449 1489 3505 id
1504 3457 1546 3504 est
1560 3447 1654 3514 Filius,
1673 3455 1703 3503 et
1730 3445 1830 3502 divini·

186 3537 336 3600 creaturas,
352 3549 420 3607 quas
434 3533 580 3591 immensas
595 3542 622 3591 et
635 3543 784 3607 perpetuas
811 3551 873 3592 esse
900 3535 983 3592 intel·
1032 3547 1083 3608 tas,
1099 3539 1127 3596 id
1142 3548 1183 3596 est
1197 3539 1314 3612 Spiritus
1324 3547 1445 3605 sanctus,
1461 3538 1598 3593 intellecta
1626 3535 1831 3608 conspiciuntur

185 3616 318 3691 texerunt,
346 3621 436 3694 ipsum
462 3623 634 3680 Conditorem
648 3624 898 3696 incomparabilem,
928 3624 982 3680 irn-
1031 3644 1081 3701 per
1094 3645 1128 3686 ea
1142 3645 1202 3702 quae
1216 3629 1364 3685 factasunt
1379 3644 1395 3682 a
1408 3635 1532 3685 creatura
1545 3625 1650 3681 mundi.
1676 3624 1828 3682 Secnndm

185 3723 321 3779 mensum,
338 3718 470 3767 aeternum
492 3720 583 3768 mente
606 3720 817 3786 conspexerunt.
849 3713 983 3770 Viderunt
1031 3718 1084 3774 hoo
1098 3719 1205 3774 videtur
1219 3718 1293 3791 quod
1307 3733 1358 3788 per
1371 3733 1477 3789 eaquae
1490 3716 1559 3772 tacta
1579 3723 1644 3770 sunt
1667 3714 1743 3769 illius
1758 3729 1829 3768 surn-

186 3795 259 3853 enim
274 3799 372 3854 “ummi
386 3800 551 3873 Phil⁰⁵09bit
569 3817 636 3874 qnos
651 3802 756 3860 caeteris
778 3819 833 3858 non
847 3801 981 3858 immerito
1030 3823 1083 3863 mae
1097 3807 1235 3862 Trinitatis
1249 3807 1372 3862 notitiam
1387 3805 1530 3861 habuerint
1557 3803 1679 3878 gentium
1709 3804 1828 3874 philoso-

185 3881 350 3959 inmanique
365 3888 593 3962 gloriapraelatos
620 3892 766 3961 cernimus,
790 3891 895 3946 nullum
920 3906 981 3947 cor·
1030 3896 1086 3968 phi.
1110 3896 1181 3951 trini
1196 3911 1262 3952 vero
1277 3895 1342 3951 dicit
1373 3894 1542 3968 Augustinus
1569 3892 1750 3964 philosophos
1778 3907 1829 3947 non

185 3987 236 4043 pus
251 3988 312 4032 0⁸⁵0
327 3977 434 4032 Deum:
451 3986 476 4035 et
491 3978 678 4036 idcoacuncta
705 3995 824 4050 corpora
842 3988 982 4035 transcen·
1029 3985 1175 4057 pertigisse
1189 3984 1324 4057 usquead
1340 3985 1462 4040 notitiam
1477 3983 1564 4040 tertiae
1586 3997 1724 4054 personae,
1754 3981 1825 4037 scili-

184 4058 282 4116 derunt
297 4072 450 4134 querentes
464 4067 564 4122 Deurn.
584 4067 712 4123 Viderunt
740 4067 822 4122 etiam
849 4067 981 4139 quidquid
1030 4081 1072 4130 cet
1085 4074 1201 4144 Spiritus
1217 4073 1311 4141 sancti
1327 4073 1354 4127 in
1369 4073 1416 4129 isso
1430 4073 1557 4129 videlicet
1579 4071 1641 4127 1000
1655 4086 1740 4141 super
1753 4071 1824 4126 Exo-

184 4149 316 4206 mutabilc
331 4159 382 4221 est,
406 4167 462 4208 non
490 4169 551 4208 esse
578 4171 714 4210 summum
741 4157 849 4224 Deum,
863 4163 890 4212 et
918 4155 980 4212 ideo
1029 4162 1104 4228 dum,
1120 4162 1167 4217 uhi
1182 4162 1254 4234 magi
1269 4161 1417 4218 Pharaonis
1442 4160 1634 4217 deiecerunt
1627 4177 1655 4214 m
1684 4159 1767 4214 tertio
1794 4159 1824 4214 si·

185 4234 305 4292 animam
333 4255 443 4296 omnem
468 4241 669 4314 mutabilesque
697 4242 808 4313 spiritus
835 4254 980 4298 transcen·
1030 4267 1094 4324 gno
1111 4267 1166 4307 non
1181 4252 1208 4305 in
1222 4251 1311 4322 primo
1341 4250 1383 4306 vet
1412 4249 1542 4318 secundo
1558 4248 1622 4322 quia
1635 4247 1736 4303 summi
1762 4264 1822 4320 gea

185 4322 294 4382 derunt.
316 4315 422 4384 Deinde
456 4329 583 4386 viderunt
617 4345 726 4386 ornnem
754 4331 872 4401 speciem
894 4331 922 4384 ιιι
951 4346 980 4387 ιε
1030 4340 1095 4394 tium
1123 4339 1288 4411 philosophi,
1318 4338 1415 4411 inquit,
1431 4338 1669 4424 siphoniatas,
1682 4335 1710 4390 id
1724 4343 1767 4391 est
1791 4337 1822 4392 de
1924 4335 1925 4418 J

186 4427 349 4488 quacunque
362 4416 495 4486 mutabili,
512 4435 574 4491 quae
589 4418 748 4474 naturaliter
771 4427 1136 4491 est,omneque1)summo
1152 4424 1234 4492 bono,
1251 4424 1355 4480 scilicet
1368 4424 1457 4488 Patre,
1470 4429 1497 4476 et
1512 4421 1546 4478 de
1561 4445 1605 4484 νου
1610 4469 1620 4499 ,
1637 4420 1666 4474 ιι
1680 4428 1722 4476 est
1736 4429 1821 4476 mente

185 4499 306 4558 universi
321 4505 414 4560 mundi
428 4521 593 4578 corpusnou
608 4522 690 4579 posse
704 4523 765 4562 csse
787 4506 839 4561 nisi
868 4506 904 4562 ab
933 4508 980 4564 illo
1029 4509 1097 4579 ejus,
1114 4507 1218 4566 scilicet
1232 4509 1309 4578 Filio,
1324 4507 1506 4580 philosophati
1519 4513 1590 4562 sunt.
1607 4504 1696 4562 sed
1689 4521 1717 4559 ιιι
1745 4505 1820 4560 tertio

185 4588 233 4660 qui
252 4589 509 4652 incommutabiliter
530 4603 557 4652 ct
584 4595 743 4668 simpliciter
759 4603 809 4674 est,
839 4595 980 4668 quianon
1029 4597 1109 4672 signo
1122 4597 1282 4656 deiecerunt
1296 4597 1382 4670 magi,
1398 4596 1563 4668 quiausque
1576 4593 1611 4650 ad
1625 4594 1731 4650 tertiam
1758 4609 1820 4664 per·

185 4675 259 4733 aliud
273 4681 363 4742 estitit
391 4699 463 4752 esse,
493 4685 566 4742 alind
594 4685 698 4753 vivere,
726 4683 800 4740 aliud
814 4683 978 4756 intelligere,
1029 4702 1124 4743 sonam
1147 4703 1202 4744 non
1228 4687 1372 4745 valuerunt
1399 4685 1545 4758 pervenire
1558 4681 1722 4755 philosophi.
1747 4681 1819 4750 Quo-

183 4764 293 4826 beatnm
307 4785 388 4841 esse;
403 4773 453 4829 sed
468 4775 541 4846 quod
554 4781 596 4831 est
623 4774 663 4829 illi
690 4772 791 4841 vivere,
814 4771 977 4844 intelligere,
1028 4776 1110 4831 modo
1134 4793 1201 4850 crgo
1228 4777 1272 4833 hic
1297 4775 1406 4841 dicitur,
1437 4774 1511 4846 qnod
1539 4781 1593 4829 tres
1619 4787 1751 4843 personas
1770 4787 1819 4841 ρει

182 4853 292 4913 beatum
307 4876 378 4930 esse,
396 4861 448 4919 hoc
462 4870 503 4919 est
516 4861 555 4918 illi
567 4879 640 4919 esse.
657 4863 770 4934 Propter
783 4863 854 4918 hanc
875 4860 979 4918 incom-
1028 4863 1099 4920 laets
1113 4865 1312 4932 intellexenmt,
1328 4863 1372 4920 rel
1386 4861 1595 4934 cognoverunt?
1609 4860 1652 4916 td
1667 4859 1738 4932 quod
1751 4859 1817 4915 dici·

182 4946 398 5017 mutabilitatem,
416 4959 442 5007 et
456 4950 655 5024 simplicitatem
678 4950 869 5008 intellexerunt
904 4967 976 5018 enm,
1027 4969 1088 5008 mus
1103 4970 1150 5010 eos
1164 4956 1236 5011 hanc
1245 4953 1447 5010 distinctionem
1456 4967 1570 5008 summe
1579 4947 1725 5014 Trinitatis,
1740 4963 1815 5020 quarn

180 5034 271 5091 omnia
283 5035 335 5093 ista
349 5037 456 5108 fecisse,
473 5047 499 5096 et
512 5056 527 5095 a
542 5039 616 5096 nullo
636 5037 696 5096 lieri
723 5039 855 5112 potuisse.
883 5039 978 5096 Consi·
1027 5041 1095 5098 tides
1109 5043 1247 5100 Catholica
1261 5041 1404 5114 profitetur
1430 5042 1585 5098 nullatenus
1611 5038 1748 5104 habuisse,
1773 5036 1813 5092 rel

181 5121 347 5182 deraserunt
379 5127 451 5184 enim
484 5127 614 5202 quidquid
639 5134 681 5184 est
698 5127 726 5184 in
743 5128 910 5192 substantiis,
934 5126 978 5188 vel
1026 5131 1127 5189 habere
1143 5132 1263 5202 potuisse
1277 5133 1380 5205 absque
1395 5131 1533 5199 doctrinae,
1549 5129 1591 5187 sel
1605 5129 1717 5184 internae
1737 5126 1814 5198 inspi-

181 5223 282 5282 corpus
296 5229 368 5284 esse,
385 5217 428 5273 vel
439 5217 580 5290 spiritum;
595 5217 747 5290 meliusque
766 5217 868 5290 aliquid
895 5216 976 5289 spiri·
1027 5221 1137 5277 rationis
1151 5221 1327 5278 revelatione.
1343 5222 1385 5278 Fit
1399 5221 1473 5278 enim
1494 5217 1624 5278 revelatio
1650 5217 1735 5273 tribus
1759 5229 1813 5270 no-

180 5305 237 5356 tum
252 5317 324 5368 esse.
340 5320 421 5375 quam
440 5321 560 5378 corpus;
576 5306 750 5379 speciemque
777 5305 900 5378 corporis
915 5321 976 5362 esse
1025 5309 1077 5378 dis,
1094 5325 1143 5381 per
1157 5325 1250 5382 opera,
1275 5327 1326 5383 per
1349 5309 1509 5379 doctrinam,
1537 5323 1587 5382 per
1606 5304 1809 5378 inspirationem.

213 5483 268 5556 (st)
285 5485 523 5548 hunnt.,lteoirit.
537 5486 590 5538 bei.
1059 5489 1115 5560 (ts)
1129 5489 1178 5559 td„
1190 5495 1276 5548 contra
1286 5493 1444 5546 manicheos.
