3882 6064
150 228 204 282 Idb
590 222 875 282 commutamur
888 223 926 279 IN
939 221 1107 282 PSALIIOS.
1122 253 1157 267 -
1170 223 1267 283 PSAI..
1283 226 1405 284 XLVIII.

711 403 996 512 PSALMUS
1035 405 1253 511 XLVIII.

149 671 253 712 rsaarn
272 669 412 712 mrnans:
434 677 446 703 ι
468 671 499 712 ru
516 670 604 712 muna
621 669 703 712 ruatis
721 669 809 722 cous,
829 668 953 710 estuans
966 657 1082 720 Anam,
1100 655 1135 710 ad
1150 662 1295 726 utrumque
1310 653 1382 710 enlm
1393 653 1521 710 refertur.
1538 655 1578 710 Ao
1592 653 1615 708 si
1629 653 1702 710 diem
1715 653 1808 709 :Nulli

487 757 586 800 ntum.
609 764 620 794 ι
1007 758 1160 798 sermonem
1184 743 1333 809 subtraho,
1361 741 1454 798 audiat
1476 743 1565 798 hmres
1588 750 1666 798 terra
1695 751 1807 813 propter

187 851 293 906 mm
308 849 378 916 pm,
392 866 489 907 omne,
503 855 610 922 We„
626 848 754 922 [Mcujnq
767 851 850 921 Aug„
866 849 953 916 Hm,
1003 830 1145 901 judicium,
1169 832 1197 886 id
1220 838 1260 887 est
1285 831 1357 886 nude
1377 830 1515 900 judicetur
1538 837 1566 886 ut
1591 829 1631 886 sio
1654 829 1758 897 tImeat,
1781 838 1807 886 et

150 939 292 1004 cmm„
308 937 392 1011 Aug]
407 938 511 994 Τρὼς
527 955 534 993 :
549 939 584 995 1„
597 938 685 1008 ῥηθῇ,
705 937 774 1006 gria,
795 938 862 993 cm
876 937 956 1009 μαι.
1002 919 1093 990 justus
1116 927 1228 992 propter
1251 935 1374 992 regnum,
1391 919 1418 974 id
1433 927 1474 976 εει
1489 919 1562 974 unde
1585 927 1693 992 regnet,
1716 927 1746 973 ut
1767 918 1808 974 sic

150 1043 218 1083 m,
240 1025 338 1083 pam-d,
353 1023 854 1099 ,2313higprophqudgamgpofibus
876 1025 957 1094 huju,
1005 1007 1112 1081 diligat.
1128 1009 1225 1064 Postea
1239 1007 1363 1079 sequitur
1385 1007 1477 1064 brevis
1501 1007 1648 1080 explicatio
1660 1007 1805 1076 joslenum,

149 1114 260 1182 maadi,
275 1114 424 1170 ostendeus
439 1129 488 1171 eoa
502 1129 564 1171 cum
583 1114 671 1187 gloria
695 1128 745 1169 sua
763 1113 915 1186 perituros;
932 1120 957 1168 et
1006 1111 1069 1152 ⁰⁰¹³
1093 1096 1226 1162 subdiffll·
1251 1097 1327 1153 ‘IIII‘
1342 1100 1369 1153 0²
1390 1112 1507 1168 lauder·
1532 1095 1610 1153 dives
1631 1095 1750 1152 refellit?
1773 1099 1808 1154 &d

149 1205 186 1260 de
211 1203 322 1259 Christo
345 1202 528 1274 redemptore,
546 1217 601 1259 non
615 1201 733 1269 illorum,
759 1202 808 1258 sed
832 1209 957 1257 contem-
1007 1185 1172 1257 ‘effidfflsssv
1196 1200 1302 1256 PIUW
1324 1185 1359 1240 ad
1382 1183 1452 1239 ffli0⁵
1476 1183 1628 1254 hminum»
1642 1192 1695 1240 ³²⁰·
1713 1185 1806 1254 Dives,

149 1300 261 1364 μοι-ω
291 1291 394 1356 mundi,
424 1291 593 1364 redarguens
620 1306 679 1358 ωε,
708 1290 770 1345 1110,
794 1289 840 1362 qui
866 1289 957 1346 colum
1006 1273 1035 1330 id
1049 1281 1090 1328 est
1105 1272 1245 1344 terrigena
1259 1272 1286 1328 el
1299 1287 1413 1344 pauper,
1425 1272 1453 1327 id
1463 1280 1504 1328 εει
1519 1271 1602 1328 Filios
1616 1273 1744 1340 hominis,
1760 1289 1809 1330 au·

149 1381 258 1446 Deum,
283 1388 313 1435 ut
337 1380 381 1435 bic
404 1378 444 1436 eis
468 1379 538 1435 bene
561 1379 596 1435 sit
620 1397 627 1433 ε
654 1378 700 1450 qui
722 1385 891 1434 mammam
914 1377 958 1434 vel
1009 1361 1075 1429 dite,
1091 1360 1139 1432 qui
1158 1360 1225 1417 estis
1248 1362 1497 1427 timomachum,
1514 1360 1665 1416 idestaon
1690 1363 1809 1434 separati

150 1468 343 1540 bpmphemffl
367 1468 465 1534 Deum,
482 1467 547 1539 quia
573 1467 636 1523 man
661 1466 769 1534 florem,
786 1475 811 1522 ει
825 1465 878 1538 ipsi
892 1481 957 1538 pre.
1008 1465 1096 1522 usque
1110 1449 1144 1504 ad
1158 1465 1288 1520 messem,
1305 1448 1527 1521 quandoquidem
1549 1464 1605 1504 non
1629 1449 1708 1504 slmul
1721 1451 1807 1518 eritis,

149 1565 273 1624 mentor,
289 1557 368 1628 quasi
382 1557 456 1613 Deus
479 1556 538 1613 baec
562 1556 680 1629 ignoret,
697 1555 740 1611 vel
754 1571 809 1611 nou
823 1563 908 1621 curet,
922 1569 957 1610 ae
1007 1538 1116 1611 (ΝΜΟ
1140 1538 1339 1609 separabuntur
1354 1535 1453 1592 mnia
1468 1552 1485 1592 ὅ
1501 1536 1590 1593 ²¹'ffl00
1606 1537 1717 1608 (Iaml-
1732 1539 1808 1610 ¹¹¹¹).

148 1645 211 1717 ipse
235 1644 343 1700 laboret
365 1644 495 1709 videndo,
517 1643 560 1700 rel
583 1643 758 1716 corrigendo.
784 1643 884 1700 Contra
906 1643 957 1698 hos
1007 1642 1073 1682 ⁰V0⁸
1097 1625 1131 1680 lb
1154 1625 1240 1681 haedis
1263 1625 1376 1696 (Istlml-
1398 1625 1476 1694 xxI)·
1501 1625 1620 1712 Audiam
1643 1641 1711 1700 “8⁰
1725 1642 1806 1694 nunc.

148 1732 274 1806 loquitur
298 1732 343 1789 bic
367 1733 502 1804 Propheta
525 1731 588 1787 liliis
611 1732 690 1788 Care.
716 1733 750 1787 Et
771 1739 813 1786 εει
836 1747 954 1786 sensus:
1009 1714 1090 1770 Simul
1104 1713 1131 1770 1¹¹
1147 1731 1241 1784 unum·
1258 1713 1286 1769 id
1305 1720 1347 1768 ³⁸¹
1369 1729 1425 1769 ⁰⁰¹1
1448 1713 1604 1785 septimum,
1620 1722 1647 1769 θῑ
1661 1723 1809 1786 P²⁸⁰⁸¹1²¹¹f

150 1823 284 1880 Psalmas
308 1820 369 1890 iste,
391 1821 480 1877 Dauid
503 1821 619 1876 tendens
642 1822 674 1876 ia
696 1820 793 1890 finem,
814 1819 842 1874 id
866 1827 906 1874 esu
930 1819 957 1874 jn
1007 1802 1088 1858 simul
1104 1803 1169 1875 agni
1183 1809 1209 1858 et
1223 1802 1295 1858 haedi
1309 1802 1398 1858 donec
1420 1801 1519 1869 vaulat,
1534 1802 1581 1874 qui
1596 1811 1725 1876 segreget
1739 1802 1808 1858 alios

150 1909 301 1975 Christum,
327 1915 449 1965 cantatur
468 1908 538 1978 fillis
563 1909 639 1966 dare.
664 1907 791 1964 Intentio.
807 1909 907 1978 Monet,
928 1915 958 1962 ut
1006 1891 1042 1947 td
1056 1890 1205 1956 sinisiram.
1220 1890 1287 1945 &IIOS
1301 1891 1335 1944 ad
1350 1890 1475 1946 deliram
1489 1890 1580 1962 libid.)

150 1998 276 2067 dejectus
292 1998 320 2052 in
334 1997 447 2064 mundo,
463 2012 518 2052 non
539 1996 707 2068 appretietur
729 1995 824 2051 elatos.
850 1995 955 2051 Modus.
972 2007 997 2070 Β
1043 1980 1128 2035 Vm·
1146 1983 1171 2034 3·
1187 2009 1222 2020 ··
1239 2000 1251 2026 ⁸
1267 1978 1305 2034 0⁵
1325 1993 1415 2035 meum
1439 1977 1566 2050 ¹⁰q¹¹⁰²¹²f
1589 1977 1766 2051 sapientiam
1783 1988 1810 2036 θῑ

151 2086 279 2156 Quatuor
302 2091 365 2140 suut
386 2085 555 2156 partitiones.
581 2085 673 2140 Primo
697 2091 814 2140 attentos
836 2082 901 2140 lacit
922 2084 957 2139 ad
1010 2089 1021 2117 ⁴¹
1043 2067 1182 2124 ῐῦθᾱῑῑθῑῑθ
1197 2067 1289 2124 0⁰IdI⁵
1304 2067 1358 2122 mei
1372 2067 1587 2137 melitiani-¹

150 2190 235 2242 aava,
251 2181 278 2231 et
292 2174 330 2230 ad
343 2173 464 2247 iugentia
484 2189 543 2245 quae
558 2173 681 2230 dicturus
694 2179 745 2228 est.
762 2172 889 2229 Secundo
913 2171 957 2226 iu·
1044 2156 1078 2212 0⁸
1093 2172 1199 2211 mm·
1216 2155 1362 2228 [Cassiod.,
1379 2157 1462 2226 Aug„
1479 2153 1616 2228 0⁸⁵⁵I⁰dd
1632 2154 1810 2212 emindii

151 2263 220 2336 cipp
233 2263 365 2335 prosequi
386 2262 443 2328 1112,
465 2261 559 2319 dicen,
580 2262 653 2334 quoq
675 2261 800 2316 chrispus
813 2275 867 2316 non
882 2259 956 2316 redi.
1007 2244 1133 2309 dicenda,
1150 2244 1227 2316 quasi
1243 2243 1317 2300 dicat
1335 2262 1341 2298 :
1358 2243 1423 2299 ldeo
1446 2242 1548 2310 audite,
1574 2244 1639 2314 quia
1660 2260 1691 2301 os
1715 2261 1809 2302 meam

150 2359 209 2407 meg
225 2350 375 2423 mprobos,
393 2349 439 2416 ibi,
456 2367 508 2408 σω
533 2350 643 2406 pampo,
668 2349 760 2405 Tertio
784 2364 845 2420 φρ
867 2347 957 2420 impiis
1009 2334 1138 2406 loquetur
1152 2333 1333 2404 sapientiam,
1348 2332 1376 2386 id
1391 2339 1433 2388 εει
1445 2331 1592 2387 Christum.
1619 2331 1758 2404 Sapientia
1773 2334 1808 2389 ad

151 2449 178 2495 et
190 2440 274 2509 justis
297 2438 438 2496 reddenda
462 2445 534 2507 sunt,
551 2437 598 2502 ibi,
613 2439 688 2494 sicul
703 2453 774 2495 cuer.
792 2433 894 2505 Quarto
908 2435 957 2492 ad·
1007 2420 1112 2476 ‘filim
1135 2436 1181 2475 res
1203 2420 1330 2490 Ρθῐῑῑῃθῑ·
1348 2420 1382 2476 EI
1395 2435 1429 2476 ¹¹⁶
1444 2427 1523 2492 putes
1546 2433 1608 2476 eum
1629 2420 1688 2477 ⁸⁰¹0
1710 2436 1767 2490 ΟΝ,
1783 2430 1809 2478 θῑ

150 2536 246 2585 monet
260 2544 295 2584 ηρ
310 2528 456 2584 megum,
478 2535 613 2598 potentes,
630 2525 677 2597 qui
698 2525 789 2580 omni,
811 2541 874 2582 eum
897 2524 957 2582 1„oe
1007 2524 1061 2564 non
1077 2524 1109 2564 ex
1125 2508 1208 2564 corde
1231 2508 1316 2580 loqui,
1333 2507 1418 2574 addit,
1434 2512 1464 2564 et
1476 2509 1625 2565 medilatio
1648 2509 1739 2566 cordis
1752 2513 1809 2566 mei

149 2617 319 2690 ,dinquum’
336 2616 383 2686 pq,
408 2632 445 2672 ,κ
471 2614 611 2672 ρρηρρήρ,
635 2614 726 2670 Primo
749 2628 817 2686 ergo
840 2613 957 2669 reddens
1009 2599 1138 2670 loquatur
1152 2597 1346 2670 prudentiam,
1363 2596 1467 2653 scilicet
1481 2596 1515 2652 de
1530 2597 1663 2666 moribus,
1680 2598 1754 2669 quod
1768 2605 1808 2654 est

150 2713 280 2772 memo„
297 2704 359 2761 aq,
1007 2685 1035 2741 lu
1056 2683 1144 2740 luturo
1168 2685 1322 2757 providere.
1339 2684 1482 2740 Prudentia
1497 2684 1570 2741 enim
1585 2685 1620 2740 ad
1635 2685 1809 2743 instruendos

187 2794 277 2850 qm,
294 2797 364 2849 g..
381 2817 392 2840 „
410 2793 507 2849 pugile
520 2793 590 2857 hm,
606 2807 702 2848 omne,
715 2799 830 2864 geme„
847 2789 957 2846 ,usibus
1007 2789 1099 2830 mores
1114 2773 1239 2846 pertinet.
1257 2774 1288 2829 lu
1301 2773 1344 2828 his
1359 2773 1465 2829 duobus
1490 2773 1579 2830 omnis
1595 2787 1687 2830 sermo
1701 2774 1807 2831 dlvinus

152 2905 163 2933 ι
186 2882 332 2954 perprite,
348 2896 445 2937 omues
460 2881 505 2953 qui
519 2879 644 2936 habitatis
659 2880 764 2936 orbem.
785 2899 796 2931 x
1007 2863 1152 2932 indicitur.
1168 2877 1218 2920 1¹⁶0
1233 2863 1285 2918 ¹¹⁰0
1300 2878 1316 2919 ³
1332 2878 1385 2929 ΜΘ,
1402 2863 1461 2918 Sed·

186 2970 292 3027 Audite
306 2971 364 3026 hmo
379 2986 440 3041 qua
455 2969 578 3026 dicturus
601 2984 671 3024 sum.
695 2967 788 3041 [Aug]
804 2967 853 3023 llic
866 2973 956 3022 atten—
1045 2969 1127 3024 Vens.
1141 2969 1208 3022 4.-
1219 2989 1229 3019 r
1240 2967 1379 3024 inclinabo
1391 2967 1419 3023 in
1428 2967 1588 3040 parabolam
1598 2983 1690 3025 aurem
1702 2983 1808 3036 meam;

149 3069 194 3116 tos
211 3058 275 3115 lacit
287 3074 384 3115 amnes
397 3060 505 3130 gentes,
518 3057 545 3113 ld
555 3065 596 3114 εει
606 3072 701 3114 omnes
714 3055 809 3128 iniqui.
825 3057 888 3111 llaec
900 3055 957 3126 jam
1009 3078 1021 3109 ι
1042 3057 1165 3127 aperiam
1181 3057 1208 3111 in
1222 3055 1352 3128 psalterio
1366 3056 1579 3128 propositionem
1594 3073 1693 3112 meam.
1717 3082 1727 3106 .

148 3147 234 3204 hodie
249 3163 311 3219 quae
327 3147 372 3202 hic
386 3147 524 3211 dicuutur,
547 3161 598 3217 per
618 3145 777 3202 recitatores
798 3143 955 3199 audiuntur.
1043 3145 1187 3202 laelinobo
1210 3161 1310 3201 acrem
1333 3160 1426 3200 meam
1450 3145 1482 3199 in
1501 3145 1683 3216 porciolam,
1709 3144 1807 3219 [Iller.,

148 3236 284 3293 Videmus
298 3234 371 3291 euim
394 3235 466 3290 bunc
480 3234 626 3306 psalmum,
643 3233 690 3305 qui
705 3240 766 3290 aute
780 3247 835 3288 non
861 3231 957 3287 recita·
1006 3233 1124 3298 alcuin,
1140 3231 1228 3299 illem,
1254 3234 1337 3305 Aug..
1361 3231 1449 3298 Ilien,
1464 3231 1549 3306 Aug]
1563 3232 1592 3288 id
1606 3240 1648 3288 est
1662 3232 1812 3290 humiliabo

149 3325 232 3379 batur
253 3322 307 3378 uisi
330 3323 359 3378 in
378 3337 434 3378 una
457 3328 539 3396 gente
563 3321 728 3388 ludaeorum,
752 3335 826 3376 nuuc
847 3319 956 3376 recitari
1007 3337 1051 3378 me
1065 3321 1170 3377 veritati
1186 3321 1259 3376 lutus
1280 3321 1412 3392 loquenti,
1439 3337 1500 3393 quae
1524 3322 1603 3378 docet
1616 3337 1659 3378 me
1674 3321 1748 3395 loqui
1761 3337 1812 3394 per

151 3428 206 3484 per
218 3419 304 3467 totum
327 3411 422 3467 orbem
446 3417 587 3478 terrarum,
612 3409 716 3466 seilicet
729 3425 780 3480 per
792 3424 889 3464 omues
902 3409 955 3465 Ec
1006 3410 1161 3484 parabolas,
1178 3395 1213 3464 ne
1228 3409 1355 3465 omuibus
1370 3417 1471 3480 pateat.
1487 3409 1547 3477 Vel,
1563 3409 1702 3467 inclinabo
1716 3425 1810 3467 aurem

150 3501 263 3567 elesias,
278 3503 307 3557 et
320 3500 436 3556 auribus
455 3499 582 3554 audiendi
595 3499 742 3572 percipite.
760 3496 843 3566 Quasi
859 3497 951 3553 dIcatt
1005 3515 1096 3556 meam
1109 3498 1139 3553 in
1152 3497 1319 3572 parabolam,
1335 3498 1364 3554 id
1386 3506 1429 3554 est
1451 3497 1600 3556 humiliabo
1623 3515 1667 3555 rae
1689 3499 1806 3566 veritati,

146 3589 213 3646 Non
226 3595 398 3644 transeuntes
408 3587 523 3644 audiatis
533 3603 629 3644 maaca
639 3589 687 3660 qai
697 3586 834 3643 habitatis
849 3587 952 3652 orbern,
1006 3603 1066 3660 quae
1080 3603 1131 3660 per
1144 3587 1288 3658 parabolas
1304 3594 1330 3642 et
1344 3585 1491 3660 enigmata
1505 3603 1548 3643 me
1570 3587 1661 3644 docet.
1678 3586 1807 3643 Videmus

148 3677 178 3733 id
203 3683 256 3746 est,
280 3692 377 3732 omues
397 3675 479 3746 justi,
504 3675 550 3748 qui
574 3683 637 3730 suut
659 3674 778 3741 domini,
803 3689 857 3730 noa
882 3673 956 3730 serui
1006 3676 1165 3732 animuum
1187 3690 1235 3746 per
1257 3675 1397 3747 speculum
1411 3675 1439 3730 lu
1453 3675 1598 3749 aenigmate
1613 3676 1639 3747 (l
1652 3676 1712 3732 dor.
1729 3677 1802 3732 xrul.

147 3781 243 3821 rerum
260 3764 407 3820 :habitant
430 3764 502 3820 enlm
525 3763 629 3832 orbem,
646 3762 691 3834 qul
706 3778 761 3818 uon
775 3769 902 3818 tenentur
916 3762 952 3818 ab
1006 3763 1145 3836 Quidquid
1159 3763 1231 3820 enim
1249 3763 1331 3820 modo
1353 3763 1478 3819 videmus
1500 3779 1551 3834 per
1573 3763 1689 3836 enigma
1704 3771 1754 3819 est.
1770 3765 1806 3820 lit

148 3854 229 3918 orbe,
246 3868 298 3910 uec
316 3853 375 3922 ejus
397 3853 538 3908 erroribus
561 3851 741 3922 impleantur.
764 3851 861 3908 Postea
882 3851 955 3922 quod
1005 3853 1133 3925 apertam
1147 3855 1179 3908 in
1191 3852 1338 3925 psalteria,
1354 3851 1381 3906 id
1396 3859 1438 3907 εει
1451 3849 1530 3907 iactis
1545 3850 1687 3906 ostendam
1701 3867 1802 3924 propo·

149 3942 257 3999 dixerat
271 3941 392 4013 exponit,
409 3941 504 3999 diceas
521 3959 527 3995 :
1005 3943 1137 3999 sillaaem
1151 3957 1254 4006 meam,
1269 3940 1353 3994 idest
1369 3939 1433 4010 quid
1448 3937 1513 3994 mihi
1528 3955 1584 4010 pra
1598 3938 1723 3994 omnibus
1738 3954 1805 4010 pro-

185 4048 277 4103 me,
292 4051 323 4104 ε,
336 4069 396 4094 -a
415 4046 523 4119 Quique
537 4044 682 4120 terrigenae
696 4053 722 4102 ει
736 4045 784 4101 filij
797 4045 954 4112 hminum
1004 4045 1087 4102 pono,
1103 4029 1131 4085 id
1145 4037 1187 4085 est
1211 4037 1342 4084 aeternam
1365 4026 1569 4083 beatitudinem.
1585 4027 1620 4083 Et
1634 4035 1676 4084 est
1696 4042 1804 4094 sensus,

149 4163 161 4187 ι
184 4137 268 4193 slmul
281 4136 310 4192 in
324 4153 407 4192 unum
423 4135 500 4192 dlves
515 4143 542 4193 ει
556 4151 668 4206 pauper.
692 4156 703 4186 x
1005 4119 1094 4175 Factis
1109 4119 1253 4174 ⁰⁵¹011d⁸ffl
1268 4117 1340 4189 ‘lu0d
1354 4116 1426 4173 ⁶1⁰⁰·

186 4227 294 4300 Quique
323 4227 482 4296 terrigena.
509 4222 655 4297 [Cassiod.,
681 4223 764 4297 hug]
790 4221 955 4294 accipientes
1041 4225 1124 4280 Plus.
1140 4225 1173 4280 ll.
1190 4225 1275 4279 Vnus.
1292 4226 1318 4280 5.
1334 4252 1369 4264 -
1385 4246 1396 4271 u
1414 4223 1469 4278 Cur
1489 4223 1591 4280 timebo
1604 4223 1632 4280 in
1646 4223 1691 4280 die
1713 4223 1804 4280 malai

146 4331 201 4388 per
226 4312 397 4386 terrigenas,
425 4311 543 4384 iniquos,
574 4319 601 4368 et
629 4328 679 4383 per
706 4310 776 4366 lilios
803 4311 954 4377 homiuum,
1008 4313 1168 4385 «iniquitas
1182 4313 1301 4369 calcanei
1314 4311 1368 4368 mei
1384 4311 1564 4368 circumdabit
1579 4329 1631 4368 me.
1655 4336 1667 4362 s

143 4405 247 4474 justos.
264 4401 313 4457 Vel
328 4400 374 4467 ita,
391 4408 420 4456 ut
433 4415 484 4472 per
506 4406 603 4471 gentes
628 4407 655 4456 et
677 4399 858 4454 iuhabitantes
880 4414 955 4454 com·
1043 4403 1098 4459 Car
1114 4403 1235 4458 amabo?
1257 4400 1404 4474 [Cassiod.,
1429 4401 1548 4468 dicuin,
1574 4399 1656 4473 Aug}
1680 4401 1807 4457 Secunda

147 4491 271 4547 maniter
294 4504 390 4544 onmes
412 4488 537 4544 homiues
559 4487 682 4560 accipin,
699 4487 739 4545 sic
755 4506 761 4542 :
778 4488 875 4543 hodite
897 4488 956 4543 haec
1006 4505 1080 4562 pars,
1105 4490 1151 4545 ubi
1173 4489 1267 4561 iuclpit
1291 4505 1402 4545 narrare
1424 4506 1486 4562 quae
1508 4505 1590 4560 supra
1614 4487 1746 4560 promisit,
1762 4489 1807 4544 di-

147 4595 247 4636 omnes
270 4581 385 4652 gentes,
409 4576 514 4633 nullum
542 4577 664 4648 excipio,
691 4577 833 4648 quianon
857 4575 958 4647 accipit
1007 4595 1072 4635 cens
1092 4579 1165 4651 quod
1188 4578 1311 4634 Christus
1334 4593 1389 4634 non
1411 4577 1527 4633 redimet
1550 4577 1661 4648 imples.
1675 4577 1724 4634 llic
1737 4579 1807 4634 Pro·

146 4670 225 4725 Dens
246 4681 389 4738 personas,
416 4665 543 4721 omnibus
565 4671 665 4736 praesto
680 4672 721 4720 εει
735 4665 804 4736 lpse,
825 4672 851 4720 et
872 4680 956 4736 gene·
1007 4668 1088 4738 pheta
1112 4667 1140 4722 iu
1164 4683 1214 4723 sua
1236 4683 1355 4738 persona
1378 4665 1535 4738 generalem
1565 4683 1650 4738 agens
1679 4683 1805 4736 causum,

147 4757 209 4812 rate
233 4754 397 4812 beneficium
422 4762 464 4810 εει
487 4753 657 4822 incarnatio,
683 4760 710 4809 et
733 4761 762 4808 ut
784 4751 955 4808 manifestius
971 4713 1103 4829 Cquaerit
1127 4771 1238 4812 oausam
1265 4755 1448 4811 damnationis
1473 4763 1500 4811 et
1527 4754 1632 4810 timoris
1661 4754 1806 4824 malorum,

146 4845 198 4900 fiat
212 4844 285 4918 quod
301 4843 381 4908 dlxit,
399 4843 493 4911 addit,
509 4843 624 4900 cambus
643 4841 784 4908 audiendi,
800 4843 954 4915 percipite,
1008 4861 1068 4918 quae
1091 4853 1132 4902 est
1153 4844 1291 4917 iniquitas.
1316 4846 1349 4900 Et
1372 4846 1424 4902 boc
1445 4852 1496 4916 est,
1517 4861 1568 4901 eur
1583 4845 1684 4901 liureio
1707 4846 1739 4900 ia
1763 4845 1808 4901 dia

147 4933 312 5006 omnesqui
327 4932 462 4988 bonilatis
473 4932 576 4988 orbem.
594 4931 709 5004 datque,
722 4938 774 4987 etc.
787 4930 904 5001 Exponit
913 4930 958 4986 bic
1008 4934 1095 5000 malo,
1110 4933 1138 4989 id
1152 4941 1193 4989 est
1207 4933 1234 4988 in
1248 4933 1293 4990 die
1304 4933 1419 5002 judiciii
1443 4949 1504 5006 quae
1529 4932 1628 4989 dicitur
1648 4932 1718 4999 dies,
1744 4933 1810 5005 quia

148 5039 203 5096 per
228 5029 321 5093 partes
344 5035 413 5092 quos
437 5027 501 5076 ante
524 5028 669 5077 vocaverat
691 5019 847 5092 terrigena,
863 5019 957 5086 idest,
1009 5031 1073 5078 tuac
1088 5022 1179 5078 omnia
1200 5031 1294 5093 aperta
1316 5030 1412 5090 erunt;
1428 5030 1454 5078 ει
1468 5022 1551 5088 mala,
1568 5029 1699 5094 quantum
1713 5022 1748 5078 ad
1763 5022 1807 5079 ia-

146 5109 238 5182 iuiqui
255 5109 426 5180 :terrigenae
451 5115 514 5163 suat
528 5107 574 5180 qui
589 5107 653 5164 vitia
668 5115 775 5163 terrena
798 5115 958 5179 sequuntur,
1006 5111 1112 5181 justos,
1135 5111 1180 5183 qui
1202 5118 1266 5168 tunc
1290 5111 1497 5167 damnabuntur.
1522 5111 1595 5168 Ecce
1619 5125 1668 5166 cnr
1691 5111 1808 5180 tirnebo,

149 5197 232 5272 quasi
256 5196 341 5270 geniti
356 5213 373 5252 a
387 5204 459 5253 terra
477 5213 483 5252 :
500 5197 527 5252 hi
542 5196 645 5252 suntin
660 5203 737 5266 parte
752 5196 832 5260 hdae,
849 5195 895 5268 qui
911 5195 959 5251 luit
1012 5199 1085 5271 quia,
1109 5199 1256 5271 inquitas,
1273 5207 1337 5266 ete,
1353 5199 1446 5265 idest,
1462 5215 1512 5270 pro
1532 5199 1673 5271 iniquitate
1696 5200 1807 5269 almebo,

148 5289 247 5356 homo,
261 5301 317 5340 non
330 5284 402 5340 iilius
415 5284 543 5340 hominis.
560 5287 595 5341 Et
609 5285 665 5355 filli
679 5285 835 5352 homiuum,
852 5284 954 5350 audite,
1008 5303 1088 5359 quara
1104 5287 1188 5342 vitare
1209 5303 1330 5358 possum.
1355 5288 1429 5344 blora
1450 5303 1532 5361 quam
1555 5288 1650 5344 tIment
1674 5289 1807 5358 homines,

148 5377 177 5431 id
192 5382 235 5431 est
253 5374 331 5444 justi,
354 5373 401 5446 qui
416 5373 520 5429 suntin
535 5380 609 5429 sorte
624 5371 732 5438 Christi,
760 5372 804 5444 qui
822 5371 957 5427 iuitfilius
1007 5374 1141 5446 separatio
1169 5383 1211 5430 εει
1237 5376 1335 5432 aaimae
1358 5391 1375 5431 a
1398 5391 1492 5433 carne.
1523 5378 1596 5432 llors
1620 5373 1715 5433 butem
1744 5393 1810 5433 vera

148 5461 280 5530 hominis,
298 5461 374 5531 cujus
397 5461 514 5532 gestauit
528 5460 674 5532 imaginem
688 5461 728 5533 (II
741 5462 802 5518 Cor.
819 5462 876 5531 xv).
893 5461 957 5516 Post
1006 5479 1087 5535 quam
1103 5478 1158 5518 nou
1172 5464 1275 5530 timont,
1292 5465 1428 5536 separatio
1444 5473 1485 5520 est
1500 5466 1599 5522 animae
1614 5481 1631 5521 a
1648 5467 1715 5522 Deo.
1731 5467 1811 5522 Utra-

148 5569 185 5609 ea
197 5550 283 5607 addit.
312 5551 428 5624 Quique,
445 5549 548 5606 scilicet
572 5552 729 5622 terrigena,
747 5553 775 5605 et
788 5549 844 5618 filii
868 5549 957 5606 bomi-
1007 5567 1061 5627 que
1074 5567 1140 5608 vero
1153 5551 1253 5608 diaboli
1268 5553 1443 5625 persuasione
1465 5554 1607 5628 propinata
1631 5563 1673 5614 est
1697 5554 1809 5612 homiui.
