3878 6322
172 177 241 231 ltro
846 175 947 232 PETRI
974 174 1152 233 eoactum
1615 259 1620 265 1
1747 181 1817 238 loeo

171 300 278 370 singula
294 303 390 355 horum
406 287 539 359 sufficiunt
554 302 589 357 ad
603 316 718 372 regnum
734 299 900 365 tollendum
916 303 1006 362 rte-A
1019 299 1084 354 mini
1108 300 1296 371 probibentur,
1321 301 1476 373 expediunt.
1503 302 1603 359 Omnia
1627 319 1694 360 uero
1722 304 1818 361 illicita

171 404 223 459 quc
233 389 465 462 adulteriumne
474 392 584 456 molles,
594 389 621 444 id
632 397 673 444 est
683 388 792 460 pathici,
803 405 891 461 neque
901 406 965 443 ma·
982 395 986 402 '
1016 402 1071 442 non
1086 389 1242 459 expediunt.
1269 389 1343 446 Sicut
1367 390 1438 445 enim
1460 391 1549 446 omnis
1572 392 1617 464 qui
1632 393 1734 448 Christi
1748 409 1815 447 san-

168 478 312 533 ccutorom
326 480 526 545 concubitores,
539 480 732 551 coquentem·
747 477 775 530 in
790 476 965 532 lrisomnibus
1015 475 1098 546 guine
1121 477 1278 548 redemptus
1301 477 1443 534 esthemo
1467 487 1516 545 est,
1540 495 1595 535 non
1620 488 1709 536 temen
1724 481 1815 536 omnis

167 565 966 639 noteeosarguimcqueserce,teeqoeebriosi,ncqucmo·
1015 563 1061 634 qui
1089 565 1171 620 homo
1199 573 1249 633 est,
1276 566 1357 621 etiam
1381 565 1481 622 Christi
1509 568 1644 640 sanguine
1659 569 1816 641 redemptus

158 645 261 720 leciri,
270 670 358 727 oeque
366 671 481 727 rapaces
489 654 855 727 repearnlleipossidebent.
864 655 898 707 ut
906 653 964 707 tec
1014 659 1064 705 εει.
1081 652 1121 706 lta
1136 668 1217 708 omne
1231 653 1303 725 quod
1317 654 1446 710 nonlicet
1461 670 1517 710 non
1525 655 1642 726 expedit,
1658 673 1709 712 nec
1722 663 1816 711 tamea

167 735 287 812 quidem,
308 742 335 797 id
355 750 396 797 est
406 742 482 809 tales,
504 743 612 814 scistis,
625 740 673 796 sed
684 741 774 796 oblati
784 741 852 796 estis
867 739 895 793 iu
911 739 963 794 ba·
1014 755 1094 795 onrne
1106 741 1178 812 quod
1189 757 1243 797 nou
1254 742 1362 812 expedit
1370 742 1451 798 etiam
1459 758 1515 798 nou
1529 743 1603 799 licet.
1623 745 1657 800 Ut
1671 744 1756 817 igitur
1770 745 1815 798 in-

165 829 275 900 ptismo,
292 838 319 885 et
332 830 394 886 ideo
408 831 513 901 turpius
528 838 578 895 est,
595 829 617 884 si
632 829 735 884 reditis.
750 829 784 881 Et
805 844 859 882 nou
874 817 973 882 solum'
1013 834 1054 882 ter
1068 827 1095 882 id
1107 829 1180 901 quod
1196 829 1258 886 licet
1272 838 1297 884 et
1312 831 1430 900 expedit,
1446 837 1473 886 et
1487 831 1560 903 quod
1574 847 1629 887 non
1643 831 1715 899 lieet,
1732 841 1815 905 atque

165 916 258 986 abluti,
274 918 322 973 scd
339 919 513 988 sanctificati
536 918 614 984 estis,
639 917 666 971 id
689 925 730 971 est
753 913 906 970 confirmati
927 915 963 971 ud
1013 914 1076 971 ideo
1103 932 1156 971 nou
1181 917 1300 988 expedit,
1317 918 1406 990 aliquo
1422 927 1496 976 certo
1511 917 1566 975 line
1580 919 1814 975 nitamurdistin-

165 1006 234 1061 bene
249 1007 427 1076 operandum,
444 1007 548 1076 Spiritu
564 1013 657 1060 sancto
672 1005 746 1059 dato.
763 1005 796 1058 Et
811 1019 865 1058 non
880 1003 961 1059 modo
1012 1019 1108 1073 geere.
1139 1003 1328 1078 [Augustinus]
1352 1008 1450 1062 Fateor
1472 1007 1545 1078 quod
1560 1023 1591 1062 ee
1605 1008 1672 1063 mibi
1686 1008 1813 1064 videntur

164 1091 330 1160 sanctificati,
347 1094 394 1148 sed
400 1093 555 1162 justificati
565 1093 644 1161 estis,
656 1091 758 1147 scilicet
768 1091 838 1146 bene
848 1105 963 1162 operan·
1011 1089 1094 1146 licere
1109 1098 1135 1146 et
1145 1108 1199 1148 uon
1211 1093 1350 1163 expedire,
1363 1110 1424 1165 quae
1434 1094 1633 1167 perjustitiam,
1645 1113 1706 1168 quae
1715 1112 1814 1152 coram

164 1182 208 1237 do.
225 1182 294 1235 Note
314 1181 361 1235 sed
386 1180 529 1251 repetitam
544 1180 762 1249 conjunctionem
777 1195 831 1234 non
845 1195 959 1250 pervum
1011 1180 1069 1233 Deo
1102 1189 1152 1248 est,
1183 1181 1391 1250 permittuntor3
1420 1183 1469 1238 sed
1499 1192 1611 1254 propter
1634 1183 1813 1240 offensionem

161 1269 270 1337 pondus
291 1268 356 1323 dere
378 1269 531 1324 sententies.
555 1268 587 1323 lc
613 1268 738 1324 nomine.
764 1266 846 1336 Quasi
861 1267 958 1322 dicet:
1010 1267 1159 1333 bominum,
1186 1284 1220 1324 ne
1241 1269 1277 1325 ob
1300 1271 1353 1326 boc
1375 1270 1557 1341 impediantur
1574 1272 1609 1326 ed
1630 1273 1756 1339 salutem,
1772 1273 1813 1329 ri·

164 1354 252 1410 dbluti
277 1356 352 1422 estis,
376 1364 402 1412 ει
417 1357 468 1413 hoo
482 1359 514 1412 ie
527 1357 642 1413 nominc
656 1357 768 1412 Domini
788 1356 881 1411 nostri
895 1357 960 1411 tete
1010 1355 1092 1409 tande
1114 1363 1190 1421 sunt;
1208 1372 1239 1411 ea
1258 1371 1323 1412 vero
1344 1373 1398 1413 nou
1415 1357 1511 1427 licere,
1536 1367 1563 1414 et
1577 1359 1639 1416 ideo
1654 1376 1708 1416 non
1724 1377 1812 1432 expe-

163 1445 277 1508 Cltrc'sti,
294 1453 321 1501 et
335 1445 435 1516 Spiritu
451 1445 501 1501 Ilei
515 1445 610 1511 nostri,
624 1445 652 1499 id
668 1452 707 1499 est
721 1444 879 1515 operatione
895 1444 958 1515 Spi-
1009 1441 1067 1498 dire
1079 1461 1086 1510 ;
1103 1459 1162 1514 qum
1178 1443 1217 1500 sic
1231 1444 1291 1515 ipsa
1300 1445 1406 1514 justitia
1420 1453 1555 1517 vetantur,
1572 1455 1601 1502 ut
1615 1447 1741 1504 iacienda
1755 1465 1811 1505 non

160 1533 229 1588 ritus
245 1533 341 1590 seneli.
359 1534 459 1590 Omnia
470 1535 541 1590 milti
556 1535 652 1599 licent,
666 1542 718 1589 etc.
728 1532 796 1601 Quia
806 1532 859 1586 dixi
868 1532 896 1587 id
906 1548 958 1603 po·
1009 1530 1070 1597 sint,
1088 1531 1194 1586 etiamsi
1211 1533 1245 1586 ub
1266 1533 1306 1588 eis
1321 1533 1464 1590 laudentur
1479 1536 1578 1606 quibus
1598 1536 1626 1591 in
1640 1537 1736 1592 notitia
1751 1537 1810 1592 tue·

162 1621 215 1676 tius
230 1638 291 1677 esse
316 1621 467 1692 serendum,
494 1638 574 1694 quum
596 1637 695 1678 causas
714 1621 784 1677 male
805 1637 898 1694 agere,
924 1618 1061 1708 neBrint
1076 1618 1190 1691 prolate.
1215 1619 1294 1689 Quod
1318 1621 1341 1676 si
1355 1621 1392 1677 itu
1409 1630 1460 1688 est,
1480 1622 1542 1679 ideo
1565 1640 1620 1680 non
1641 1625 1695 1680 nisi
1717 1624 1811 1681 illicita

161 1709 221 1781 quis
241 1718 316 1780 putet
338 1727 387 1766 sue
400 1711 455 1766 ullo
477 1711 558 1766 modo
573 1712 722 1781 repetenda
736 1710 873 1781 supponit.
890 1709 959 1765 Om-
1009 1707 1189 1778 prohibentur
1203 1723 1217 1762 a
1233 1709 1357 1777 Domino,
1374 1719 1404 1764 ut
1418 1727 1449 1766 ea
1463 1727 1523 1783 quae
1539 1712 1610 1769 licitu
1624 1721 1697 1779 sunt,
1713 1721 1740 1768 et
1755 1730 1811 1769 uon

160 1798 216 1866 nia,
232 1807 284 1855 ete.
310 1798 393 1868 Quasi
416 1799 487 1855 dieat
503 1813 509 1853 :
525 1800 588 1854 Non
608 1807 649 1854 est
664 1799 882 1854 contendendum
898 1814 957 1854 cum
1009 1795 1165 1866 expediunt,
1191 1812 1246 1852 non
1264 1797 1334 1870 legis
1357 1798 1475 1866 vinculo,
1492 1800 1542 1855 sed
1556 1801 1640 1856 libera
1654 1801 1809 1857 dilectionis

162 1885 245 1942 fratre
267 1894 358 1943 temen
382 1887 473 1942 omnia
494 1903 556 1942 mea
577 1886 668 1953 licent,
694 1887 720 1940 id
745 1894 786 1942 est
810 1886 882 1942 licita
897 1893 960 1941 sunt
1008 1882 1186 1940 beneficentia
1211 1893 1237 1939 ει
1263 1885 1378 1941 oonsilio
1401 1887 1539 1942 charitatis
1562 1896 1719 1944 caveantur.
1745 1891 1811 1946 llaec

159 1975 254 2046 repeti,
270 1975 297 2030 id
312 1982 354 2030 est
368 1976 459 2031 omnia
473 1991 533 2030 mea
547 1975 610 2031 licet
623 1983 747 2046 repetere
761 1974 836 2042 mihi,
852 1975 900 2030 sed
915 1982 958 2029 ta·
1009 1979 1071 2026 sunt
1094 1988 1153 2043 quae
1179 1972 1295 2045 amplius
1316 1982 1465 2044 erogentur
1479 1977 1582 2043 saucio,
1606 1977 1652 2048 qui
1673 1979 1811 2034 curandus

158 2063 959 2136 meunoctrepetam,quieuereomreinccpedientadcur-
1008 2059 1043 2114 ad
1067 2059 1203 2115 stabulum
1232 2061 1391 2117 Samaritani
1414 2062 1487 2118 illius
1513 2063 1684 2121 miseratione
1705 2067 1810 2137 perdu-

157 2166 217 2204 sum
232 2165 332 2218 meum,
350 2151 399 2207 sed
424 2149 585 2222 impediunt.
602 2151 669 2207 ltem
684 2165 734 2223 per
749 2151 831 2206 alium
847 2166 956 2207 causam
1008 2154 1068 2202 otus
1081 2155 1131 2202 est.
1142 2149 1199 2220 (57)
1211 2150 1338 2205 Haecnon
1349 2151 1542 2221 praecipiuutor
1554 2153 1702 2220 aDomino,
1714 2170 1811 2226 quam·

156 2238 229 2294 idem
244 2238 362 2295 ostendit
377 2239 471 2296 dicens
488 2256 495 2294 :
1006 2235 1048 2289 vis
1071 2235 1187 2291 Domino
1209 2245 1370 2293 moneantur
1391 2237 1493 2306 offerri,
1519 2247 1548 2294 ut
1562 2249 1635 2296 tento
1650 2241 1811 2314 intelligan-

191 2328 276 2383 vflns,
295 2331 338 2396 ιε,
357 2332 400 2383 13,
415 2359 450 2368 -
466 2329 568 2384 omnia
580 2329 651 2385 mihi
666 2329 763 2396 licent,
779 2329 828 2384 sed
842 2345 890 2400 09⁰
905 2329 955 2385 sut>
1006 2329 1048 2377 tur
1062 2339 1123 2378 esse
1139 2325 1274 2395 graviora,
1299 2333 1401 2397 quanto
1422 2327 1512 2400 magis
1530 2329 1708 2384 ostenduntur
1731 2331 1810 2387 inde-

155 2417 265 2472 mtlliue
283 2415 394 2488 redipcr
403 2421 554 2488 potestate.
567 2419 637 2473 lisca
648 2418 750 2482 centri,
764 2421 792 2472 et
802 2421 900 2472 venter
909 2434 955 2473 es·
1005 2410 1069 2466 bila·
1086 2411 1182 2467 illicita
1204 2428 1271 2486 ²th
1292 2413 1478 2485 prohibemur,
1500 2415 1573 2471 licita
1595 2433 1661 2473 vers
1676 2435 1737 2489 quae
1751 2435 1808 2474 nou

155 2506 213 2572 εἰη
227 2507 300 2562 Deus
316 2509 413 2560 autem
429 2508 458 2560 et
473 2507 548 2561 hunc
564 2508 592 2560 et
606 2505 657 2560 has
672 2505 809 2561 destruet,
1005 2499 1153 2569 expediunt
1167 2498 1251 2556 lib'ete
1274 2510 1430 2558 caveantur.
1455 2502 1554 2559 Omnia
1568 2505 1635 2559 mihi
1648 2505 1741 2562 licent.
1756 2507 1808 2562 llic

190 2593 292 2650 Omnia
305 2594 377 2649 mibi
394 2594 492 2659 liceret,
509 2591 534 2646 id
551 2600 593 2648 est
608 2592 680 2648 licitu
696 2601 758 2647 sunt
770 2611 778 2660 ;
792 2593 841 2649 sed
864 2601 954 2648 tamen
1005 2587 1102 2658 repetit
1116 2589 1189 2659 quod
1204 2588 1309 2645 dixerat
1321 2599 1350 2646 ut
1368 2590 1451 2646 addat
1465 2593 1538 2663 quod
1551 2609 1605 2649 non
1621 2593 1733 2660 dixerat,
1749 2596 1806 2650 sci·

152 2697 199 2753 epc
214 2689 411 2752 nonrepetem,
430 2681 492 2752 quie
506 2695 567 2736 eum
584 2681 635 2734 sim
649 2680 728 2746 liber,
746 2681 795 2736 sub
814 2684 954 2752 potestate
1003 2673 1125 2730 lieetsed
1140 2684 1166 2730 ει
1179 2691 1242 2749 ego,
1260 2685 1310 2733 ete.
1328 2676 1411 2746 Quasi
1427 2679 1497 2735 dicut
1514 2697 1520 2734 :
1537 2679 1636 2736 Omnia
1651 2681 1717 2736 milri
1731 2682 1806 2738 licita

153 2769 263 2824 stultius
278 2768 391 2840 redlpor
406 2767 523 2823 hominis
542 2768 585 2822 vel
611 2767 659 2832 rei,
684 2767 712 2822 id
733 2775 774 2823 est
787 2767 850 2823 nolo
865 2768 952 2839 redigi
1003 2770 1074 2828 suut,
1096 2763 1146 2818 sed
1160 2780 1213 2836 ego
1222 2765 1273 2820 sub
1283 2765 1383 2821 nullius
1392 2766 1431 2822 rei
1440 2775 1574 2839 potestate
1586 2769 1714 2841 redigam
1729 2772 1805 2842 quod

153 2857 202 2912 sub
218 2863 352 2928 potestate
369 2855 477 2924 iudicis,
494 2855 537 2910 tel
552 2855 616 2911 nolo
630 2871 691 2911 esse
703 2855 754 2911 sub
768 2855 889 2912 dominio
903 2857 952 2911 ali·
1002 2849 1128 2918 facerem,
1155 2852 1178 2906 si
1198 2867 1259 2908 oum
1283 2852 1446 2911 offendiculo
1468 2855 1560 2912 fratris
1583 2857 1804 2914 manducarem:

153 2945 230 3015 cujus
254 2945 303 3012 rei
333 2951 361 2999 ut
385 2959 466 3000 causa
490 2945 549 3013 ejus
572 2943 684 2999 fratrem
703 2941 852 3000 offendam
879 2945 986 3060 TuncG
1001 2938 1040 2994 ite
1054 2939 1126 2994 enim
1142 2955 1235 2996 temore
1250 2957 1321 2997 esoae
1340 2941 1449 2998 fratrem
1459 2941 1639 3000 offenderem
1650 2947 1731 3012 Esca,
1748 2955 1804 3003 elo.

152 3033 224 3088 euim
238 3049 282 3088 res
297 3049 380 3104 super
401 3047 452 3088 nos
475 3031 626 3088 dominium
647 3033 738 3099 babet,
755 3047 816 3088 eum
831 3047 952 3088 umorem
963 2999 1193 3125 ⁰[Augustinus]
1215 3027 1301 3096 Quasi
1324 3030 1419 3087 dicet:
1436 3032 1507 3088 Vere
1521 3032 1614 3088 omnia
1628 3033 1693 3088 mibi
1707 3034 1803 3103 licent,

151 3121 210 3189 ejus
225 3121 310 3176 amori
335 3119 451 3192 proximi
471 3120 666 3191 praeponimus
691 3121 771 3190 Esco,
793 3129 847 3176 etc
867 3119 952 3189 Quasi
1003 3114 1064 3185 quin
1079 3130 1144 3171 esea
1157 3115 1272 3172 debetur
1284 3118 1381 3185 ventri
1398 3127 1425 3174 et
1447 3128 1542 3176 venter
1556 3137 1637 3177 escis
1662 3123 1724 3178 Non
1738 3139 1805 3178 mu

149 3209 221 3264 dicet
239 3227 245 3264 :
262 3209 376 3280 Propter
397 3209 449 3265 hoe
472 3208 544 3280 quod
568 3207 623 3263 dixi
644 3225 699 3264 non
718 3217 779 3264 sunt
794 3209 949 3280 repetenda,
1002 3209 1094 3257 ιιιιιῑιιι
1107 3203 1168 3258 ists.
1184 3204 1262 3260 Unde
1275 3213 1301 3260 ει
1313 3213 1384 3277 post,
1396 3208 1590 3278 Apostolusait
1606 3226 1613 3263 :
1630 3210 1717 3266 Omne
1730 3213 1806 3284 qaod

89 3371 90 3374 Ἴ
150 3305 240 3352 tamen
254 3305 365 3369 propter
380 3297 433 3352 boc
456 3296 519 3352 licet
536 3304 668 3366 repetere,
685 3296 747 3367 quie
761 3313 823 3352 ecco
837 3296 952 3352 debetur
1001 3291 1033 3345 t'n
1048 3291 1166 3348 macello
1180 3293 1258 3347 vertit
1271 3294 1477 3366 manducatae
1491 3298 1551 3353 Cor.
1563 3299 1604 3366 x),
1617 3297 1728 3353 sednon
1738 3315 1806 3355 eum

151 3385 253 3451 ventri,
271 3398 322 3454 pro
336 3399 390 3455 quo
405 3391 495 3440 create
509 3391 560 3439 εει.
572 3382 718 3440 llesrcimus
729 3383 800 3439 enim
817 3385 952 3456 quotidia-

148 3487 199 3527 nas
214 3471 305 3526 miuus
325 3472 449 3542 corporis
472 3472 578 3528 edendo
593 3478 619 3527 ει
635 3471 762 3529 bibendo.
779 3475 830 3527 Per
849 3488 949 3539 escam,

150 3567 213 3614 note
238 3557 395 3614 necessaria
416 3566 537 3626 nutura,
558 3563 587 3616 et
612 3563 710 3616 venter
731 3559 847 3615 debetur
868 3561 949 3626 escis,

149 3646 214 3719 quie
235 3647 315 3702 aliter
339 3663 393 3702 non
409 3655 499 3719 potest
522 3647 686 3715 sustentari;
703 3655 730 3703 et
744 3648 806 3704 ideo
821 3647 884 3704 licet
898 3663 951 3704 no-

152 3743 209 3791 stra
231 3743 367 3808 repetere.
392 3737 465 3793 Deus
483 3739 590 3802 notem,
607 3735 744 3808 [August]
759 3735 844 3805 Quasi
853 3737 926 3792 dicet
942 3755 949 3792 :

149 3825 219 3880 Esca
234 3824 349 3880 debetur
361 3824 458 3892 ventri,
475 3832 502 3880 et
515 3833 611 3880 uenter
622 3825 701 3894 escis,
714 3825 827 3881 sednon
837 3825 950 3881 multum

147 3928 198 3983 pro
219 3911 262 3966 his
288 3912 468 3967 laborandum
487 3919 537 3982 est,
560 3913 624 3984 quia
643 3912 835 3980 destruentur;
852 3920 879 3968 et
899 3913 950 3970 boc

148 3999 278 4072 estquod
294 3999 394 4066 subdit,
421 4001 493 4056 ocur
517 4004 624 4066 nutem.
649 4007 676 4056 et
694 4001 746 4056 hoo
761 4007 788 4056 et
802 4001 877 4067 illud,
894 4000 948 4072 vel,

149 4087 225 4144 benc
240 4091 269 4143 et
282 4088 343 4154 tes,
360 4087 443 4143 idest
460 4095 582 4144 ventrem
603 4097 629 4142 et
643 4103 731 4156 esces,
748 4088 885 4154 destruct,
902 4106 948 4144 se-

1002 3378 1131 3434 scandalo
1154 3380 1374 3436 manducandum
1389 3390 1440 3437 est.
1465 3382 1544 3439 Unde
1558 3384 1623 3438 alibi
1637 3385 1701 3442 dicit
1719 3387 1805 3444 :Non

1001 3465 1175 3523 manducato
1185 3482 1301 3524 curnem
1319 3469 1352 3523 in
1368 3473 1517 3537 eternum,
1529 3474 1694 3542 nesrotrcm
1704 3491 1805 3531 meam

1002 3553 1192 3610 scandalizem
1203 3555 1228 3624 (l
1236 3555 1297 3612 Cor.
1305 3557 1377 3627 virt).
1390 3557 1510 3629 Itemque
1518 3558 1584 3613 alibi
1600 3577 1608 3614 :
1625 3560 1726 3616 Omnia
1733 3565 1804 3635 qai-

1002 3640 1803 3720 demmunccsuntscematumesttomintqutperopen-

1002 3728 1130 3786 dioclem
1148 3731 1306 3787 manducet
1319 3732 1407 3802 (urm.
1420 3733 1491 3805 ιιι).
1508 3735 1582 3790 Deus
1596 3743 1695 3791 autem.
1712 3736 1804 3806 Quasi

1001 3816 1074 3873 dicet
1089 3835 1096 3871 ε
1112 3818 1182 3874 Esca
1196 3818 1312 3874 debetur
1324 3821 1419 3887 ventri,
1441 3830 1468 3876 et
1482 3831 1577 3878 venter
1595 3823 1675 3890 escis,
1690 3825 1741 3880 sed
1756 3834 1806 3882 ta-

1000 3920 1132 3961 mennon
1156 3906 1235 3961 edam
1259 3923 1321 3963 oum
1344 3909 1481 3976 scandolo,
1498 3910 1563 3981 quie
1576 3911 1649 3968 Deus
1663 3919 1690 3968 et
1703 3913 1758 3969 hoc
1774 3924 1805 3970 et

998 3991 1075 4061 illud,
1091 3993 1144 4060 uel,
1161 3995 1232 4050 bunc
1244 4002 1272 4050 et
1286 3996 1336 4050 bas
1348 3997 1478 4053 destruet.
1491 3999 1673 4072 [Ambrosius]
1683 4001 1733 4057 Vel
1746 4001 1805 4068 itu,

999 4080 1089 4136 omnia
1104 4081 1186 4137 licent
1201 4100 1208 4136 ε
1226 4083 1361 4139 Praemittit
1384 4085 1428 4141 bic
1448 4086 1592 4157 Apostolus
1617 4088 1688 4160 quod
1700 4099 1803 4159 postea

147 4175 266 4230 eundum
290 4175 362 4230 huuc
385 4181 486 4230 statum
501 4193 508 4230 ε
525 4175 598 4248 quod
614 4175 674 4242 erit,
687 4191 748 4232 eum
762 4176 947 4247 corruptibile,
998 4167 1105 4238 plenius
1129 4177 1237 4227 neturus
1260 4179 1311 4226 est.
1331 4172 1402 4228 Dicit
1424 4173 1496 4230 enim
1518 4175 1590 4246 quod
1613 4175 1664 4230 sibi
1683 4175 1748 4233 licet
1765 4179 1804 4234 ab

147 4263 200 4319 hoe
216 4262 309 4317 induet
325 4261 556 4334 incorruptionem
571 4263 597 4333 (l
610 4262 670 4320 Gor.
687 4263 746 4336 xv).
762 4265 819 4336 (tt)
832 4264 882 4320 Vel
900 4263 946 4334 itu,
995 4255 1058 4331 ¹eliis
1079 4265 1202 4328 sumptus
1225 4259 1361 4331 occipere,
1387 4260 1457 4318 sicut
1476 4261 1526 4317 alii
1548 4263 1663 4334 apostoli
1677 4265 1802 4336 accipie·

147 4349 238 4406 omnia
253 4349 317 4404 mihi
331 4350 414 4406 licem
430 4367 436 4404 :
455 4352 495 4406 ορ
511 4351 553 4406 his
573 4351 713 4423 (1101thae
727 4352 762 4406 ad
777 4367 867 4408 escam
882 4369 946 4424 per.
963 4343 1064 4413 Dbeut
1078 4360 1094 4400 e
1109 4346 1224 4401 subditis
1246 4346 1313 4402 suis.
1336 4349 1391 4404 Sed
1413 4349 1542 4421 quonium
1565 4351 1667 4407 sciebat
1690 4355 1802 4423 pseudo

148 4437 244 4494 tinent.
263 4439 343 4493 Erant
358 4438 431 4494 enim
447 4439 579 4495 intereos
595 4439 641 4510 qui
656 4439 732 4496 cibos
743 4439 945 4508 discernebant,
995 4431 1168 4489 ⁰⁰0⁰Si⁰¹1⁰ffl
1190 4451 1316 4507 quaerere
1337 4437 1497 4508 accipiendi,
1520 4438 1607 4494 ¹¹⁰luil
1620 4440 1654 4494 ab
1666 4441 1708 4495 his
1721 4444 1802 4498 scei-

144 4525 299 4595 judicantes
312 4525 380 4581 alios
394 4527 521 4594 mundos,
538 4527 606 4583 alios
620 4527 781 4584 immundos.
794 4527 846 4583 Alii
860 4528 946 4584 omni·
994 4535 1070 4589 pere,
1092 4537 1127 4577 ne
1149 4537 1232 4578 eausa
1253 4523 1356 4579 ventris
1374 4525 1454 4597 vigor
1468 4526 1660 4584 ecclesiastice
1674 4530 1802 4588 ueritatis

149 4613 199 4669 bus
215 4613 283 4669 cibis
295 4615 461 4671 vescendum
471 4631 532 4671 esse
542 4615 680 4686 putabant.
693 4615 776 4685 Quasi
783 4615 855 4672 dieat
867 4635 873 4670 :
884 4617 946 4672 Non
994 4616 1172 4679 torpesceret.
1196 4610 1276 4679 Quod
1295 4627 1362 4684 ergo
1385 4613 1451 4670 dicit
1469 4615 1631 4685 Apostolus,
1652 4616 1744 4672 omnia
1761 4619 1801 4674 li-

148 4700 236 4756 solum
250 4700 277 4756 iu
291 4701 400 4770 judiciis
415 4710 442 4758 et
464 4702 492 4757 in
508 4703 568 4758 aliis
582 4703 720 4773 predictis
733 4703 880 4771 offenditis,
897 4704 945 4759 sed
996 4703 1067 4766 cent,
1082 4712 1136 4752 non
1151 4698 1186 4753 de
1205 4699 1293 4768 melis,
1318 4701 1368 4757 sed
1386 4701 1422 4757 de
1441 4701 1520 4758 bonis
1540 4702 1656 4776 intelligi
1670 4714 1797 4776 oportet.

147 4788 228 4844 etiam
237 4788 265 4842 in
274 4789 351 4844 cibis.
365 4790 461 4845 Omnia
472 4789 582 4862 quidem
592 4791 658 4845 mibi
668 4791 759 4860 licent,
772 4792 799 4846 id
810 4799 851 4847 est
862 4791 946 4847 omni·
996 4782 1164 4852 Quibusdam
1189 4786 1262 4841 enim
1285 4787 1392 4843 videtur
1419 4798 1532 4861 propter
1552 4789 1703 4847 libertatem
1727 4809 1802 4850 con-

148 4877 199 4933 bus
214 4875 282 4932 cibis
300 4878 374 4933 uesci
393 4877 465 4947 licet,
482 4894 537 4934 non
551 4877 631 4950 legali
646 4879 778 4948 doctrina,
795 4880 844 4935 sed
858 4879 945 4935 libera
996 4871 1067 4926 cessi
1090 4872 1194 4928 arbitrii
1216 4875 1269 4931 hoo
1291 4875 1451 4946 Apostolum
1474 4877 1586 4948 dixisse,
1604 4878 1679 4951 quasi
1704 4883 1802 4938 omnia

147 4971 292 5036 potestate.
309 4964 366 5036 (56)
382 4965 435 5022 Sed
450 4982 505 5023 uon
520 4967 943 5038 omniaexpediunt.Notaquod
997 4957 1103 5026 liceant,
1134 4961 1184 5015 ssd
1209 4977 1263 5018 non
1286 4963 1439 5034 expedient,
1469 4964 1518 5020 sed
1541 4982 1677 5038 nunquam
1700 4967 1807 5025 dicitur
1912 4939 1913 5012 ι

146 5059 236 5124 potest
250 5051 351 5124 aliquid
366 5053 448 5110 licere
463 5061 489 5110 et
514 5070 568 5109 non
583 5055 729 5125 expedire;
746 5055 874 5126 expedire
892 5071 944 5110 au·
998 5044 1079 5101 licere
1095 5047 1167 5118 quod
1191 5049 1355 5119 pmhibetur.
1382 5051 1460 5107 Unde
1484 5060 1510 5107 ει
1523 5053 1642 5109 Ioannes
1656 5055 1692 5109 ad
1706 5055 1804 5112 Hero-

147 5147 202 5195 tem
216 5141 289 5213 quod
302 5157 357 5196 non
372 5141 435 5198 lieet
449 5157 504 5197 non
517 5148 615 5213 potest,
635 5157 667 5198 oc
681 5158 731 5213 per
751 5143 802 5198 boc
817 5158 872 5198 non
885 5160 944 5199 om·
996 5132 1058 5188 dem
1074 5135 1111 5188 sit
1126 5151 1133 5188 ³
1150 5136 1209 5192 Νοιι
1226 5137 1293 5194 licet
1309 5139 1359 5194 titi
1381 5139 1482 5196 babere
1495 5156 1616 5199 uxorem
1634 5145 1736 5214 trote-tt
1755 5147 1803 5200 tut

147 5228 192 5284 nia
212 5245 272 5300 quae
293 5229 366 5286 licita
382 5237 453 5298 sunt,
469 5229 553 5286 idest
568 5228 718 5301 quaenullo
734 5239 871 5303 praecepto
886 5231 943 5288 lto-
994 5221 1089 5291 (Mm-
1105 5223 1153 5293 tu).
1180 5223 1259 5293 0¹¹0d
1282 5225 1305 5280 Si
1328 5225 1395 5281 illud
1412 5234 1486 5283 ⁶⁸⁸⁶st
1500 5229 1573 5299 (ll¹⁰¹i
1588 5228 1626 5284 iffi
1640 5229 1730 5300 “lumi
1747 5231 1800 5288 de·

183 5402 228 5466 (te
255 5406 418 5484 tunsurus,
431 5349 608 5464 adPolentum.

183 5467 227 5534 (56
251 5470 299 5534 ld,
312 5473 338 5522 in
349 5475 445 5526 eodem.

1028 5392 1083 5462 (ot)
1101 5395 1150 5462 ld..
1162 5396 1188 5451 ln
1200 5399 1296 5452 codem.
