3878 6322
176 97 245 151 isra
843 91 945 162 rnrni
967 89 1157 148 toussani.
1352 159 1355 166 ¹
1757 96 1835 150 isso

177 218 256 292 quasi
271 217 352 274 modo
367 233 421 274 non
437 217 538 274 habeat
566 233 681 291 regnum
706 219 780 273 Deus
804 224 881 288 pater
896 216 902 272 i
919 216 973 272 Sed
987 217 1074 278 Ascli
1086 215 1203 288 pedibus
1216 216 1286 287 ejus.
1296 215 1365 272 Cani
1375 220 1472 272 uatem
1487 215 1572 280 diem,
1585 219 1681 273 omnio
1699 219 1834 288 subiecta

176 309 229 362 hoc
243 305 280 361 ita
295 305 395 362 dictum
412 315 462 375 est,
480 322 542 363 cuin
569 307 712 362 tradiderit
740 322 857 378 regnum
876 305 935 362 Deo
950 313 977 361 et
1026 308 1095 362 sunt
1111 306 1146 372 ei,
1159 305 1307 362 sinedubio
1316 310 1497 378 preteream
1508 307 1833 379 qaisubjcoiteiomnia.

177 393 257 463 Patri,
274 394 302 450 id
317 403 359 450 est
374 410 435 451 cnm
450 396 607 466 perduxerit
628 395 771 452 credentes
795 394 828 449 ad
853 401 976 451 contem·
1028 395 1097 450 Cum
1112 392 1348 464 autemtsulijccta
1358 395 1472 465 suerint
1482 395 1526 450 illi
1536 397 1755 460 omnin‚tuncet
1766 396 1833 468 ipse

177 483 325 555 piationem
337 483 398 555 {Dei
412 484 509 552 Patris,
533 484 580 539 uhi
593 492 636 540 est
650 483 713 539 linis
733 483 871 549 omnium,
888 490 915 538 et
929 499 976 538 re·
1026 484 1115 539 Filius
1130 480 1274 555 subjectas
1286 483 1343 538 ciii
1355 483 1400 538 titt
1413 484 1461 555 qni
1475 483 1594 555 subjecit
1604 481 1776 552 oibiomnia,
1795 489 1831 539 ait

176 573 254 644 quies
269 573 442 644 sempiterna,
458 581 485 629 et
499 573 636 646 gaudium.
653 574 727 646 Ergo
752 580 815 628 tuno
829 572 881 628 erit
904 569 974 640 finis,
1026 573 1064 628 sit
1076 573 1147 628 Deos
1161 573 1258 627 omnio
1272 574 1304 627 in
1315 570 1456 628 omnihus.

178 675 240 716 cuin
254 677 380 734 reguum,
396 661 435 733 (6)
450 661 532 716 idest
548 676 616 733 quos
631 660 747 716 redemit
770 660 902 732 sanguine
917 659 977 715 Filii
1063 695 1178 768 Oportet
1190 699 1288 751 autem
1304 696 1399 751 mm
1416 695 1503 764 Quasi
1521 695 1594 752 dica,
1610 715 1617 751 :
1633 699 1705 752 Tunc
1727 705 1831 770 ,perte

178 748 322 806 tradiderit
335 750 546 821 contemplando
563 751 621 806 Deo
636 758 663 806 et
677 749 762 818 Patri,
774 749 910 821 nonquod
917 749 976 820 ipse
1025 783 1162 857 regnabit,
1179 783 1353 851 sedimerim,
1366 788 1475 856 oporte,
1484 785 1570 840 mum
1578 801 1695 857 remum
1704 786 1828 852 occulte,

178 837 280 894 adimat
295 837 356 904 sibi,
388 837 450 910 qnia
466 855 536 894 unus
559 840 634 894 Deus
657 847 698 894 est
713 854 774 895 curn
789 839 877 894 Patre.
901 839 975 896 Tunc
1026 873 1090 945 quia
1104 873 1180 927 ame,
1194 872 1341 944 Scriptum
1361 872 1438 928 ΜΕ
1452 880 1546 928 essem
1561 891 1569 940 ἱ
1585 874 1666 946 etqui
1680 874 1762 931 modo
1780 891 1831 930 re-

178 925 410 999 jostisutpetout
420 928 496 983 sicut
505 929 545 984 ⁵⁰²
555 928 782 1026 {nuffifflaf'ii
792 928 852 998 ⁶f¹⁴⁸
863 928 974 1000 (Mam
1025 969 1098 1033 gnat,
1115 961 1215 1033 poterit
1230 976 1294 1017 suos
1317 961 1460 1017 suscitare.
1478 961 1593 1032 Oportet
1604 978 1728 1036 regnare,
1747 962 1828 1032 dieo,

181 1017 256 1086 xiii).
273 1017 312 1087 (t)
324 1016 450 1088 Regnum
459 1014 574 1088 fulgebit
586 1032 614 1071 in
625 1031 719 1090 regno
727 1032 789 1072 curu
799 1031 886 1115 regno
895 1031 977 1071 vene·
1026 1049 1112 1107 donec
1125 1053 1215 1123 pona,
1237 1049 1292 1104 inf

192 1103 198 1114 ,
882 1103 887 1115 ,
1291 1058 1370 1106 uturo
1380 1067 1476 1106 ornnes
1491 1051 1622 1108 inimicos
1633 1050 1683 1107 aab
1690 1051 1829 1124 pedibus.

176 1111 211 1158 ¹¹¹
241 1119 373 1204 ΨΜ
400 1104 472 1175 qu⁰d
497 1119 569 1160 ΠΜ
593 1119 722 1198 ⁰s³¹¹¹ust
746 1120 807 1160 Μ
836 1105 974 1194 d¹⁰¹mi¹⁵²
1026 1140 1082 1208 (li)
1099 1138 1149 1195 Vel
1163 1138 1210 1193 ita.
1227 1136 1310 1207 Quasi
1325 1137 1398 1194 dicat
1414 1155 1420 1194 :
1436 1139 1539 1194 Tradet
1559 1155 1686 1212 regnum,
1702 1155 1831 1196 evacua-

177 1193 317 1248 ddoemut
332 1208 451 1264 ieonum
467 1195 549 1248 tanin
560 1192 671 1264 (dotto.
688 1204 729 1264 vr)
752 1194 790 1264 (8)
800 1193 899 1248 Tradet
910 1209 975 1265 ergo

374 1280 379 1292 .
809 1282 815 1293 ,
873 1282 878 1292 ,
1025 1227 1064 1282 bit
1077 1234 1238 1298 potestatem
1254 1245 1261 1282 :
1279 1227 1329 1282 sed
1355 1235 1462 1298 oportet
1485 1227 1561 1283 illum
1583 1243 1710 1300 regnare,
1731 1228 1761 1284 id
1784 1239 1832 1284 est

176 1296 292 1380 regium
305 1281 391 1380 ω’
410 1281 519 1353 quand⁰
535 1298 650 1354 regnum
664 1283 737 1354 qu⁰d
748 1290 902 1381 ⁵⁰¹ff¹¹¹¹³vft’
913 1298 975 1337 cum
1025 1331 1139 1387 regnum
1154 1316 1212 1384 ejus
1227 1315 1333 1370 interim
1352 1315 1538 1382 manifestari,
1563 1317 1649 1372 donec
1664 1325 1750 1387 ponat
1763 1334 1830 1373 om-

178 1376 251 1424 venit
275 1385 365 1424 minor
388 1371 476 1440 Patre,
501 1371 630 1442 perducet
658 1371 694 1425 ad
721 1385 843 1441 speciem
870 1387 898 1425 in
923 1385 976 1442 qua

1025 1420 1074 1460 nes
1087 1404 1223 1472 inimicos,
1239 1404 1404 1461 voluntarios
1419 1405 1463 1462 vel
1487 1413 1606 1472 coactos,
1629 1405 1749 1477 illelmo]
1772 1407 1829 1460 sub

1024 1493 1149 1564 pedihus,
1166 1493 1194 1549 id
1209 1501 1251 1549 est
1278 1493 1328 1548 sub
1342 1494 1424 1564 plena
1448 1494 1626 1564 subjectione,
1641 1495 1698 1566 (13)
1712 1495 1757 1550 vel
1771 1496 1828 1549 sub

985 1583 1010 1644 Β
1026 1581 1190 1637 humanitate
1206 1597 1264 1648 sua,
1282 1590 1310 1638 ut
1320 1583 1411 1654 'ipsam
1427 1591 1603 1638 revereantur
1619 1591 1646 1638 et
1665 1585 1826 1652 honorent,

1024 1680 1051 1726 et
1078 1670 1214 1726 Christum
1248 1671 1385 1727 homiuem
1417 1673 1505 1727 Denrn
1527 1678 1554 1726 et
1578 1687 1673 1744 regern
1699 1672 1828 1728 omniurn

1024 1769 1184 1832 agnoscant.
1200 1761 1233 1815 Et
1247 1769 1288 1816 est
1311 1776 1407 1814 sensus
1424 1778 1430 1817 :
1448 1761 1559 1816 Interim
1575 1767 1683 1832 oportet
1703 1777 1828 1834 regnum

1024 1854 1081 1923 ejus
1096 1850 1271 1916 manifestari,
1288 1851 1377 1907 donec
1392 1866 1455 1906 eurn
1479 1866 1596 1922 regnare
1610 1849 1744 1906 fateantur
1757 1866 1826 1906 orn-

176 1987 326 2044 secundnm
339 1987 533 2060 proprietatem
548 1987 621 2057 fidei,
638 2005 698 2061 quae
708 1988 742 2044 de
755 1988 801 2044 illo
816 1995 866 2044 est.
883 1989 917 2043 Et
933 1996 974 2043 est
1023 1959 1073 1998 nes
1088 1942 1189 1997 inimi
1203 1941 1272 2040 fjus’
1289 1940 1391 1996 scilicet
1407 1949 1432 1996 οι
1449 1939 1488 1994 iffi
1503 1939 1595 2038 (ΨΘΧ
1611 1940 1713 2039 injusfis
1724 1939 1827 2008 jumfi'

176 2088 274 2128 sensus
291 2072 380 2127 :Cum
396 2073 535 2129 tradiderit
557 2089 673 2148 regnum
697 2074 755 2128 Deo
779 2071 860 2142 Patri,
885 2072 913 2126 id
931 2079 973 2128 est
1024 2039 1129 2098 “amm'’
1146 2038 1172 2086 et
1187 2047 1212 2086 ⁰¹
1226 2028 1279 2085 fide
1295 2029 1452 2094 subdam*
1472 2036 1499 2084 et
1522 2028 1561 2082 ¹¹¹¹
1576 2045 1621 2099 (ιω
1639 2028 1673 2088 ad
1684 2038 1825 2098 jusmmm

947 2161 952 2172 .
1023 2120 1217 2176 beatitudinem
1241 2135 1296 2175 non
1318 2117 1470 2189 pertinent,
1495 2117 1558 2190 quia
1580 2124 1607 2172 et
1630 2117 1680 2188 ipsi
1695 2133 1758 2172 euru
1774 2134 1824 2172 re-

177 2177 239 2217 cum
261 2161 419 2233 perduxerit
446 2162 508 2218 illos
537 2163 572 2218 od
595 2171 771 2234 conspectum
794 2163 920 2229 deitatis,
945 2179 973 2216 in
1126 2209 1131 2219 ,
1277 2207 1330 2218 ..
1454 2206 1458 2217 .
1546 2206 1551 2217 .
1729 2206 1735 2216 .

1023 2225 1109 2283 gnare
1125 2223 1182 2280 ipsa
1207 2225 1285 2280 regni
1307 2224 1365 2276 eins
1388 2206 1607 2262 manifestatione
1632 2206 1736 2264 confusi
1752 2206 1823 2262 fate-

176 2250 274 2324 (1υὼιιε
288 2267 361 2307 ”¹¹⁰⁰
377 2259 475 2324 regnat
489 2253 563 2308 ⁰⁹⁰⁵
579 2269 629 2324 per
644 2251 737 2320 fidem’
749 2251 886 2324 qniamnc
896 2268 973 2352 Ψ.
1024 2300 1135 2354 buntur.
1155 2295 1343 2371 [Augustinus]
1359 2296 1474 2352 attende
1490 2296 1563 2368 qnod
1574 2295 1611 2350 ait
1624 2295 1709 2352 donec
1724 2305 1823 2367 ponat,

175 2339 275 2395 labitur
288 2357 303 2394 a
318 2340 385 2396 Filio
400 2342 489 2396 Pater.
508 2342 585 2397 Unde
598 2359 603 2398 :
614 2341 973 2408 Nemonooitl'atremmui
1023 2396 1075 2444 etc·
1092 2389 1152 2443 Non
1169 2387 1242 2442 enim
1256 2387 1291 2442 im
1313 2387 1414 2442 dictum
1438 2394 1489 2453 est.
1511 2385 1589 2458 quasi
1613 2401 1674 2442 cum
1697 2387 1824 2456 posuerit

177 2427 271 2497 ΜΨ)
287 2433 316 2486 0²
332 2429 379 2486 wi
399 2430 489 2486 mim
509 2431 630 2486 ”merit
647 2431 772 2487 revelare
785 2431 895 2502 (malm
913 2432 968 2500 ω’
1023 2476 1148 2533 inimicos
1162 2476 1214 2532 sub
1229 2475 1354 2548 pedibus,
1372 2490 1425 2531 uon
1436 2475 1471 2530 sit
1480 2484 1575 2546 postea
1585 2481 1759 2546 regnaturus,
1771 2477 1820 2530 sed

1023 2567 1055 2622 eil
1071 2573 1172 2621 tantam
1187 2564 1351 2621 evidentiam
1365 2580 1481 2637 regnum
1501 2564 1642 2634 perducet,
1667 2572 1698 2618 nt
1718 2564 1814 2618 inimici

176 1458 291 1530 aequalis
306 1473 361 1514 non
376 1458 490 1515 recessit
503 1473 520 1514 a
535 1459 625 1515 Patre.
643 1461 681 1530 (9)
690 1459 797 1515 Fideles
806 1459 906 1532 qnippe
917 1460 975 1528 ejus

175 1562 245 1618 quos
261 1547 377 1603 redemit
399 1547 530 1622 sanguine
551 1564 601 1604 suo
619 1549 684 1604 dicti
707 1555 770 1603 sunt
794 1547 838 1604 hic
862 1563 973 1620 regnum

177 1632 246 1702 ejus,
262 1631 340 1702 cujus
355 1648 470 1706 regnunt
494 1633 576 1688 etiam
598 1641 639 1689 est
663 1633 751 1688 omnis
770 1640 902 1689 creatura.
918 1631 973 1688 Sed

175 1721 256 1776 aliter
268 1721 367 1777 dicitur
381 1737 495 1793 regnum
511 1721 611 1776 Christi
631 1722 720 1778 oinnis
734 1728 876 1788 creatura,
893 1719 974 1776 aliter

176 1810 311 1866 Ecclesia.
328 1811 385 1882 (10)
406 1811 532 1884 Regnum
549 1811 648 1866 Christi
668 1811 766 1867 dicitur
788 1810 877 1866 omnis
892 1825 971 1867 cren-

175 1907 234 1954 tura
257 1899 408 1955 secundum
431 1907 592 1971 potestatem
616 1899 722 1956 deitatis
739 1918 746 1959 2
762 1899 885 1955 Ecclesia
909 1913 973 1956 vero

174 2517 226 2574 Ubi
250 2525 277 2573 et
301 2517 420 2574 essentia
445 2517 506 2573 Filii
526 2533 588 2575 euin
608 2519 686 2574 Patre
707 2527 733 2574 ει
757 2519 856 2590 Spiritu
879 2526 972 2575 sancto

177 2605 322 2673 videbitur,
339 2605 412 2679 quod
428 2607 494 2662 solis
508 2607 617 2662 mundis
637 2606 766 2663 cordibus
779 2607 896 2673 dabitur,
912 2623 973 2680 quie

175 2702 217 2751 est
231 2710 338 2750 sumina
347 2695 495 2752 beatitudo.
507 2697 563 2767 (11)
575 2696 625 2752 Vel
634 2696 671 2752 ita
683 2713 689 2751 :
700 2696 768 2754 Cum
777 2696 918 2752 tradiderit
929 2713 973 2752 re-

175 2800 261 2856 gnum
275 2784 334 2840 Deo
347 2784 441 2852 Patri,
457 2784 484 2839 id
499 2792 541 2840 est
555 2801 618 2841 cnm
633 2786 740 2842 Patrem
755 2802 870 2858 regnare
892 2802 973 2842 mon-

175 2872 301 2928 straverit
313 2874 387 2945 quod
398 2873 478 2929 modo
489 2873 619 2930 creditur.
631 2875 707 2932 Tunc
718 2891 784 2931 vero
795 2892 843 2947 per
852 2875 973 2947 speciem

175 2957 478 3031 manifestationemque
501 2959 654 3028 clarescet,
680 2967 707 3016 et
734 2967 799 3018 tunc
818 2960 870 3016 erit
896 2961 972 3030 finis,

175 3063 240 3102 cum
251 3049 430 3104 evacuaverit
438 3063 550 3104 omnem
561 3049 755 3121 principatum
766 3053 793 3104 et
803 3053 973 3122 potestatem

175 3140 204 3194 ot
213 3136 364 3192 virtutem.
375 3138 446 3192 Dum
460 3137 538 3192 durat
548 3138 677 3207 mundus,
688 3138 779 3212 angeli
788 3137 895 3210 angelis
905 3154 975 3210 prae·

175 3232 249 3290 sunt,
263 3225 402 3282 daemones
416 3225 595 3293 demonibus,
611 3227 736 3282 homines
757 3226 922 3295 hominibus,
938 3227 973 3282 ad

175 3313 318 3370 utilitatem
331 3314 478 3372 viventium
494 3315 537 3370 vel
553 3315 741 3387 deceptionem
757 3334 764 3383 ;
782 3318 832 3372 sed
846 3317 974 3373 omnibus

177 3402 307 3470 collectis,
321 3403 376 3472 jam
390 3404 480 3460 omnis
495 3404 619 3475 praelatio
643 3405 771 3474 cessabit,
796 3405 858 3478 quia
873 3422 972 3462 neces·

176 3491 249 3548 saria
267 3507 322 3547 nou
353 3491 413 3549 erit.
447 3493 522 3549 lianc
545 3501 635 3550 autem
666 3494 852 3565 praelationem
875 3495 974 3551 dicitur·

177 3580 300 3637 Christus
315 3597 457 3648 evacuare,
474 3581 538 3653 quia
563 3598 627 3638 suos
641 3598 737 3638 omnes
752 3583 780 3638 iu
794 3600 880 3657 regno
895 3584 973 3640 exal-

175 3668 251 3736 tabit,
268 3669 314 3742 qui
330 3669 374 3726 hic
387 3669 505 3726 humiles
519 3670 636 3740 fuerunt,
654 3672 723 3729 sicut
742 3673 849 3744 ipsoex
865 3672 973 3728 humili·

176 3765 232 3814 tate
246 3767 352 3832 regnat,
368 3775 449 3831 quain
466 3759 569 3816 habuit.
594 3761 736 3834 Distingue
754 3779 761 3816 ι
776 3761 970 3832 Prinnpaium,

1023 2745 1074 2800 erit
1087 2743 1264 2810 manifestius,
1282 2743 1333 2798 etsi
1346 2742 1462 2814 amplius
1491 2741 1580 2796 duret.
1605 2740 1687 2796 Aliud
1709 2748 1750 2796 εει
1764 2755 1820 2795 non

1022 2833 1139 2904 amplius
1153 2831 1333 2900 manifestari,
1350 2831 1424 2886 aliud
1439 2845 1494 2885 nou
1508 2829 1624 2900 amplius
1638 2845 1817 2901 permanere.

985 2925 1084 3004 0Nnn
1098 2921 1214 2993 amplius
1229 2920 1397 2975 manifestari
1412 2927 1463 2986 est,
1480 2936 1536 2975 non
1550 2919 1610 2975 fieri
1626 2918 1797 2974 manifestius
1812 2937 1820 2983 ;

1023 3027 1078 3067 non
1093 3010 1209 3082 amplius
1226 3025 1397 3081 permanere,
1423 3025 1479 3064 nnn
1500 3025 1563 3064 esse
1588 3007 1822 3080 perseverantius.

1023 3100 1137 3169 Quando
1165 3108 1257 3155 sutem
1293 3097 1463 3154 manifestius
1491 3098 1544 3153 erit
1577 3113 1692 3170 regnum
1717 3096 1823 3151 Christi

1023 3205 1105 3262 quarn
1135 3205 1198 3245 cum
1227 3188 1353 3245 omnibus
1377 3187 1506 3244 claruerit
1529 3185 1667 3242 inimicis?
1696 3185 1821 3241 Dicendo

1023 3294 1099 3351 ergo,
1116 3280 1212 3348 donec,
1228 3278 1360 3347 majorem
1376 3275 1498 3332 excludit
1514 3273 1758 3330 manifestationem
1771 3290 1820 3328 re·

1023 3369 1079 3440 gni,
1096 3383 1151 3423 non
1165 3367 1325 3439 ampliorem
1338 3364 1565 3437 permanentiam.
1575 3363 1701 3420 ltaetiam
1716 3363 1822 3418 dictum

1023 3463 1080 3515 est:
1096 3458 1174 3514 Oculi
1184 3459 1276 3513 nostri
1290 3456 1433 3524 addeum,
1445 3455 1712 3510 mucamiscicutar
1725 3453 1822 3508 nostri

1023 3547 1110 3614 (Psoi.
1126 3549 1228 3617 cxxii).
1248 3546 1309 3600 Non
1325 3552 1355 3600 ut
1368 3551 1431 3600 tunc
1446 3551 1602 3599 avertantur
1612 3557 1675 3598 curn
1691 3541 1820 3596 misertus

1022 3634 1112 3702 luerit,
1140 3634 1188 3692 sed
1211 3642 1240 3689 ut
1261 3633 1328 3688 nihil
1355 3632 1470 3704 amplius
1494 3631 1640 3704 inquirant.
1664 3631 1738 3685 lutei·
1764 3629 1820 3684 alia

1021 3739 1089 3780 vero
1103 3730 1210 3781 constat
1226 3723 1299 3795 qnod
1322 3729 1348 3777 et
1363 3727 1525 3792 potestatem
1550 3718 1698 3774 suscitandi
1719 3718 1816 3773 habet.

176 3846 240 3903 dicit
254 3847 374 3917 maiores
390 3867 397 3914 3
417 3855 444 3904 et
458 3855 629 3920 potestatem,
646 3849 711 3906 dicit
734 3849 853 3906 minores
870 3870 876 3917 ;
894 3850 973 3908 virtu·
1022 3815 1100 3871 Unde
1116 3812 1207 3913 sfbdit
1223 3829 1230 3867 ²
1246 3810 1624 3910 N⁰vif⁸i⁹f²“““l⁶.m'hem¹.¹¹
1640 3815 1727 3906 mem
1742 3822 1820 3862 ⁶⁰¹⁰·

176 3942 240 4002 ‘em'
257 3935 319 3992 fflos
333 3935 380 4009 qui
394 3937 527 3994 mimula
542 3937 652 4004 facium,
670 3939 713 3995 vel
731 3938 815 3995 sones
829 3939 968 3996 homines·
1022 3903 1160 3959 mendatio
1175 3907 1384 3957 resurrectionis
1403 3907 1443 3955 est
1458 3898 1511 3952 hic.
1526 3896 1613 3966 Quasi
1632 3898 1719 3952 dicat:
1735 3896 1821 3951 blodo

176 4023 292 4098 [Haimol
308 4025 363 4081 Sed
377 4031 441 4081 tunc
456 4025 575 4082 cessabit
596 4027 684 4083 omnis
704 4035 836 4084 creaturae
849 4029 973 4100 praelatio
1023 4000 1120 4092 regn&
1134 3991 1267 4090 Chriffffl’
1278 3997 1316 4090 ,⁰⁸
1329 3997 1394 4045 ¹⁰⁰⁰
1407 3987 1541 4062 regmbss'
1564 3987 1641 4043 Tum
1663 3993 1754 4056 mne
1767 4001 1821 4040 ‘e‘

175 4112 204 4168 in
216 4113 322 4185 angelis
346 4120 373 4169 et
396 4115 551 4170 hominibus
569 4135 576 4184 ;
593 4117 712 4172 cessabit
731 4117 821 4186 timor,
847 4118 974 4191 regnabit
1023 4082 1126 4155 gmbn'
1144 4080 1193 4137 sed
1208 4089 1315 4135 mmmm
1330 4085 1436 4150 ⁰p⁰n⁰t
1451 4093 1514 4133 eum
1530 4091 1653 4148 ‘egum'
1675 4074 1727 4130 sed
1740 4089 1822 4130 mm
1920 4139 1921 4160 i

176 4200 304 4270 charitas,
321 4217 375 4258 non
390 4203 442 4258 erit
456 4203 528 4260 inter
541 4205 717 4276 presidentes
732 4215 759 4262 et
782 4206 905 4262 subditos
919 4207 972 4263 ulla
1022 4174 1149 4237 inimiffl'
1165 4170 1208 4227 ⁰¹¹1
1224 4169 1404 4269 iqimifflmuf’
1421 4167 1464 4223 vel
1479 4167 1539 4238 ipsa
1554 4165 1642 4236 mbis'
1655 4166 1820 4220 ‘mmm

175 4288 320 4346 dissensio.
351 4288 541 4365 [Augustinus]
563 4292 613 4349 Vel
636 4294 674 4349 ita
690 4312 696 4349 :
713 4295 780 4350 Cum
802 4295 1010 4366 evacuaveritn
1024 4262 1187 4326 'mmmm’
1204 4275 1266 4358 qiua
1280 4273 1336 4356 ¹¹⁰¹?
1350 4267 1398 4357 effi
1412 4256 1483 4328 ΨΜ
1495 4255 1818 4355 ᾳθειωθωῖἱροειᾳυψ

175 4379 973 4456 ommmfflmmummmmmmmfflm
1023 4340 1816 4448 mfflwaemwmmmmmmmmmm

174 4475 238 4524 ,unc
252 4477 346 4524 nomm
360 4468 412 4524 eri,
428 4469 564 4542 omnibus,
580 4471 647 4527 nihil
662 4472 758 4527 horum
772 4473 877 4544 aliquos
892 4480 974 4530 ,erre-
1023 4455 1078 4495 non
1091 4437 1275 4494 dissolventur
1290 4437 1423 4501 homines,
1449 4441 1518 4489 sicut
1541 4433 1661 4488 haeretici
1679 4431 1818 4485 arbitran-

174 4555 282 4614 nosvei
299 4557 569 4615 ooelesteshabuisse
585 4577 618 4616 ex
633 4561 782 4630 se,sedab
797 4562 852 4629 illo,
870 4578 903 4618 ex
919 4579 973 4636 quo
1024 4537 1075 4584 mr·
1135 4617 1140 4630 ,
1211 4617 1216 4630 ,
1350 4613 1397 4626 ..
1544 4611 1549 4622 ,
1799 4607 1805 4617 ,

174 4653 237 4702 suni
250 4647 352 4703 omnia,
1059 4619 1160 4673 Omnia
1170 4633 1257 4672 enini.
1274 4614 1358 4684 Quasi
1372 4614 1457 4670 dicat:
1470 4611 1570 4668 Omnia
1582 4618 1665 4682 ponet
1678 4609 1728 4664 suh
1742 4608 1820 4679 pedi·

1024 4707 1074 4763 bus
1091 4722 1097 4762 :
1115 4706 1187 4778 quod
1203 4704 1296 4776 utique
1312 4703 1418 4774 poterit,
1436 4701 1500 4773 quia
1514 4701 1652 4772 Scriptura
1666 4697 1818 4768 dicitquod

210 4770 972 4847 V⁸³⁸·²5·²⁸···⁰P⁰i⁸⁰²fluifmilfflmriilmfeid⁰fif⁶
1022 4796 1097 4852 Deus
1112 4796 1200 4862 Pater,
1218 4793 1333 4863 subjecit
1348 4792 1439 4848 omnia
1453 4791 1504 4846 sub
1519 4789 1634 4862 pedibus
1653 4789 1711 4858 ejus
1725 4788 1815 4853 (Psoi.

171 4862 366 4934 mmmmm
379 4861 512 4917 inimicos
529 4860 580 4917 sub
600 4862 716 4934 pudibus
731 4865 803 4935 ciui·
820 4867 972 4922 N⁰vi⁸iim0
1023 4885 1095 4956 vrri),
1112 4883 1139 4938 id
1153 4891 1195 4938 est
1209 4881 1319 4946 Christi,
1336 4889 1365 4936 ut
1379 4880 1459 4936 etiam
1473 4887 1587 4934 mortem
1610 4878 1741 4932 destruat.
1758 4875 1818 4944 (11)

175 4949 973 5028 autemtntmi'eadestroetormore.emotoentmsotjeett
1023 4971 1092 5030 Cum
1107 4987 1172 5028 vem
1186 4970 1233 5042 qui
1247 4969 1363 5040 subjecit
1372 4967 1464 5024 omnia
1478 4965 1537 5022 sine
1547 4965 1631 5022 dnbio
1641 4965 1747 5019 Patrem
1760 4961 1820 5018 iult

209 5127 244 5192 tit)
264 5127 424 5206 augutinus,
435 5139 509 5204 stipor
520 5130 593 5181 tono.
1057 5151 1113 5220 (μ)
1132 5153 1179 5216 pl„
1193 5153 1217 5202 in
1229 5150 1286 5203 eod,

221 5195 514 5274 bbfflwfflffl·
1056 5216 1344 5286 namnum.

221 5263 518 5341 amomum·
1072 5285 1340 5354 mmmmmm

222 5329 508 5408 fflfflwdmffl·
1071 5351 1342 5424 romaum.

210 5393 688 5461 unnnmwmmmmi

1022 2673 1076 2714 non
1090 2655 1207 2710 audeant
1221 2669 1324 2727 negare
1338 2652 1410 2726 quod
1436 2660 1541 2724 regnet,
1556 2668 1611 2723 quo
1635 2653 1749 2723 amplius
1761 2667 1816 2706 non
1920 2675 1921 2678 ¹
