3906 6056
174 165 241 220 asar
464 231 476 242 ,
838 158 942 217 aaran
970 153 1160 214 nauatam.
1318 185 1319 188 ε
1774 163 1854 218 assa

172 293 215 342 tur
237 302 364 356 summe,
395 286 459 361 quia
488 287 542 346 boa
565 285 750 360 principaliter
769 285 884 343 intendit
905 285 978 355 spo·
991 281 1103 344 saeua
1117 297 1187 338 unus
1202 280 1261 354 ipsa
1277 288 1319 338 εει
1334 281 1463 352 Trinitas,
1479 291 1510 340 at
1530 282 1569 341 sic
1586 283 1779 360 intelligamus
1795 301 1850 342 so-

173 373 268 440 stolus,
295 373 356 430 illos
380 391 502 443 monere,
530 383 559 431 ει
582 375 675 431 ειεειε
702 375 797 449 gratiae
831 372 882 431 Dei
901 371 978 427 attri-
1028 368 1085 424 lum
1100 371 1187 426 Deum
1202 370 1365 443 sapientem,
1384 373 1455 429 sicut
1475 372 1650 447 intelligimus
1673 374 1765 431 solum
1788 391 1848 446 po·

174 461 267 519 buant.
283 464 351 520 Dico
365 465 412 537 qui
426 473 524 537 potens
538 473 580 521 est
600 465 760 522 confirmare
781 479 848 528 vos,
864 469 891 518 ει
907 462 975 528 hoc,
1028 465 1140 525 tentam,
1156 459 1183 515 id
1206 467 1249 516 est
1272 461 1379 516 Patrem
1395 470 1421 518 ει
1446 461 1546 518 Filium
1570 471 1597 518 ει
1620 462 1750 535 Spiritum
1776 479 1847 518 sau-

168 553 578 624 juatalivanyetiammeum,
596 569 739 627 aquonon
754 552 977 622 discordatprae-
1028 556 1110 614 ctum,
1128 547 1174 619 qni
1189 556 1231 604 est
1246 565 1317 605 unus
1332 557 1358 606 et
1373 549 1448 606 solus
1473 552 1558 620 Deus,
1587 552 1631 608 cni
1652 552 1704 608 soli
1727 552 1846 608 servire

171 639 271 696 dicatio
288 641 397 710 Christi,
415 643 487 699 unde
502 642 593 699 subdit
610 660 617 698 :
633 642 826 699 disecundam
835 640 977 713 proedica-
1025 635 1163 705 jubemur.
1181 637 1210 693 si
1225 645 1316 694 tamen
1330 637 1443 696 dixisset
1469 640 1626 712 Apostolus,
1650 640 1700 697 soli
1715 639 1846 712 sapienti

173 729 279 786 tionem
294 732 361 787 iesu
378 730 494 787 Christi.
512 730 592 800 Quod
605 731 803 804 Evangelium,
820 745 881 801 quae
896 728 976 783 etiam
1028 724 1178 792 latrinae
1202 725 1226 780 ει
1244 733 1334 783 ιειιιεε
1352 736 1491 799 separaret
1514 729 1611 784 Filium
1634 730 1677 784 rel
1701 729 1845 801 Spiritum

171 818 398 889 praedicatioest,
412 820 568 876 secundnm
584 820 787 877 revelationem
797 818 926 890 mysterii
938 821 979 873 ta·
1028 820 1160 882 sanctum,
1176 813 1246 872 sicat
1268 815 1296 872 in
1322 817 1488 890 Apocalypsi
1512 817 1547 874 de
1565 817 1634 874 Filio
1652 818 1765 892 legitur,
1793 817 1844 889 qui

171 907 223 962 citi
237 908 352 963 camenis
368 910 558 980 temporibus,
573 908 602 963 id
617 914 657 964 est
681 907 832 964 secandum
847 907 975 978 quadra·
1029 902 1111 958 habet
1134 918 1234 958 nomen
1265 903 1396 976 scriptum
1420 905 1495 978 quod
1520 922 1600 962 nemo
1623 906 1674 962 scit
1696 905 1750 961 nisi
1775 906 1843 978 ipse

173 994 292 1050 velatum
315 1003 356 1050 est
380 996 447 1051 mihi
474 997 509 1052 de
531 996 638 1054 occulto
662 996 713 1051 Dei
733 995 869 1062 consilio,
893 1003 920 1050 et
942 994 977 1049 ab
1028 991 1475 1064 (Apoc.x1v).Nectdeotamen
1502 995 1599 1050 dicitur
1621 996 1700 1051 Peter
1725 995 1843 1050 nescire

172 1091 274 1140 aeterno
290 1083 381 1140 tacito.
398 1083 515 1157 [Haimo]
538 1086 648 1140 AEtema
669 1084 742 1140 enim
766 1092 888 1157 tempora
913 1083 979 1140 dicit
1028 1080 1080 1138 hoc
1095 1095 1204 1147 nomen,
1220 1097 1236 1136 a
1250 1096 1305 1153 quo
1320 1089 1362 1138 cst
1376 1081 1461 1138 Filius
1476 1083 1676 1154 inseparabilis.
1696 1083 1773 1140 Sicut
1790 1099 1842 1139 er-

173 1187 233 1243 quae
262 1179 466 1242 praecesserunt
498 1173 592 1228 mandi
617 1172 769 1229 exordium.
802 1173 869 1239 Vel,
904 1171 977 1245 quod
1027 1184 1064 1239 go
1079 1168 1129 1224 scit
1143 1168 1310 1242 Patarquod
1325 1185 1406 1226 nemo
1421 1170 1491 1228 scire
1505 1171 1594 1228 dictas
1609 1171 1721 1239 est,uisi
1736 1171 1840 1239 Filius,

172 1258 353 1332 Evangeliam
385 1268 426 1316 est
450 1261 599 1318 secundnm
627 1261 822 1318 revelationem
855 1260 977 1333 mysterii
1028 1256 1092 1328 quia
1106 1257 1303 1328 inseparabiles
1317 1267 1380 1314 sunt
1402 1259 1483 1316 Pater
1507 1269 1533 1316 et
1546 1259 1642 1327 Filius,
1658 1260 1698 1317 sio
1712 1260 1799 1316 ctiam
1817 1260 1841 1314 si

173 1347 246 1403 taciti
261 1347 369 1404 aeternis
386 1349 564 1421 temporibus,
589 1349 618 1405 id
632 1358 673 1406 εει
692 1349 794 1406 revelat
807 1349 897 1422 ipsum
910 1367 972 1422 my·
1027 1345 1130 1402 dictum
1144 1355 1216 1402 esset
1238 1347 1290 1402 soli
1314 1347 1429 1419 sapienti
1450 1348 1535 1416 Patri,
1560 1348 1640 1404 simul
1653 1349 1769 1423 intelligi
1786 1351 1842 1404 de-

171 1436 284 1492 sterium
307 1437 449 1494 taciturna
467 1437 560 1495 mundi
584 1439 706 1495 exordio.
731 1439 888 1512 llysterium
910 1438 976 1495 dicit
1028 1434 1105 1491 beret
1120 1435 1203 1491 etiam
1223 1435 1307 1492 Filius
1322 1444 1349 1493 et
1362 1437 1479 1508 Spiritus
1495 1445 1616 1506 sanctus,
1634 1439 1697 1510 quia
1719 1439 1839 1510 insepa-

171 1523 387 1582 incarnationcm
403 1526 501 1583 Christi
515 1535 542 1584 et
557 1535 654 1584 caetera
677 1527 750 1596 talia,
776 1543 837 1600 qnae
865 1527 977 1584 aeternis
1028 1523 1130 1580 nabiles
1144 1531 1217 1580 sunt.
1234 1524 1303 1581 Dico
1318 1525 1392 1598 quod
1405 1527 1565 1598 mysterium
1591 1524 1757 1598 patefactum
1779 1535 1837 1594 εει,

174 1613 341 1702 temporibus
368 1623 448 1671 erant
471 1615 642 1684 abscondita,
665 1615 727 1689 quia
751 1616 814 1673 licet
833 1632 866 1672 ex
885 1615 976 1688 aliqua
989 1642 1016 1702 B
1028 1620 1054 1668 et
1069 1613 1122 1669 hoc
1130 1629 1183 1686 per
1192 1615 1287 1671 tesam
1298 1614 1444 1671 Christum
1454 1617 1512 1682 cui,
1521 1615 1625 1673 scilicet
1633 1616 1685 1672 soli
1695 1617 1765 1683 Deo,
1775 1616 1836 1682 rel,

171 1709 250 1772 parte
264 1703 383 1776 antiquis
414 1704 539 1760 Patribus
560 1705 669 1777 cognita
689 1703 813 1774 luissent,
836 1705 917 1776 plene
938 1712 976 1760 ta·
1026 1701 1080 1769 cui,
1098 1701 1201 1758 scilicet
1216 1702 1334 1771 Christo,
1346 1711 1387 1759 est
1402 1702 1632 1773 henor,anobis,
1643 1708 1672 1761 et
1685 1705 1789 1776 gioria,
1808 1705 1839 1760 in

173 1806 235 1846 men
251 1790 357 1847 anullo
371 1790 481 1849 inerunt
504 1794 638 1865 praescita,
664 1809 806 1866 quousque
830 1810 880 1849 suo
904 1801 974 1850 tem·
1025 1791 1134 1861 saecula,
1150 1791 1215 1863 quia
1233 1791 1293 1862 ipse
1315 1799 1357 1847 εει
1376 1807 1443 1848 vera
1465 1792 1564 1866 gloria,
1587 1801 1613 1848 ει
1637 1792 1789 1862 beatitudo,
1809 1801 1838 1849 et

174 1881 404 1952 poreperlesum
430 1880 564 1937 Christum
587 1889 651 1937 sunt
674 1882 802 1949 revelata,
828 1881 974 1954 scripturis
1024 1895 1160 1935 summum
1180 1881 1292 1949 bonurn,
1309 1889 1336 1936 ει
1350 1881 1412 1948 hoo,
1428 1881 1459 1937 in
1474 1883 1581 1939 saecuta
1604 1883 1789 1950 senatoriam,
1804 1883 1835 1938 id

172 1955 367 2040 prophetarum
383 1969 417 2024 ab
432 1984 465 2026 eo
485 1970 625 2038 reseratis,
642 1970 827 2026 testimonium
847 1971 975 2026 dantibus
1024 1977 1065 2024 εει
1080 1969 1139 2026 ειεε
1153 1968 1216 2025 tine.
1232 1971 1304 2026 Ecce
1317 1977 1457 2026 ostensam
1468 1970 1688 2043 quomodoei,et
1703 1974 1760 2040 cui,
1772 1971 1834 2045 legi

175 2055 238 2112 huic
270 2056 469 2127 praedicationi,
496 2065 522 2113 at
541 2059 594 2115 hoc
610 2067 651 2115 εει
675 2059 749 2131 quod
771 2059 859 2116 dicit:
886 2060 971 2129 Quod,
1024 2057 1139 2128 possint.
1164 2057 1280 2126 Quidam
1307 2066 1400 2113 eutem
1425 2059 1519 2132 legunt
1541 2058 1601 2115 sine
1619 2060 1672 2127 cni,
1689 2060 1712 2114 si
1736 2067 1834 2115 autem

177 2144 333 2216 mysterium
345 2148 524 2217 patefactum
537 2151 580 2204 est
594 2147 728 2203 aChristo
739 2164 792 2220 per
813 2147 974 2221 Scripturas
1024 2145 1133 2202 auleras
1147 2146 1200 2213 aui,
1214 2147 1340 2202 absoluta
1361 2155 1402 2202 est
1425 2147 1523 2214 lectio,
1540 2147 1589 2203 sed
1613 2148 1710 2203 beatas
1733 2151 1834 2222 Augu·

172 2231 387 2308 prophetarum,
404 2242 542 2292 reseratas
557 2236 592 2290 ab
606 2252 649 2292 eo.
665 2237 832 2292 Patefactum
846 2244 887 2291 cst
901 2237 971 2302 dico,
1025 2233 1110 2290 atinus
1124 2233 1190 2290 dicit
1205 2235 1315 2306 apponi,
1332 2243 1358 2290 et
1373 2236 1454 2290 tradit
1476 2236 1612 2308 quomodo
1636 2235 1718 2292 debet
1741 2235 1833 2308 accipi

172 2329 201 2376 ει
214 2322 267 2378 hoc
282 2323 439 2379 seeundum
452 2329 637 2397 praeceptum,
654 2325 682 2380 id
693 2333 733 2380 εει
744 2325 973 2396 dispensationem
1024 2331 1121 2379 utnon
1151 2323 1310 2395 superfluat,
1337 2332 1362 2380 et
1383 2324 1451 2398 legit
1469 2324 1523 2380 alio
1546 2325 1628 2381 modo
1647 2341 1726 2398 quam
1751 2326 1833 2397 prius

170 2411 344 2481 aeternillei,
362 2412 408 2484 qni
422 2413 457 2468 ab
471 2422 574 2469 aeterno
597 2415 650 2470 hoa
674 2414 816 2484 ordinarit,
837 2413 913 2487 quasi
928 2414 972 2469 di·
1023 2411 1192 2480 dictumest,
1209 2412 1248 2468 ειε
1265 2427 1271 2468 :
1288 2413 1322 2468 lii
1335 2417 1442 2468 nutem.
1459 2413 1544 2483 Quasi
1561 2414 1634 2471 dicat
1649 2432 1656 2468 :
1672 2415 1772 2470 Potens
1787 2423 1833 2470 εει

170 2505 222 2570 cat,
238 2514 292 2555 non
308 2509 350 2555 est
363 2499 466 2557 lictum.
490 2501 569 2558 Solus
584 2503 656 2559 Deus
671 2503 782 2574 proprie
797 2509 913 2558 aetcmus
927 2503 972 2557 di·
1023 2516 1073 2556 vos
1088 2499 1250 2556 confirmare
1266 2507 1295 2556 ot
1309 2501 1412 2558 scilicet
1427 2502 1485 2558 Deo
1500 2502 1583 2570 Patri,
1600 2502 1643 2558 rel
1664 2503 1721 2558 Deo
1736 2503 1830 2558 Trini-

171 2587 251 2644 oitur.
267 2589 342 2660 (382)
358 2589 462 2646 Dicitur
477 2599 567 2646 autem
582 2599 609 2647 et
622 2591 695 2665 ignis
708 2599 836 2660 aeternus,
851 2598 879 2646 ει
892 2607 972 2662 poena
1024 2589 1081 2644 tati.
1102 2590 1202 2644 Potens
1217 2596 1259 2644 est
1273 2589 1343 2658 dico,
1356 2592 1446 2662 jacta
1464 2592 1648 2662 Evangelium
1670 2607 1777 2659 meam,
1796 2597 1828 2647 et

169 2683 282 2742 aeterna,
300 2677 349 2732 sed
373 2693 427 2734 non
448 2678 518 2734 sicut
532 2680 605 2735 Deus
628 2679 727 2736 dicitur
750 2688 877 2736 aeternus.
898 2680 972 2754 Ignis
1021 2677 1322 2750 praedicationemiesa
1334 2678 1447 2746 Christi,
1456 2680 1612 2736 secundum
1623 2681 1827 2738 revelationem

171 2763 243 2820 enim
258 2764 357 2820 dicitur
371 2775 500 2834 aeternus,
523 2783 556 2823 eo
580 2768 651 2840 quod
676 2767 734 2824 sinc
758 2766 812 2825 fine
834 2768 892 2836 sit3
918 2784 972 2825 non
1022 2767 1153 2839 mysterii
1163 2767 1333 2840 temporibus
1343 2768 1458 2824 aeternis
1470 2769 1562 2824 taciti.
1575 2769 1640 2825 Haec
1649 2785 1704 2825 non
1718 2777 1828 2824 mutan-

172 2861 213 2909 ast
228 2861 319 2908 tamen
333 2853 392 2910 sine
405 2854 491 2925 initio,
506 2856 580 2912 Deus
593 2863 684 2913 autem
709 2857 788 2912 etiam
805 2858 863 2916 sine
882 2858 969 2915 initio.
1023 2863 1076 2911 tur.
1092 2855 1167 2925 (ast)
1196 2855 1271 2925 Quod
1287 2856 1446 2928 mysterium
1465 2873 1543 2914 nanc
1568 2859 1748 2930 patefactum
1769 2862 1825 2925 est,

172 2941 221 2997 llle
233 2949 276 2998 est
290 2958 359 3016 crgo
372 2959 436 3000 vera
450 2945 596 3010 aeternitas,
612 2961 673 3018 qna
687 2953 728 3001 est
743 2962 807 3002 vera
830 2947 969 3004 immorta·
1022 2959 1071 3015 per
1086 2943 1214 3014 Spiritum
1226 2951 1349 3000 sanctum
1363 2944 1406 3000 rel
1420 2961 1470 3016 per
1484 2945 1630 3001 Christum.
1645 2946 1678 3002 Et
1693 2945 1755 3015 boc,
1773 2963 1829 3019 per

169 3031 242 3088 litas.
259 3033 315 3089 llac
339 3041 380 3088 est
399 3033 444 3088 illa
467 3050 572 3090 summa
595 3034 861 3102 incommutabilitas,
888 3053 970 3110 quam
984 3009 1008 3070 Ο
1020 3033 1182 3105 Scripturas
1197 3033 1394 3104 prophetarum
1411 3032 1561 3089 secundum
1581 3041 1747 3106 praeceptum
1761 3035 1825 3102 Dei,

171 3121 246 3176 solus
261 3123 336 3178 Deus
349 3123 432 3178 hahet
447 3122 494 3195 qui
504 3123 640 3178 immutari
663 3124 774 3180 omnino
798 3141 852 3181 non
871 3135 969 3198 potest.
1022 3121 1058 3177 ad
1065 3121 1250 3179 obeditionem
1260 3122 1327 3192 fidei
1334 3125 1365 3178 in
1376 3125 1488 3180 cunctis
1502 3121 1633 3195 pentibus
1644 3125 1760 3195 cogniti,
1777 3125 1827 3179 eui

170 3209 250 3266 Aliud
266 3219 306 3266 est
321 3210 392 3266 enim
408 3210 510 3283 aliquid
526 3227 580 3267 non
593 3212 701 3278 mutari,
728 3229 788 3270 cam
812 3214 898 3286 possit
912 3232 971 3271 mu·
1022 3211 1076 3266 soti
1089 3212 1214 3283 sapienti
1228 3212 1374 3267 Deo.'Haec
1389 3226 1443 3266 non
1457 3219 1604 3267 mutantur.
1624 3211 1683 3276 Cui,
1701 3212 1824 3285 inquam,

170 3297 220 3353 tari
237 3316 243 3364 ;
259 3299 334 3354 aliud
349 3306 438 3355 autem
454 3315 508 3356 non
523 3315 604 3372 posse
625 3316 740 3372 prorsus
764 3303 872 3358 mutari.
897 3304 972 3360 Sicut
1021 3297 1049 3353 id
1063 3306 1105 3354 est
1119 3300 1178 3354 Deo
1193 3297 1323 3365 Trinitati,
1340 3299 1383 3356 val
1398 3300 1456 3355 lieo
1472 3298 1543 3354 Patri
1556 3301 1596 3356 sit
1611 3300 1700 3357 honor
1714 3305 1742 3358 et
1764 3303 1825 3372 glo·

169 3401 236 3458 ergo
251 3386 350 3442 dicitur
365 3388 447 3443 homo
461 3388 548 3443 honus
562 3403 618 3444 non
632 3397 723 3444 tamen
743 3389 812 3447 sicut
837 3392 921 3457 Deus,
937 3393 972 3448 de
1021 3388 1067 3443 m'a
1076 3388 1230 3459 pertesum
1242 3387 1396 3455 Christum,
1406 3390 1453 3444 cui
1460 3404 1522 3444 enm
1533 3387 1623 3445 honor
1637 3388 1749 3454 anobis,
1760 3390 1824 3460 qlo-

171 3491 226 3547 quo
239 3473 393 3530 dictumest
409 3477 510 3532 :Nemo
520 3473 608 3533 bonas
618 3478 676 3533 nisi
689 3479 765 3535 solus
776 3480 847 3535 Deus
858 3479 969 3550 (Μειιιι.
1021 3475 1059 3529 ria
1074 3475 1101 3529 in
1116 3476 1225 3531 saecula.
1243 3474 1323 3544 Quod
1333 3477 1442 3533 additur
1454 3478 1496 3534 aui
1505 3477 1602 3550 gloria,
1614 3493 1676 3533 curn
1686 3477 1825 3534 sufficeret

171 3563 243 3636 arx),
257 3563 362 3620 etsicut
376 3564 475 3622 dicitnr
493 3565 586 3620 anima
605 3565 776 3636 immortalis,
803 3584 857 3622 non
882 3576 971 3625 tamen
1021 3563 1150 3636 eigloria,
1162 3564 1513 3640 inusitataenostraelingaae
1524 3566 1685 3634 estloautio,
1697 3581 1826 3622 nonsen-

172 3652 242 3710 sicut
257 3654 340 3723 Deus,
357 3653 392 3709 de
407 3653 571 3725 qaodictnm
587 3663 629 3711 εει
645 3655 741 3713 :Solus
758 3656 839 3713 habet
855 3659 971 3714 immor·
1021 3669 1068 3708 sas
1081 3652 1235 3725 ambiguus.
1252 3652 1328 3709 ldern
1343 3664 1384 3710 cst
1399 3654 1471 3712 enirn
1486 3655 1589 3723 dicere,
1615 3655 1710 3712 ordina
1732 3655 1823 3712 inusi-

174 3744 320 3800 tatitatem
336 3743 362 3814 (l
387 3745 455 3799 Tim.
480 3743 530 3814 vr).
557 3744 591 3799 Et
613 3743 681 3800 sicut
703 3745 786 3800 homa
808 3745 905 3801 dicitur
927 3762 971 3802 sa-
1020 3749 1075 3797 tato
1092 3741 1249 3808 verborum,
1264 3742 1290 3798 ει
1310 3742 1408 3814 gloria,
1434 3759 1483 3815 per
1504 3744 1599 3800 lesum
1616 3743 1751 3800 Christum
1775 3744 1821 3800 cui

169 3831 258 3902 piens,
275 3838 431 3888 nontamen
455 3832 526 3888 sicut
547 3832 630 3900 Dens,
646 3832 681 3888 dc
704 3849 758 3905 quo
782 3833 883 3890 dictum
903 3843 969 3891 est:
1021 3839 1062 3886 εει
1075 3829 1172 3904 gloria,
1193 3830 1267 3902 quod
1282 3830 1380 3888 usitato
1394 3831 1489 3888 ordine
1508 3832 1600 3889 dicere
1615 3833 1640 3888 ει
1654 3832 1751 3905 gloria,
1777 3834 1824 3890 cui

171 3920 230 3977 Soti
243 3921 368 3992 sapienti
386 3923 464 3989 Deo;
489 3919 528 3975 sic
549 3920 647 3977 dicitur
668 3921 740 3994 ignis
764 3929 899 3990 aeternus,
916 3939 969 3980 non
1020 3936 1070 3991 per
1084 3920 1178 3976 lesum
1188 3919 1324 3976 Christum
1332 3929 1374 3976 est
1388 3919 1485 3994 gloria.
1499 3920 1570 3990 Quid
1581 3921 1654 3978 enim
1669 3921 1763 3978 sensui
1777 3922 1824 3978 de·

170 4017 260 4065 ιειεεε
293 4009 361 4066 ειεει
384 4011 467 4076 Deus,
498 4009 575 4079 cujus
596 4009 680 4066 solius
701 4010 887 4067 immortalitas
911 4012 970 4084 ipsa
1019 4007 1089 4080 perit
1103 4007 1161 4064 sive
1176 4009 1228 4065 hoc
1243 4008 1300 4064 sive
1315 4008 1362 4066 illo
1376 4009 1601 4066 mododicaturi
1615 4011 1668 4066 Per
1682 4009 1823 4068 Christum

169 4105 211 4154 est
225 4113 291 4154 vera
302 4098 448 4153 aeternitas.
460 4098 502 4155 Ad
511 4097 706 4156 obeditionem.
717 4098 802 4168 Quasi
813 4101 883 4156 dicat
900 4103 970 4158 :Pa·
1019 4112 1086 4154 vero
1101 4105 1144 4153 εει
1157 4096 1231 4152 Ρειιι
1244 4097 1341 4169 gloria,
1357 4098 1384 4154 id
1400 4107 1441 4154 est
1455 4098 1531 4155 clara
1553 4115 1615 4155 cum
1637 4098 1719 4155 laude
1746 4100 1821 4155 noti-

168 4185 299 4242 tctactum
329 4192 369 4241 est
392 4185 458 4241 illud
488 4187 666 4258 mysterium3
683 4195 710 4243 et
728 4189 790 4258 hoc,
805 4189 837 4244 in
858 4192 970 4248 cunctis
1020 4185 1056 4241 tia
1070 4185 1133 4258 quia
1146 4201 1197 4258 per
1211 4202 1272 4242 eum
1292 4186 1409 4243 innotuit
1432 4187 1587 4243 hominibus
1605 4188 1678 4244 Dens
1691 4187 1821 4256 Trinitas,

168 4275 300 4346 pentibus
315 4274 352 4330 ad
363 4275 558 4331 obeditionem.
570 4275 621 4331 Vel
633 4277 669 4332 ad
683 4275 876 4346 obediendum,
887 4278 915 4333 id
927 4287 969 4335 εει
1019 4274 1091 4348 quod
1105 4282 1146 4330 εει
1160 4274 1320 4347 mysterium
1334 4275 1444 4332 tacitum
1460 4275 1496 4331 ab
1510 4275 1619 4332 aeternis
1638 4275 1818 4347 temporibus,

167 4371 196 4419 ut
208 4362 341 4419 obediant
354 4363 421 4432 fidei
436 4363 505 4420 bene
521 4364 669 4436 operando.
977 4367 1003 4428 D
1019 4363 1091 4436 quod
1106 4379 1157 4434 per
1170 4363 1307 4419 Christum
1323 4364 1472 4420 revelatum
1488 4371 1541 4420 est.
1556 4365 1636 4434 Quod
1651 4379 1720 4437 ergo
1735 4365 1821 4421 inter-

203 4451 271 4508 Dico
287 4451 408 4524 mysterii
424 4453 519 4518 tacite
536 4452 629 4524 utique
651 4452 712 4508 eliis
726 4453 775 4509 sed
798 4455 905 4528 cogniti
919 4455 970 4511 soli
1019 4451 1138 4523 positum
1152 4459 1193 4507 εει
1206 4453 1361 4523 pertesum
1380 4453 1529 4521 Christum,
1550 4468 1606 4509 non
1628 4453 1709 4510 debet
1731 4454 1822 4526 accipi

167 4540 284 4612 sapienti
297 4541 367 4608 Deo,
385 4540 456 4612 qaia,
474 4541 524 4596 etsi
539 4541 622 4597 modo
637 4542 672 4597 sit
690 4542 845 4598 hominibus
861 4544 970 4600 revela·
1019 4547 1148 4613 tanquam
1163 4539 1267 4597 dicatur
1281 4541 1332 4597 soli
1347 4540 1461 4612 sapienti
1475 4542 1533 4598 Deo
1548 4557 1598 4614 per
1624 4543 1718 4598 lesum
1736 4541 1819 4596 Chri-

166 4635 223 4684 tum
237 4644 300 4685 cum
314 4628 366 4685 soli
381 4630 440 4685 Deo
455 4629 594 4703 cognitum
619 4638 659 4686 εει
683 4629 730 4702 qui
753 4630 826 4686 solas
849 4631 969 4703 perfecte
1019 4636 1101 4694 stum,
1125 4635 1154 4683 ut
1177 4628 1281 4685 scilicet
1299 4629 1373 4686 Deus
1407 4628 1481 4685 solus
1501 4628 1612 4701 sapiens
1639 4645 1689 4702 per
1723 4630 1819 4686 lesum

164 4718 248 4784 novit,
264 4732 314 4772 cur
328 4717 366 4772 itu
381 4716 483 4774 iactum
499 4720 565 4774 εειι
580 4720 609 4774 ln
621 4735 674 4791 qno
687 4713 811 4790 riprimit
823 4719 969 4792 inquisito·
1019 4716 1157 4772 Christum
1178 4717 1287 4789 sapiens
1308 4732 1369 4773 essa
1391 4716 1567 4791 intelligatur,
1585 4734 1641 4774 non
1654 4717 1820 4791 participan-

165 4821 210 4862 rcs
224 4805 270 4879 qui
292 4814 417 4877 ειιιειεει
444 4822 493 4861 εει
516 4814 620 4862 tantum
641 4807 745 4863 distulit
766 4808 840 4864 Deus
864 4808 967 4876 venire,
1018 4805 1053 4861 do
1068 4806 1117 4862 sed
1131 4805 1272 4890 gignendo
1286 4805 1458 4878 sapientiam,
1475 4822 1536 4878 qaae
1560 4815 1602 4863 est
1622 4806 1746 4863 Christus
1769 4808 1818 4863 Je-

164 4910 215 4952 cur
228 4901 268 4950 tot
278 4901 377 4966 gentes
392 4895 482 4965 perire
501 4896 635 4966 permisit.
662 4898 693 4951 ln
715 4897 767 4952 hoc
782 4904 873 4952 autern
894 4898 968 4970 quod
1018 4910 1074 4960 sus,
1092 4895 1141 4950 sed
1156 4893 1247 4965 potius
1262 4894 1300 4951 ita
1322 4894 1403 4950 debat
1426 4894 1515 4967 accipi
1535 4905 1566 4950 ut
1583 4895 1750 4970 intelligatur
1769 4913 1820 4968 per

166 4983 212 5054 ait,
234 4983 287 5040 soli
317 4983 434 5055 sapienti
456 4983 524 5054 Deo,
550 4999 626 5040 error
649 4984 810 5058 quibusdam
835 4986 966 5058 subrepit,
1016 4984 1110 5039 lesum
1124 4983 1262 5040 Christum
1277 4983 1364 5055 gloria
1380 4999 1441 5040 esse
1456 4983 1507 5040 soli
1534 4983 1649 5056 sapienti
1663 4985 1731 5041 Deo.
1749 4983 1817 5054 Quis

164 5073 239 5145 (383)
263 5072 461 5128 arbitrantibus
482 5072 526 5128 hic
550 5072 637 5128 solum
665 5074 773 5129 Patrem
797 5073 965 5145 significari,
1017 5072 1089 5128 enim
1105 5072 1204 5127 audeat
1218 5072 1312 5130 dicere
1325 5074 1481 5144 pertesum
1506 5072 1644 5129 Christum
1666 5072 1725 5128 lieri
1740 5083 1768 5129 ut
1782 5074 1819 5130 sit

163 5169 190 5217 et
211 5161 299 5218 solum
325 5177 390 5218 vere
408 5160 559 5233 sapientem
583 5170 840 5227 csse,cumtamen
861 5164 968 5219 nonsit
1017 5161 1128 5232 sapiens
1150 5162 1222 5217 Deus
1253 5163 1342 5228 Pater,
1375 5177 1437 5217 cnm
1462 5162 1613 5218 secundum
1636 5161 1818 5220 substantiam

164 5248 265 5306 dictum
282 5250 333 5306 soli
350 5250 465 5322 sapienti
480 5251 561 5318 Patri,
578 5251 627 5306 sed
651 5250 703 5306 soli
726 5251 842 5324 sapienti
856 5253 924 5321 Deo,
941 5260 967 5309 et
1016 5264 1095 5306 suam
1109 5265 1164 5305 non
1179 5249 1356 5306 dubitandum
1371 5249 1405 5304 sit
1419 5266 1480 5306 cam
1496 5249 1648 5322 sapientem
1661 5253 1748 5308 essai
1766 5267 1818 5328 po-

210 5426 271 5492 582)
292 5429 454 5496 augustanus,
466 5431 500 5484 lte
512 5432 600 5484 natura
611 5431 679 5484 boni.
1053 5423 1125 5493 (333)
1145 5427 1194 5494 ld.,
1207 5425 1446 5481 contrastantum.

209 5493 275 5560 333)
292 5494 340 5558 ld,
354 5499 439 5549 contra
450 5498 593 5551 ltaxtnmm.
