3866 6176
141 2 213 38 ιιιι.
250 8 252 10 -
301 1 352 40 ι.
384 0 738 57 ·ᾳιιιε,εε.,εοι,ιι
787 6 791 15 ·
832 5 837 15 ·
885 0 933 31 ιι-
990 1 1207 59 ima,eacquu
1234 4 1312 43 smu
1342 1 1464 46 ‘manen
1493 7 1620 63 mauce»
1650 1 1783 62 ac,·pui-

135 72 222 128 stolus
249 72 390 129 scientiam
413 73 594 144 spiritualium
617 89 678 146 quie
701 73 791 138 docet,
809 69 834 126 et
849 71 932 141 spiri·
984 74 1048 129 dam
1064 79 1163 131 autem
1178 76 1368 132 dormierunt.
1390 77 1495 134 Deinde
1510 79 1586 135 visus
1610 83 1652 134 est
1675 79 1784 146 laceto,

132 161 244 217 tualiter
269 161 371 218 debere
399 161 514 235 intelligi
531 162 631 228 sciens,
655 161 702 226 ait,
717 163 743 216 si
762 160 833 233 pair.
849 157 934 227 Quasi
986 163 1232 237 deiudeapostalis
1244 165 1382 222 omuibus.
1394 167 1649 224 Naebsimeautem
1658 167 1786 223 emnium

130 251 212 307 dicat:
242 251 344 306 Tenete
373 251 446 322 quod
475 251 539 316 dixi,
556 258 583 306 et
611 249 793 320 spiritualiter,
814 255 841 303 et
868 263 933 303 vere
986 255 1122 324 tauquam
1137 253 1261 310 abortivo
1277 255 1354 310 uisus
1369 255 1507 310 estruilii.
1531 257 1589 328 Spe
1616 256 1693 312 enim
1722 271 1786 311 sum

132 341 192 396 haec
206 338 358 412 intelligite.
378 341 410 394 Et
425 339 478 395 hoc
492 347 532 394 est
547 338 619 410 quud
634 337 680 405 ait,
697 337 720 392 si
744 337 805 408 quis
826 335 934 392 ridetur
983 341 1121 396 minimus
1136 343 1327 414 apostolarum
1343 385 1350 408 ,
1366 345 1413 416 qui
1426 359 1485 399 aaa
1499 359 1562 400 sum
1576 344 1678 415 dipaus
1693 343 1787 400 vocari

131 429 265 499 propbeta
282 443 352 494 esse,
370 435 416 483 aut
428 426 587 498 spiritualis,
604 426 631 481 id
641 433 683 481 εει
692 425 715 480 si
730 425 791 497 quis
805 431 845 480 εει
860 423 934 496 quod
984 430 1142 500 apostolus,
1158 431 1292 502 quoniam
1306 436 1472 503 persecutus
1482 448 1546 488 sum
1556 433 1712 488 Ecclesiam
1726 433 1785 488 Dei.

129 516 245 582 videtur,
262 525 418 588 eognoscat,
430 516 458 572 id
472 525 513 572 est
527 531 593 572 vere
608 523 634 570 et
648 513 822 586 spiritualiter
832 511 928 568 iutelli-
1019 537 1124 593 Notum
1139 539 1247 592 autem·
1263 536 1443 611 [Ambrosius]
1458 537 1547 593 Finito
1561 545 1674 594 ,metam
1688 537 1722 594 de
1738 538 1786 593 do,

131 614 189 677 Siir
217 621 278 677 ‘luae
295 606 385 661 sciib⁰
408 604 496 673 ιοΜὸι
522 604 586 677 ‘liii
612 619 677 660 We
692 601 841 674 spirim&
856 607 928 656 mi·
984 625 1026 680 nis
1041 624 1157 696 Spiritus
1182 624 1277 690 saneti,
1294 625 1350 698 agit
1374 626 1408 681 de
1429 627 1631 683 resurrectione
1660 634 1784 683 mortuo-

131 693 184 748 Per
199 694 251 750 lioa
266 694 352 749 innuit
366 693 485 750 difficilia
500 709 561 749 esse
571 693 655 748 rerba
664 691 855 762 Epistularum,
866 703 930 745 cuni
984 730 1055 770 mm·
1072 713 1130 769 Hac
1153 713 1246 786 mique
1256 729 1348 780 causa,
1360 714 1424 786 quia
1434 716 1564 786 cumipso
1578 715 1693 771 docente
1709 723 1785 772 recte

131 797 149 836 ⁸
175 783 309 853 l³l⁰l¹hela
336 782 379 838 Vel
407 781 539 854 spiiifflili
556 781 633 852 ι’ιώθῑ
660 778 800 852 ⁰⁰8¹¹⁰⁵⁰5·
826 777 883 850 (⁹4)
898 779 930 832 Ei
983 802 1162 860 credidissent
1171 801 1255 868 daea,
1267 810 1360 874 postea
1376 811 1466 859 tamen
1484 804 1657 876 quorundam
1667 801 1786 861 109

130 878 195 926 nata
205 871 278 942 quod
293 871 339 938 ait,
356 871 379 925 si
396 871 458 943 quis
473 871 581 927 videtur
595 870 731 942 propbeta
746 875 791 923 aut
805 865 934 938 spiritua·

129 959 173 1026 lis,
190 960 263 1031 quod
278 959 371 1031 utique
386 975 440 1015 nen
461 966 512 1026 est,
529 960 552 1014 si
567 975 622 1015 nou
636 958 671 1012 ita
693 973 754 1013 esse
775 955 926 1027 cognoscit.

129 1045 183 1116 Qui
205 1048 278 1103 euim
301 1065 367 1105 vere
386 1057 436 1115 εει,
460 1049 497 1104 ita
512 1064 573 1104 esse
591 1045 741 1120 cognoscit.
757 1046 792 1100 Et
806 1044 868 1100 ideo
883 1058 932 1099 co-

982 889 1159 963 praviloquiis
1174 891 1294 962 corrupti
1308 890 1342 946 ab
1357 891 1407 948 hac
1422 891 1475 948 fide
1497 899 1676 949 recesserant.
1694 893 1785 964 ipsam

984 994 1051 1053 ergo
1079 977 1195 1034 futuram
1234 979 1333 1050 probat
1360 981 1448 1053 primo
1475 998 1526 1054 per
1553 980 1783 1038 resurrectionem

984 1068 1095 1138 Christi,
1106 1066 1205 1124 deinde
1218 1083 1270 1139 per
1292 1067 1344 1124 alia
1359 1069 1452 1126 multa.
1470 1069 1553 1141 Quasi
1564 1071 1651 1128 dicat:
1670 1072 1710 1128 De
1725 1069 1784 1142 spi-

130 1144 246 1208 g¹¹0⁵⁰ii
275 1137 338 1209 quia
352 1137 461 1193 D⁰¹¹¹i¹¹i
480 1144 543 1192 suni
562 1135 699 1192 mindaii·
716 1133 745 1190 Si
764 1132 825 1232 quis
841 1138 932 1188 autem
946 1157 1126 1226 Britualibus
1140 1156 1282 1229 hucusque
1296 1157 1386 1226 docui,
1399 1161 1448 1216 sed
1462 1160 1554 1228 modo,
1575 1176 1592 1216 o
1609 1161 1726 1232 fratres,
1737 1161 1786 1232 sa-

131 1225 190 1280 haec
220 1223 336 1298 simiai
364 1227 546 1299 igmfflbiiiff·
576 1226 638 1280 Νοιι
666 1223 701 1280 (¹⁰
729 1222 855 1278 ⁰¹⁰¹¹¹b¹¹⁸
871 1236 932 1291 ΨΜ
983 1248 1027 1304 cio
1071 1246 1148 1302 υοιιε
1185 1249 1288 1300 uotum
1311 1247 1496 1319 Eaaapelium
1524 1249 1558 1305 de
1587 1247 1787 1304 resurreetione

134 1313 253 1383 scripsit,
283 1313 348 1370 dicit
375 1316 433 1370 haec
448 1313 605 1385 Apostolus,
631 1321 761 1384 tanquam
784 1309 839 1408 isti¹
850 1323 932 1380 poeria
982 1343 1163 1402 mortuorum,
1181 1334 1252 1407 quod
1264 1333 1321 1403 jam
1335 1336 1490 1407 praedrmvp
1504 1336 1591 1394 voca.
1606 1335 1781 1406 Quasidjffip

133 1399 186 1499 Sim
200 1401 240 1455 iffi
262 1401 410 1501 plectendi,
425 1403 472 1474 qui
486 1418 542 1458 ¹¹⁰⁰
556 1402 648 1500 valen}
661 1400 818 1500 ᾆίὸῧθῖῃθῗθ
832 1395 931 1496 Ῑῦθῷἶ
981 1425 1043 1480 Νοιι
1059 1431 1100 1479 εει
1123 1437 1234 1490 novum,
1251 1423 1324 1496 quad
1351 1429 1380 1480 et
1395 1427 1556 1498 accepistis,
1572 1425 1599 1481 id
1615 1432 1656 1482 εει
1670 1424 1785 1498 dignum

133 1490 215 1544 bilem
243 1491 380 1546 Trinitatis
408 1491 546 1546 unitatem.
582 1489 676 1545 Pusilli
704 1503 818 1544 enimin
834 1486 932 1542 Christi
982 1513 1140 1585 acceptione
1162 1510 1317 1581 judicasti³3
1333 1516 1364 1570 in
1383 1530 1436 1588 quo
1451 1520 1479 1571 a
1498 1515 1592 1580 spatis,
1609 1514 1637 1568 jd
1651 1521 1693 1569 ΘΒ,
1714 1521 1787 1569 stare

132 1593 213 1635 ⁰³¹oe
242 1579 400 1650 3¹⁰ri³¹¹¹esi
432 1588 459 1635 ⁶2
477 1579 500 1634 Si
522 1579 650 1650 58¹¹⁰f⁸¹¹t
671 1593 731 1650 ‘1¹¹ae
756 1573 932 1631 ⁵¹¹mffi⁸⁵im⁰
982 1601 1785 1678 daturvobisquisiueeocaditis,perpendetsclvamiut,

131 1666 315 1732 disseruntur,
330 1675 421 1724 tamen
434 1667 469 1723 ad
479 1667 594 1741 gloriam
607 1665 781 1739 perveniunt,
797 1664 862 1736 quia
876 1677 931 1718 nou

129 1754 199 1825 perit
212 1771 279 1810 unus
292 1757 326 1811 de
337 1756 452 1826 pusillis,
465 1771 516 1828 pro
530 1757 629 1829 quibus
643 1761 767 1811 mortuus
782 1761 823 1808 εει
834 1751 931 1808 Chris·

116 1850 183 1914 tus.
207 1845 268 1899 Neri
292 1845 375 1916 igitur
394 1846 446 1902 boc
460 1845 526 1902 dicit
540 1845 574 1900 de
589 1845 632 1900 his
647 1859 708 1916 quae
722 1843 767 1898 viii
781 1841 815 1896 ad
825 1855 930 1912 pauco·

130 1948 189 1986 rum
213 1932 428 2005 intelligentiam,
452 1949 566 2006 eamque
591 1933 717 2006 exiguam
733 1929 929 2003 quantulacun-

132 2037 185 2092 que
211 2020 238 2074 in
265 2022 316 2076 bac
331 2021 384 2077 vita
413 2023 447 2077 de
472 2039 503 2078 re
528 2029 683 2077 tenuasse
706 2027 805 2092 potest,
829 2033 930 2088 pervc-

128 2108 215 2177 niuut,
242 2109 291 2163 sed
312 2109 346 2164 de
369 2109 506 2180 praedictis
521 2125 582 2182 quae
598 2108 678 2163 fidem
694 2114 721 2162 ει
734 2121 826 2162 mores
841 2103 930 2160 redifi-

132 2204 202 2262 cani,
219 2195 322 2252 scilicet
344 2204 373 2252 ut
396 2198 497 2272 linguis
525 2197 669 2269 prophetia
692 2201 875 2267 preponatur,
900 2200 930 2248 ut

131 2282 241 2339 illanan
255 2284 410 2355 perturbate
437 2293 565 2360 agantur.
592 2284 677 2354 Quasi
705 2281 855 2355 prophetice
870 2281 928 2353 spi·

127 2371 195 2426 ritus
210 2372 292 2428 etiam
320 2373 418 2429 invites
445 2375 521 2445 loqui
545 2380 669 2445 cogeret,
689 2379 719 2426 ut
742 2369 872 2426 mulieres
886 2375 929 2424 ta-

135 2467 213 2516 ceant
228 2461 254 2515 in
265 2461 399 2530 Ecclesia,
411 2471 440 2518 ut
454 2463 545 2520 omnia
555 2463 668 2519 honeste
679 2468 706 2516 ει
721 2459 871 2515 secuudum
884 2471 929 2512 or-

129 2549 222 2604 dinem
237 2549 310 2604 liant.
337 2551 453 2608 Coercet
468 2565 536 2623 ergo
552 2559 578 2607 et
592 2549 626 2605 ad
645 2547 789 2621 pacificum
804 2544 928 2602 ordinem

129 2646 237 2693 revocat
264 2638 411 2711 inquietos,
435 2647 510 2695 tanto
533 2639 567 2694 ad
597 2638 758 2694 seditionem
780 2634 927 2700 faciliores,

128 2743 230 2804 quanto
255 2730 307 2785 sibi
331 2731 495 2786 videbantur
508 2728 604 2799 spiritu
619 2725 796 2790 excellentiae,
809 2738 929 2778 cumsa-

128 2823 280 2895 perbiende
295 2829 391 2878 cuncta
411 2819 562 2875 turbarent.
580 2819 613 2872 Et
629 2823 679 2883 εει,
698 2813 796 2886 siquis
821 2811 930 2884 ignorat

128 2912 186 2969 liaec
199 2911 338 2984 praedicta,
354 2909 411 2964 sive
426 2923 553 2979 magnus,
570 2907 627 2963 sive
642 2919 741 2976 pervus
756 2902 800 2970 sit,
816 2900 929 2972 ignora-

127 3001 207 3070 bitur,
224 3000 251 3055 id
266 3009 306 3056 εει
321 2997 526 3069 improbabitur.
546 2989 733 3068 [Augustinus]
747 2992 809 3046 Non
824 2987 930 3044 enimsi

130 3084 165 3140 ad
180 3083 322 3140 scientiam
337 3079 451 3146 reseras,
477 3079 586 3152 ignorat
600 3079 673 3133 Deus
687 3076 802 3146 aliquos,
817 3073 861 3129 vel
876 3071 929 3128 ali-

128 3191 191 3246 qua,
203 3174 248 3245 qui
258 3180 349 3228 tamen
360 3171 387 3226 iu
399 3169 503 3239 judicio
513 3168 586 3224 dicet
596 3184 602 3222 :
611 3168 671 3224 Nau
681 3165 748 3221 noui
759 3180 806 3220 uos
816 3160 928 3234 (llattlt.

128 3265 200 3334 ι·ιι);
230 3263 399 3317 acdeorum
423 3257 584 3330 improbatio
608 3257 660 3311 hec
683 3253 766 3310 verbo
794 3249 930 3306 insinuata

128 3360 180 3406 est.
203 3351 311 3422 ltaque.
342 3345 525 3421 [Ambrosius]
538 3343 621 3414 Quasi
644 3339 820 3409 dicat:Quia
846 3337 929 3392 inter-

127 3438 241 3510 protetio
247 3436 373 3494 rectificat.
383 3437 489 3509 ltaque,
503 3437 643 3506 otratres,
659 3427 930 3494 emulaminiidest

128 3528 281 3584 desiderate
292 3527 470 3600 prophetare,
483 3528 510 3581 et
526 3531 616 3578 tamen
632 3523 706 3594 loqui
718 3521 823 3589 liupuis
838 3517 929 3572 notite

129 3618 284 3690 probibere,
300 3633 335 3672 ne
350 3613 395 3669 fiat
416 3613 564 3670 dissensio.
592 3611 693 3668 Omnia
713 3611 821 3664 auteur.
847 3603 930 3674 Quasi

128 3706 218 3762 dicat:
248 3705 326 3770 Dico,
350 3703 432 3760 nolite
446 3702 602 3774 prohibere,
626 3697 788 3754 sodomitici
805 3693 929 3750 tamhaec

129 3810 211 3866 qutun
225 3794 281 3850 alia
294 3793 372 3850 lacite
383 3791 411 3846 in
421 3791 508 3858 vobis,
523 3805 577 3846 nou
587 3787 729 3860 pueriliter
739 3784 787 3840 sed
801 3783 928 3848 honeste,

979 1692 1036 1762 jam
1065 1695 1251 1752 exercitudine
1281 1693 1349 1767 spei,
1379 1700 1406 1750 ει
1433 1691 1603 1748 salvabimini
1638 1691 1666 1746 iii
1693 1689 1786 1746 iuturo

981 1781 1009 1838 in
1024 1783 1137 1840 veritate
1152 1785 1192 1840 rei
1207 1791 1232 1841 ει
1258 1783 1368 1856 speciei,
1385 1781 1407 1837 si
1422 1789 1512 1837 tamea
1538 1779 1660 1838 retinetis
1674 1797 1729 1854 qua
1742 1796 1787 1836 ra·

983 1872 1284 1946 tieneprurdicaaerim
1309 1871 1392 1936 υοιιε,
1429 1869 1524 1926 idest
1550 1869 1573 1925 si
1602 1868 1700 1924 tenetis
1717 1867 1784 1923 illud

983 1961 1164 2032 Evangelium
1178 1962 1212 2017 de
1228 1959 1431 2017 resurrectione
1453 1967 1622 2015 mortuomm
1637 1973 1669 2013 ea
1683 1955 1785 2012 ratione

980 2065 1033 2121 qua
1061 2049 1219 2111 confirmavi
1245 2049 1332 2116 vobis,
1358 2048 1385 2104 id
1415 2056 1457 2104 εει
1484 2063 1534 2120 per
1557 2045 1784 2103 resurrectionem

980 2137 1095 2192 Christi:
1113 2139 1209 2194 tenetis
1224 2138 1295 2204 (ιιεο,
1311 2138 1370 2194 nisi
1387 2140 1499 2210 [nistra
1513 2135 1684 2202 credidistis,
1700 2133 1728 2189 id
1743 2140 1786 2190 εει

979 2233 1025 2280 aut
1040 2225 1137 2282 tenetis
1151 2225 1378 2282 resurrectionem
1388 2233 1566 2292 mortuarum,
1583 2231 1631 2279 aut
1643 2222 1782 2279 incassum

979 2321 1021 2368 εει
1035 2311 1113 2382 fides,
1131 2331 1192 2388 quae
1207 2331 1261 2370 non
1286 2313 1417 2386 accipitur
1430 2313 1483 2368 nisi
1497 2329 1546 2384 spe
1566 2309 1782 2368 resurrectionis.

979 2401 1028 2456 Vel
1050 2402 1105 2458 ita:
1121 2402 1184 2459 nisi.
1214 2403 1299 2472 Quasi
1321 2403 1416 2459 dicat:
1439 2400 1617 2470 salvabimini,
1634 2400 1706 2470 dieo,
1730 2397 1783 2454 nisi

941 2487 1078 2583 Girustru
1106 2490 1261 2546 credidistis
1276 2490 1343 2546 illud
1365 2491 1438 2546 idem
1452 2490 1524 2562 qued
1547 2487 1693 2560 praedicavi
1703 2485 1782 2544 vobis

979 2577 1013 2632 ad
1037 2576 1270 2635 confirmationem
1294 2577 1500 2634 resurrectionis
1515 2584 1692 2633 mortuorum.
1714 2577 1782 2632 Tra-

980 2666 1040 2722 didi
1053 2667 1130 2722 euim
1140 2666 1213 2722 istud
1228 2667 1301 2724 vobis
1312 2669 1343 2724 iu
1357 2669 1469 2739 primis,
1482 2665 1561 2722 idest
1576 2662 1780 2734 intermaxima,

978 2763 1004 2811 ει
1031 2755 1119 2811 adbuc
1148 2756 1225 2811 trado
1247 2757 1319 2830 quad
1347 2760 1376 2811 et
1398 2755 1534 2828 accepia
1562 2753 1664 2826 Spiritu
1687 2761 1780 2809 sancte

979 2843 1124 2912 nenilucii,
1141 2843 1394 2918 seilicetquouiam
1415 2843 1543 2900 Christus
1564 2847 1694 2899 mortuus
1723 2845 1776 2910 εει,

980 2947 1035 2988 non
1056 2948 1106 3004 pre
1131 2948 1182 2988 sua
1196 2933 1369 3001 necessitate,
1393 2932 1442 2988 sed
1453 2949 1506 3005 pro
1518 2932 1644 3006 peccatis
1659 2932 1778 2987 uostris

979 3021 1014 3076 iti
1028 3019 1165 3087 haedina,
1192 3022 1348 3078 secundum
1371 3021 1532 3093 Scripturas
1553 3018 1659 3076 Veteris
1681 3018 1778 3074 Testa-

983 3109 1076 3174 menti,
1089 3125 1150 3181 quae
1164 3117 1281 3165 mortem
1290 3107 1691 3165 Christiluturamcecinerunt.
1702 3105 1781 3163 Unde

980 3197 1076 3252 isaias:
1109 3199 1143 3256 ιιι
1161 3199 1219 3254 anis
1243 3199 1279 3255 ud
1317 3199 1485 3256 aerumnam
1522 3196 1625 3253 ductus
1651 3193 1776 3267 est(lsa.

979 3285 1048 3358 aiii).
1065 3287 1098 3340 Et
1112 3286 1191 3342 item:
1210 3287 1334 3344 Taltctur
1355 3292 1459 3343 eterra
1481 3287 1540 3343 vitu
1554 3283 1658 3359 ejurat
1673 3283 1778 3356 iniput-

981 3375 1085 3431 tatibus
1108 3375 1206 3448 populi
1229 3375 1285 3431 mei
1300 3374 1402 3446 (iiia).
1414 3376 1517 3431 Ductus
1532 3381 1574 3430 est
1589 3373 1625 3428 ad
1640 3377 1756 3428 mortem
1772 3387 1779 3440 ;

980 3465 1009 3518 ct
1024 3463 1105 3518 etiam
1119 3461 1217 3519 tradidi
1241 3464 1307 3536 quia
1328 3464 1456 3536 sepultus
1474 3467 1532 3519 est:
1549 3459 1668 3536 [Haimo]
1683 3467 1710 3517 et
1724 3459 1777 3516 hoe

980 3550 1105 3608 similiter
1119 3551 1269 3608 seeundum
1285 3551 1450 3623 Scripturas.
1462 3552 1506 3606 iii
1527 3549 1600 3606 enim
1614 3549 1701 3605 lsaias
1718 3550 1779 3605 :ltc-

977 3639 1017 3695 itt
1038 3641 1138 3712 impios
1155 3656 1206 3712 pro
1223 3641 1382 3713 sepultura,
1400 3640 1600 3711 ctdiaitcspro
1615 3641 1708 3694 morte
1722 3653 1776 3694 sua

979 3727 1119 3799 (ibid.).lii
1134 3728 1199 3784 item
1210 3743 1216 3782 :
1227 3727 1294 3795 Erit,
1313 3727 1411 3800 inquit,
1426 3729 1590 3801 sepulcrum
1602 3727 1662 3799 ejus
1675 3725 1779 3798 plurio-

979 3833 1043 3873 sum
1068 3815 1133 3888 (lsa.
1159 3817 1211 3888 xi).
1236 3817 1272 3871 Et
1294 3816 1375 3871 etiam
1397 3815 1503 3886 tradidi,
1520 3817 1585 3890 quia
1604 3814 1776 3881 resurrexit,

127 3883 231 3940 scilicet
246 3897 396 3954 cumpace,
413 3871 961 3980 einseeuudumerdiuempraedictum,1)
976 3905 1091 3977 probam
1105 3907 1169 3972 vm
1184 3913 1282 3972 morte,
1299 3913 1325 3960 et
1340 3906 1392 3961 hoc
1408 3913 1461 3960 mm
1486 3904 1549 3974 cito,
1565 3903 1669 3961 seilicet
1690 3903 1778 3960 tem-a

126 3981 156 4029 ¹¹²
184 3971 274 4027 “iilius
289 3972 379 4026 minus
394 3970 453 4026 ”²¹¹¹
469 3976 651 4041 Psaep⁰¹¹³¹¹¹s·
977 3995 1031 4060 die,
1046 4002 1075 4049 ut
1089 4009 1122 4048 ea
1136 4001 1270 4064 potestate
1284 3993 1411 4050 credatur
1424 4008 1474 4050 nos
1486 4009 1570 4065 posse
1584 3991 1727 4049 suscitare.
1739 3990 1774 4046 Et

428 4076 541 4132 CAPUT
560 4075 623 4130 XV·
976 4082 1029 4138 boc
1043 4081 1115 4138 dixi:
1132 4083 1292 4139 Secundum
1303 4083 1476 4155 Scripturas.
1493 4079 1676 4156 [Ambrosius]
1686 4078 1777 4152 Inquit

164 4171 248 4226 Varis.
265 4171 320 4222 i-e.
340 4195 375 4206 -
392 4168 607 4223 Natumautam
622 4163 695 4220 uobis
709 4163 923 4235 suciatratres,
977 4172 1052 4226 enim
1078 4170 1150 4227 Osee
1170 4189 1176 4225 :
1196 4170 1394 4228 Postbiduum
1403 4171 1630 4240 ειυιιιεαιιιιιιει,
1645 4170 1716 4226 etia
1732 4166 1776 4224 die

129 4258 333 4330 Eaunpclium,
350 4255 421 4328 quad
435 4253 588 4326 predicavi
607 4253 701 4319 vobit,
717 4252 788 4324 quod
803 4256 831 4308 et
846 4267 922 4309 acce·
976 4261 1060 4317 tertio
1084 4275 1275 4332 resurpeaius,
1305 4265 1334 4316 et
1350 4261 1473 4316 uiuamus
1488 4261 1519 4316 iu
1541 4262 1693 4332 conspeetu
1713 4259 1774 4330 ejus

126 4349 220 4420 pistis,
238 4348 375 4419 iuquoet
391 4345 547 4416 statis,pcr
562 4342 634 4416 quud
649 4341 853 4410 attollimini,
870 4356 925 4413 qua
975 4349 1048 4421 (Oce.
1059 4348 1112 4421 vi.)
1127 4347 1156 4404 Si
1178 4356 1269 4404 autem
1292 4356 1414 4404 mortuus
1436 4356 1462 4404 ει
1482 4347 1604 4420 sepultus
1614 4344 1773 4415 resurrexit,

127 4434 465 4506 ratianeprndi'euverim
478 4433 559 4501 υοιιιε,
572 4433 597 4487 si
614 4432 728 4497 tenetis,
741 4429 800 4486 uisi
813 4432 925 4503 frustra
974 4453 1019 4504 ae,
1049 4436 1176 4492 dubitetis
1208 4445 1331 4494 mortuos
1354 4445 1380 4494 et
1404 4436 1526 4509 sepultos
1550 4450 1706 4510 resurgere.
1741 4435 1778 4490 Et

129 4525 299 4581 credidistis.
315 4523 427 4580 Tradidi
442 4523 518 4578 euim
543 4521 616 4576 vobis
638 4520 670 4575 in
693 4520 794 4592 primis
811 4519 882 4592 qood
896 4523 925 4575 et
975 4526 1057 4582 eiiam
1070 4525 1177 4596 tradidi,
1194 4527 1261 4598 qaia
1283 4527 1359 4583 etrus
1384 4529 1435 4594 ert,
1450 4533 1513 4597 posi
1534 4521 1774 4591 resurrectionem,

126 4615 234 4686 accep,
251 4614 384 4687 aeonium
396 4613 525 4669 carastus
540 4613 669 4666 mortuus
683 4613 726 4665 esi
739 4624 789 4681 pro
800 4609 924 4680 peccatu
976 4615 1082 4686 cepae,
1098 4614 1125 4668 ie
1140 4622 1182 4669 esi
1208 4615 1299 4684 reiro,
1326 4613 1485 4687 priusquam
1500 4613 1561 4669 aliis
1585 4612 1652 4669 viris
1675 4611 1775 4684 qubus

126 4704 233 4759 eastra
247 4703 405 4759 secuudum
419 4701 589 4773 Scripturas,
606 4701 634 4754 ct
645 4698 711 4770 puta
726 4697 855 4768 sepultus
869 4700 921 4764 est,
972 4702 1134 4775 apparuisse
1149 4701 1246 4774 legitur
1259 4702 1287 4756 in
1309 4703 1471 4775 Evangelio.
1487 4703 1544 4772 (95)
1559 4700 1644 4756 Aliter
1659 4708 1772 4757 eamr-r.

126 4795 156 4848 ει
168 4793 234 4864 putri
248 4792 409 4848 resurrexit
425 4790 512 4846 tertia
526 4788 570 4844 die
580 4785 736 4844 seeundum
745 4785 920 4856 Scripturas,
972 4793 1123 4849 riumesset
1138 4790 1211 4864 quad
1221 4790 1309 4862 primo
1317 4791 1476 4848 mulieribus
1489 4787 1650 4864 apparuisse
1658 4788 1767 4862 legitur.

159 4961 212 5030 (95)
225 4965 387 5029 irentinus,
399 4975 472 5027 super
484 4963 612 5016 loannem.

160 5031 215 5100 (ιι)
235 5032 271 5086 ld.
285 5031 316 5084 iid
327 5029 470 5085 Eneedluni.

228 5151 348 5208 Piraei..
368 5149 461 5208 cxci.

1007 4975 1061 5042 (95)
1079 4974 1127 5036 ld,
1140 4975 1175 5026 ιιε
1186 4984 1305 5026 conamen
1320 4971 1535 5038 ariareistirun.
