3930 6066
131 167 187 224 737
550 159 832 220 consultaturus
848 155 883 213 ΙΝ
898 147 1071 214 Pitanos.
1087 187 1121 198 -
1136 153 1232 214 Pseu.
1252 155 1385 213 Lxxvu.
1735 157 1787 212 738

134 281 975 362 osteosae,indieqcaredcmiteordemaaatributaatia,A
1024 281 1114 336 Vsus.
1134 284 1179 336 ot.
1194 311 1229 322 -
1245 303 1256 328 ι
1274 281 1308 335 Ει
1329 279 1404 336 dedit
1426 278 1542 352 aerugini
1560 279 1664 336 lructus
1678 283 1785 346 eorum',

133 377 220 435 idest
245 376 403 434 Pharaonis.
423 376 570 433 Tribulatio
585 374 654 431 solet
676 390 738 432 esse
753 373 782 429 in
794 371 937 442 memoria,
991 389 1003 419 ι
1020 375 1046 425 ει
1060 368 1170 425 labores
1185 383 1279 424 eorum
1295 366 1416 424 locustae.
1437 391 1447 416 ι

132 467 185 522 scd
201 466 241 522 eis
264 481 318 521 non
347 464 406 520 init.
432 463 580 538 [Cassiod.,
597 462 705 536 haym]
718 461 834 518 Pulchre
849 467 939 516 autem
1023 458 1060 512 Ει
1073 457 1150 512 dedit
1177 457 1307 528 oercgtai,
1333 454 1376 511 vel
1403 455 1528 527 rubigini
1550 458 1785 526 tractassemus,

135 554 250 627 opponit
264 569 375 609 manum
389 553 439 609 Dei
449 552 539 608 manui
549 551 708 616 Pharaonis,
721 549 939 618 diocesaneum
991 543 1109 618 [lluym.,
1154 543 1237 616 Aug]
1275 559 1324 614 per
1359 536 1462 600 fructus
1496 541 1622 616 iutelligit
1658 559 1690 599 eu
1726 559 1788 616 qua

134 646 207 715 ejas,
220 649 246 699 ει
259 643 293 698 de
302 659 392 698 manu
403 641 579 711 tribulantis,
589 639 651 712 quia
661 654 757 695 eorum
768 635 939 710 operationes
988 647 1037 704 per
1073 648 1102 688 sa
1137 640 1286 688 naseuntur
1315 649 1321 685 :
1347 631 1399 687 boc
1426 637 1516 686 autem
1553 645 1608 686 uon
1637 631 1666 685 in
1690 631 1786 688 Exodo

133 729 250 786 multum
273 729 411 785 differunt.
435 728 541 785 Deinde
565 727 683 784 ostendit
704 727 768 799 quid
798 741 852 782 nou
875 732 939 818 suat
987 719 1098 794 legitur.
1119 719 1231 792 Mystico
1256 735 1324 790 ergo
1352 719 1574 790 interpretatione
1606 725 1709 774 tautum
1740 719 1786 776 bic

134 818 282 889 recordati,
299 817 403 875 scilicet
417 832 471 873 uon
486 823 548 872 sunt
562 814 724 873 recordati:
988 808 1106 880 ponitur.
1137 807 1244 880 Rubigo
1270 807 1341 863 enim
1364 823 1445 879 quam
1467 805 1512 862 alii
1533 805 1684 880 eruginem
1698 806 1786 862 inter-

987 903 1140 968 pretantur,
1163 896 1269 953 occulte
1294 903 1375 952 nocet
1400 913 1407 949 ε
1432 911 1493 968 quae
1521 901 1697 966 comparatur
1721 893 1786 950 vitio

987 985 1059 1058 quod
1081 983 1190 1042 difficile
1213 992 1335 1056 apparet,
1362 990 1391 1040 ut
1406 991 1449 1040 est
1463 982 1576 1038 multum
1590 982 1677 1039 fidere
1692 982 1728 1040 de
1742 999 1783 1038 εε.

987 1075 1061 1128 Aura
1084 1074 1155 1128 enim
1179 1073 1261 1129 noxia
1284 1073 1342 1128 baec
1365 1071 1393 1126 in
1408 1071 1540 1128 fructibus
1553 1079 1682 1143 operatur
1696 1071 1784 1127 lateu-

986 1164 1036 1223 ter,
1053 1155 1123 1214 sicut
1145 1157 1173 1213 iu
1197 1155 1318 1213 moribus
1343 1156 1473 1228 superbia
1487 1155 1593 1214 occulta
1608 1164 1661 1224 cst,
1678 1171 1741 1213 curu
1755 1173 1785 1212 sa

985 1252 1063 1316 putat
1075 1244 1178 1316 aliquid
1193 1261 1264 1313 esse,
1281 1245 1328 1317 qui
1342 1245 1409 1300 nibil
1423 1252 1464 1300 εει
1480 1244 1599 1317 [noym.
1620 1247 1703 1316 Aug,
1721 1244 1785 1300 Cas-

986 1333 1067 1401 siod,
1084 1332 1128 1389 Gl.
1144 1332 1205 1406 int]
1221 1337 1250 1390 et
1270 1331 1377 1389 labores
1394 1349 1500 1399 corum,
1522 1331 1549 1386 id
1578 1340 1620 1388 est
1644 1341 1701 1388 sata
1726 1348 1787 1405 quae

985 1419 1079 1477 labore
1100 1420 1239 1477 homiuum
1258 1419 1334 1489 liunt,
1360 1419 1444 1490 dedit,
1471 1421 1596 1476 ιοειιειω.
1612 1419 1725 1492 llystice
1740 1420 1784 1476 lo·
1820 1475 1821 1483 ,

985 1517 1062 1565 ousta
1082 1517 1123 1565 εει
1143 1508 1255 1576 malitia,
1280 1523 1328 1565 ore
1342 1509 1455 1580 laedens,
1471 1508 1576 1564 scilicet
1590 1507 1693 1564 infideli
1708 1507 1783 1564 testi-

946 1597 1088 1690 Bmonio.
1122 1598 1247 1655 Locustae
1277 1597 1350 1653 enim
1383 1613 1413 1653 se
1445 1597 1563 1654 laricem
1595 1597 1782 1666 comedentes,

987 1684 1142 1760 significant
1163 1685 1341 1756 detractores,
1366 1685 1412 1758 qui
1434 1684 1539 1742 alienos
1566 1685 1672 1743 tructus
1694 1684 1785 1742 invide

172 1753 258 1808 Vana.
274 1753 319 1808 ta.
339 1775 402 1802 -ι
429 1753 464 1808 Et
486 1752 621 1810 convertit
648 1751 677 1807 in
696 1752 859 1825 sanguinem
882 1750 935 1807 ilu-
986 1775 1096 1831 rodum·

135 1863 147 1890 a
167 1841 242 1896 ruina
254 1856 368 1907 aorum;
386 1839 526 1897 etimbres
543 1856 639 1897 eorum
652 1856 687 1897 ue
704 1840 841 1897 biberent.
861 1860 872 1891 ι

172 1951 207 2004 at
223 1947 374 2005 convertit.
397 1945 491 2020 [hug]
515 1947 565 2004 Hic
578 1946 673 2019 incipit
687 1960 827 2019 exponere
839 1944 937 2020 plagas

131 2043 248 2108 propter
262 2034 418 2092 Judaeorum
437 2034 636 2106 liberationem,
662 2035 690 2090 in
705 2036 822 2109 AEgypto
838 2034 935 2090 lactas.

133 2125 172 2179 Et
185 2123 263 2194 ponit
277 2124 320 2180 bio
334 2122 432 2180 decem
455 2124 551 2196 plagas
566 2123 635 2180 sicut
650 2123 678 2178 in
691 2122 788 2178 Exodo
802 2129 938 2194 ponuntur

133 2212 242 2268 decem.
258 2211 356 2284 Aliqua
371 2219 463 2267 minen
483 2211 528 2268 bic
551 2211 636 2279 addit,
654 2227 715 2284 quae
727 2227 783 2267 uon
798 2211 826 2266 in
842 2210 938 2267 Exodo

132 2299 318 2371 continentur,
342 2316 403 2372 quae
427 2315 482 2356 non
503 2299 677 2371 interpretari
700 2313 858 2371 possumus,
884 2297 937 2354 uisi

135 2387 263 2460 figurate,
286 2387 316 2444 id
340 2396 381 2444 est
404 2387 588 2459 spiritualiter,
612 2387 659 2442 ubi
679 2387 760 2444 etiam
784 2402 845 2459 quse
867 2385 938 2443 iacta

131 2475 258 2544 luerunt,
278 2476 417 2548 parabolae
431 2475 566 2543 dicuntur,
588 2475 659 2532 sicut
677 2490 751 2547 sepe
773 2475 844 2532 solet
863 2474 938 2532 Scri-

131 2573 223 2638 ptura,
248 2579 304 2622 non
326 2565 426 2621 satiem
449 2563 527 2637 sequi
551 2563 682 2633 bistodae,
707 2563 735 2620 in
751 2563 844 2619 multis
857 2563 936 2630 locis,

133 2654 186 2710 sed
209 2654 262 2710 alia
286 2653 398 2722 addere,
423 2660 450 2709 et
470 2652 594 2726 quaedaun
616 2659 719 2709 mutare
733 2667 785 2724 pro
799 2651 939 2724 siguifica-

132 2743 219 2799 tione.
245 2740 427 2798 Paetermittit
449 2748 541 2798 autern
565 2741 627 2808 tria,
649 2755 709 2813 que
732 2741 762 2795 in
784 2741 881 2797 Exodo
894 2741 937 2797 le-

133 2837 249 2904 guntur,
272 2829 376 2886 scilicet
398 2829 546 2901 sciniphes,
571 2829 674 2897 ulcera,
691 2828 830 2897 tenebras,
848 2836 874 2884 et
887 2845 938 2901 po-

133 2921 176 2974 nit
198 2919 251 2974 alia
275 2917 326 2974 tria
348 2933 409 2990 quae
432 2917 471 2973 ibi
484 2932 540 2974 uon
554 2916 693 2991 leguntur,
710 2916 815 2974 scilicet
828 2917 935 2991 rubigi-

172 943 257 997 vaus.
286 944 331 997 ta.
361 971 396 982 —
426 941 501 999 Sicut
532 939 624 1012 posuit
657 939 686 994 in
715 939 830 1012 AEgypto
859 937 938 1010 sigua

136 1053 149 1080 ι
167 1045 235 1096 sua;
251 1038 277 1086 et
287 1029 414 1101 prodigia
427 1043 477 1084 sua
491 1028 519 1084 iu
533 1042 633 1100 campo
642 1029 761 1084 Taneos.
780 1047 792 1078 ι

170 1118 261 1185 Sicu,
270 1117 396 1190 qualiter,
413 1117 507 1190 posuit
518 1117 550 1172 ia
561 1117 678 1189 AEqypto
690 1116 773 1187 sigua
783 1129 845 1170 aaa.
856 1113 936 1186 [Cas-

132 1205 218 1279 siod]
231 1205 316 1279 Signa
329 1213 393 1261 sunt
407 1205 484 1261 duris
511 1204 651 1272 cordibus,
671 1203 750 1277 quasi
772 1201 937 1260 characteris

132 1295 271 1366 impressa
301 1293 426 1368 vestigia.
452 1295 496 1362 lit,
530 1292 644 1365 qualiter
675 1291 775 1364 posuit,
809 1289 936 1364 prodigia

133 1398 196 1450 sua,
212 1383 245 1439 ιιι
255 1398 353 1454 compo
365 1383 479 1449 Teneor,
496 1379 624 1454 prodigia
639 1388 777 1452 suntque
792 1378 937 1452 signabant

134 1471 230 1543 aliqua
256 1469 355 1526 lutura.
385 1470 468 1527 'lauis
496 1478 538 1526 est
559 1468 666 1538 civitas,
692 1475 719 1525 et
743 1467 938 1540 iuterpretatur

134 1559 245 1616 humile
252 1559 430 1624 mandatam,
440 1556 515 1630 quod
521 1557 574 1614 bic
587 1555 668 1614 uobis
682 1555 868 1614 necessarium
883 1561 933 1622 est,

133 1655 165 1704 ιιι
178 1647 207 1704 ia
224 1646 314 1704 futuro
327 1646 476 1721 erigamur.

1022 1897 1108 1954 Vsus.
1134 1902 1178 1957 ιι.
1196 1927 1230 1939 -
1247 1919 1259 1950 ι
1276 1899 1312 1954 ιιι
1324 1897 1424 1956 occidit
1436 1896 1464 1953 in
1478 1897 1612 1970 grandine
1627 1896 1720 1954 vineas
1735 1914 1784 1956 eo-

989 2010 1000 2034 ι
1018 2002 1077 2044 rum
1089 2005 1097 2053 ς
1113 1995 1140 2042 ει
1153 2001 1248 2043 moros
1262 2001 1359 2042 eorum
1373 1985 1401 2042 in
1414 1985 1523 2059 pruina
1539 2010 1550 2035 tt

1023 2093 1058 2148 Et
1072 2091 1175 2149 occidit
1189 2092 1371 2165 ingrandisse
1385 2093 1483 2148 vincar
1496 2107 1603 2160 corum,
1619 2091 1699 2148 idest
1712 2091 1785 2148 bona

988 2193 1091 2236 corum.
1117 2179 1211 2253 [Aug]
1234 2179 1347 2252 llystioe
1369 2179 1476 2252 maudo
1504 2187 1547 2236 est
1575 2179 1712 2252 iniquitas,
1739 2195 1785 2236 res

988 2267 1093 2324 alienas
1115 2267 1253 2336 auiereus,
1278 2267 1350 2324 unde
1377 2266 1458 2338 lurta,
1483 2270 1586 2340 rapinae
1609 2268 1783 2340 praedaequer

987 2363 1147 2424 nascuntur,
1171 2355 1232 2428 plus
1254 2363 1344 2413 autern
1368 2371 1418 2412 suc
1442 2355 1506 2412 vitio
1521 2362 1640 2412 ιεειιιιιι·
1654 2355 1713 2428 ipse
1735 2372 1785 2412 va-

988 2452 1084 2502 stator.
1106 2445 1136 2500 lu
1160 2443 1256 2501 Exodo
1279 2443 1355 2517 prius
1369 2442 1479 2516 ponitur
1494 2443 1609 2517 grando,
1626 2443 1726 2500 deinde
1739 2445 1785 2500 lo-

988 2540 1074 2590 custa.
1089 2533 1189 2602 (deod.
1210 2547 1251 2601 nr,
1277 2533 1320 2604 ιι.)
1336 2531 1403 2602 Quat
1417 2531 1490 2589 enim
1507 2533 1613 2606 gando
1627 2548 1682 2590 nou
1695 2531 1785 2605 potuit

987 2620 1098 2688 ledere,
1123 2620 1151 2676 id
1172 2628 1214 2677 est
1236 2619 1338 2688 mollis,
1360 2628 1424 2692 post
1437 2619 1502 2676 dicit
1515 2621 1628 2678 Exodus
1640 2637 1657 2675 a
1669 2619 1782 2678 locustis

987 2717 1116 2766 comesta.
1131 2707 1275 2781 Sequitur:
1290 2710 1326 2766 lit
1339 2723 1431 2768 moror
1445 2723 1543 2766 eorum
1553 2709 1585 2766 ιιι
1593 2710 1710 2782 pruina,
1722 2723 1784 2781 qua

986 2796 1101 2854 multum
1115 2797 1227 2853 distata
1242 2796 1384 2871 grandine,
1400 2797 1450 2854 sed
1465 2804 1491 2854 ει
1504 2798 1557 2854 hoc
1571 2796 1599 2854 in
1619 2797 1714 2854 Exodo
1729 2812 1784 2854 nou

986 2886 1094 2958 legitur.
1119 2885 1232 2957 Mystice
1259 2901 1326 2960 ergo
1340 2885 1493 2958 exponitur.
1510 2886 1612 2942 Pruina
1632 2886 1782 2944 calvitium

132 3022 210 3074 nem,
226 3005 365 3078 pruinam,
380 3005 481 3078 ignem.
499 3005 599 3062 Omnia
609 3019 676 3078 ergo
690 2978 971 3079 allegorioaiuter-C
985 2989 1039 3047 ‘³¹¹⁰
1058 2973 1176 3030 dmm
1198 2973 1316 3045 pmimi
1338 2973 1457 3032 stulffiae
1479 2974 1608 3042 wbm'
1625 2973 1703 3046 qum
1717 2989 1783 3032 ¹²⁰⁶*

133 3094 288 3168 pretatione
310 3094 472 3166 exponenda
491 3100 563 3150 sunt.
588 3092 769 3150 Historialiter
792 3100 883 3149 autem
902 3108 935 3150 ea
985 3070 1066 3118 ‘⁰¹⁰⁰
1080 3061 1184 3134 snm
1198 3061 1375 3134 ⁰⁰⁰3⁰¹⁸⁸⁰¹¹·

132 3191 322 3256 tantumque
335 3181 610 3254 inExodoleguntur
625 3181 724 3250 (Ecod.
741 3182 802 3252 vu).
813 3181 932 3254 [Haym.,
1018 3169 1104 3230 Vm»
1121 3170 1165 3223 5³·
1180 3196 1216 3207 ·
1233 3188 1244 3217 ⁸
1261 3167 1296 3266 Εἴ
1316 3165 1425 3223 ‘radidi‘
1448 3167 1573 3242 Uindilli
1596 3168 1716 3236 iumenla
1734 3183 1782 3225 0⁰·

133 3275 220 3346 ιιι,
245 3268 382 3344 cassiod]
409 3269 493 3340 Quasi
508 3269 581 3326 areat
606 3285 613 3324 ι
639 3269 731 3326 rosus
763 3269 792 3324 u
818 3269 934 3343 egypto
986 3271 1094 3324 «ruma
1109 3263 1137 3311 a
1150 3269 1340 3327 posessione
1355 3271 1451 3312 eorum
1466 3256 1566 3328 igni.»

133 3361 217 3434 signa
235 3373 295 3426 sue,
312 3366 339 3415 et
351 3357 478 3431 prodigia
491 3359 569 3426 hoec;
586 3356 690 3414 scilicet
702 3362 741 3426 et,
756 3357 840 3415 idest
859 3358 932 3430 quia,
1020 3363 1055 3418 Et
1066 3361 1187 3418 tradidit
1201 3360 1338 3431 grandini
1345 3363 1482 3434 jumento
1492 3377 1599 3418 eoram.
1611 3359 1704 3436 [Aug.,
1716 3363 1782 3420 Cas·

132 3449 276 3507 conuertit
286 3448 408 3517 stamina
417 3463 515 3504 eorum
524 3447 743 3518 intencionem,
754 3445 789 3502 ad
804 3445 931 3518 litteram,
983 3448 1064 3518 siod.,
1081 3448 1392 3523 Aug.]b1ysticemorte
1411 3459 1541 3522 pecorum
1557 3450 1686 3506 damnum
1700 3451 1782 3523 pudi-
1895 3477 1900 3482 ·

130 3543 161 3595 ct
177 3537 281 3594 imbres
299 3551 405 3603 aarum,
417 3535 444 3590 id
458 3542 501 3592 est
513 3533 657 3604 cisternas,
673 3549 710 3592 ae
724 3534 872 3603 tibercui,·
886 3531 934 3590 nbi
982 3538 1053 3595 citiae
1079 3537 1213 3611 signatur.
1241 3538 1467 3610 Concupiscentia
1499 3539 1599 3612 quippe
1629 3557 1682 3612 qua
1711 3539 1784 3597 letus

132 3627 269 3682 haberium
289 3623 403 3692 imbres,
424 3623 470 3680 alii
493 3623 595 3679 habeut
617 3621 727 3690 melius,
752 3625 933 3681 manationes
982 3625 1079 3694 oritur,
1095 3625 1254 3682 'eommunis
1278 3633 1320 3682 est
1342 3627 1422 3683 uobis
1445 3643 1506 3684 cum
1528 3627 1683 3699 pecoribus,
1709 3628 1783 3686 banc

133 3731 285 3788 aquaram,
311 3729 371 3786 quas
393 3712 521 3771 dicuutur
541 3711 729 3786 scaturigines,
755 3710 783 3766 id
802 3717 934 3784 astuque
982 3715 1085 3772 babere
1107 3715 1237 3770 domitam
1256 3721 1284 3769 et
1304 3714 1456 3770 ordinatam
1471 3714 1606 3787 pudicitiae
1619 3715 1705 3772 virtus
1720 3723 1779 3784 εει;

133 3803 169 3858 ab
191 3803 248 3858 imo
271 3801 440 3870 ehidlientes,
465 3800 528 3874 quia
542 3798 667 3856 lodemnt
680 3799 809 3872 AEgyptii,
825 3807 852 3856 et
867 3816 933 3856 san·
982 3803 1052 3860 hanc
1075 3811 1165 3858 autern
1188 3801 1281 3858 laxare
1305 3802 1339 3857 ad
1363 3817 1458 3858 omues
1472 3809 1572 3873 motus,
1592 3819 1668 3859 mors
1682 3803 1780 3861 anima

132 3891 246 3966 guinem
261 3905 312 3962 pro
326 3890 405 3962 aquis
427 3889 598 3946 invenerunt.
622 3887 734 3960 llystice
756 3889 809 3944 boc
824 3905 933 3962 quoque
983 3899 1033 3947 est.
1050 3891 1136 3946 biorte
1148 3889 1232 3963 igitur
1245 3889 1380 3961 pecudum
1395 3889 1540 3946 stultorum
1554 3906 1669 3948 occasus
1684 3899 1780 3948 osten·

130 3978 341 4052 intelligendum
365 3985 416 4035 est.
441 3981 520 4050 Aqua
538 3992 607 4051 ergo
621 3976 649 4032 in
663 3975 826 4050 sauguinem
841 3993 931 4049 versu,
981 3978 1064 4059 ditur,
1088 3977 1134 4050 qui
1158 3976 1232 4033 velut
1254 3977 1406 4034 bestialiter
1427 3977 1550 4036 viventes
1564 3986 1654 4036 motus
1668 3979 1778 4037 illicitos

130 4067 268 4142 siguificat
289 4066 352 4123 illos
371 4067 406 4122 de
428 4081 522 4122 rerum
543 4065 634 4122 causis
655 4064 798 4122 carnaliter
819 4065 930 4122 sentire.
981 4065 1154 4123 continentiae
1177 4064 1255 4122 ireno
1278 4081 1334 4122 uon
1356 4065 1485 4124 cohibent
1509 4085 1517 4121 :
1538 4069 1778 4142 recorrectionis

134 4157 212 4214 Sicut
234 4155 307 4211 enim
328 4154 392 4210 alibi
414 4169 485 4227 aqua
497 4161 617 4210 mutatur
630 4153 658 4208 in
674 4153 765 4210 viuum
781 4154 872 4225 (ioan.
889 4155 930 4226 ιι),
982 4171 1079 4212 eorum
1092 4155 1163 4226 iqui.
1183 4154 1242 4210 Nec
1257 4155 1310 4211 boc
1323 4153 1352 4210 in
1365 4155 1463 4212 Exodo
1476 4155 1584 4229 legitur,
1602 4157 1651 4213 sed
1664 4157 1780 4229 mystice

131 4259 183 4316 per
203 4242 278 4316 qaod
297 4241 464 4315 significetur
487 4242 598 4298 ιιιιιιιιιιο
610 4241 704 4314 populi
717 4241 747 4296 in
761 4241 877 4310 melius,·
896 4241 932 4299 ita
980 4250 1085 4300 tautum
1103 4241 1257 4316 intelligere
1280 4243 1414 4316 cogimur.
1440 4244 1515 4316 Ignis
1539 4259 1606 4319 ergo
1620 4245 1667 4318 qui
1680 4261 1735 4302 nou
1749 4245 1779 4301 iu

130 4334 178 4390 bic
200 4338 317 4388 mutatur
339 4331 368 4386 iu
391 4330 562 4403 sauguinem,
586 4345 637 4402 per
651 4345 733 4402 quem
753 4345 819 4386 caro
832 4331 933 4404 accipi·
945 4331 972 4394 Ι)
982 4330 1088 4400 Exodo,
1113 4330 1165 4386 uisi
1183 4345 1244 4387 cum
1260 4331 1394 4404 grandine
1408 4331 1436 4387 in
1451 4331 1482 4390 1
1492 4332 1568 4390 ⁸15
1584 4332 1735 4405 fulgoribus
1750 4339 1779 4389 ut

132 4429 189 4488 tur,
210 4427 240 4476 ut
262 4417 439 4492 significetur,
466 4419 529 4490 quia
543 4418 692 4491 spiritualia
705 4418 851 4476 carnaliter
865 4433 931 4476 seu·
981 4420 1086 4477 tructus
1110 4419 1222 4475 laederet
1245 4419 1375 4491 accipitur
1392 4437 1399 4474 ε
1415 4418 1461 4493 qui
1483 4427 1572 4477 tamen
1599 4436 1655 4476 uon
1678 4420 1780 4494 legitur

132 4511 212 4566 tiuut.
229 4508 357 4580 Sequitur
370 4507 495 4566 secunda
509 4509 593 4580 plaga
607 4507 707 4579 (dacii.
725 4508 796 4578 vm).
980 4507 1183 4580 possessionem
1220 4507 1384 4575 incendisse,
1419 4506 1554 4580 significat
1580 4507 1778 4564 immanitatem

167 4615 254 4671 vm,
271 4617 315 4671 50,
331 4645 366 4658 -
383 4637 395 4663 ,,
412 4615 447 4670 Eg
468 4613 541 4670 misi,
562 4613 590 4668 jn
622 4628 669 4669 ρο,
699 4613 881 4686 coenomyiam
904 4621 932 4670 θ,
980 4595 1138 4666 iracundia,
1167 4613 1228 4669 que
1251 4596 1332 4652 etiam
1355 4593 1385 4651 tit
1417 4594 1603 4652 homicidium.
1629 4595 1778 4669 [Cassiod.,

134 4728 145 4757 ι
162 4703 340 4762 comediteos
356 4719 363 4758 :
379 4710 521 4769 etruriam,
537 4709 564 4759 et
578 4701 742 4774 disperdidit
756 4717 813 4758 eos.
832 4723 844 4753 ι
981 4683 1025 4740 Gl·
1049 4682 1111 4756 inl·]
1134 4685 1184 4740 Vel
1197 4684 1269 4758 lini-‘l
1284 4693 1325 4740 est
1338 4683 1482 4755 iuliffillb
1500 4699 1561 4756 <1¹¹ae
1573 4684 1776 4756 l⁰⁸⁸0⁸³i⁰¹¹em

980 4772 1009 4827 id
1023 4779 1064 4828 εει
1077 4780 1177 4829 ειειιιιιι
1190 4772 1299 4840 mentis,
1315 4779 1342 4829 ει
1356 4770 1489 4844 quidquid
1502 4771 1567 4828 boni
1590 4781 1641 4840 est,
1663 4788 1697 4829 ex
1711 4772 1776 4828 dote

168 4812 246 4869 athir
270 4811 301 4867 iu
321 4827 367 4868 ecs
387 4809 571 4882 cenomgicm
585 4813 614 4866 ct
627 4807 750 4868 camedit
773 4823 817 4865 cos
835 4807 929 4882 [Aug-r
980 4867 1084 4918 napum
1098 4868 1194 4918 mgr,

131 4899 178 4958 Gl.
202 4900 263 4967 int,
289 4899 372 4973 Aug,
398 4896 536 4970 Cassiod]
551 4917 560 4954 ε
575 4913 636 4970 quae
661 4897 761 4954 dicitur
774 4913 867 4955 musca
882 4913 929 4954 ca-

128 4989 204 5044 nino.
230 4987 344 5060 blystice
368 4986 521 5059 coenomyia
545 4985 634 5042 canini
656 5001 748 5042 mores
773 4986 932 5059 suntquis
1008 4976 1102 5032 VERS-
1127 4978 1170 5032 5⁴·
1187 4997 1250 5024 -ι
1275 4974 1348 5032 Misit
1374 4975 1403 5030 51¹
1425 4991 1473 5032 00⁵
1497 4976 1566 5033 irum
1580 4974 1777 5048 indlssssfllifflifl

130 5093 214 5135 canes
233 5092 284 5132 nec
303 5083 440 5148 parentes,
464 5073 574 5148 quaudo
597 5081 747 5130 nascuntur
767 5074 862 5132 videre
885 5075 930 5131 di·
982 5087 993 5113 ‘¹
1019 5080 1086 5133 ⁸¹¹³,
1110 5062 1336 5136 indlgssssiifflleffls
1365 5071 1391 5120 θῑ
1413 5062 1493 5137 immi
1517 5072 1545 5122 θῑ
1564 5062 1775 5134 llibfflfliifflleffls

129 5173 240 5224 cuntur.
262 5164 335 5220 hlisit
355 5179 424 5238 ergo
446 5163 474 5219 iu
498 5179 546 5222 eos
563 5162 677 5220 caninos
701 5177 802 5232 mores,
827 5171 856 5219 ut
875 5179 930 5220 non
982 5147 1192 5204 “immilliffles
1205 5163 1256 5221 l)er
1269 5147 1383 5221 ⁸⁰8010⁸
1397 5148 1494 5205 malm·
1514 5173 1525 5198 ι

129 5257 296 5312 honorarent
310 5261 437 5325 parentes
451 5251 494 5310 vel
508 5251 655 5325 praelatos3
671 5255 700 5308 ct
715 5249 796 5308 misit
815 5269 928 5323 ronam,
1014 5253 1090 5310 uait
1103 5255 1135 5310 in
1159 5269 1215 5310 eoa.
1232 5251 1379 5327 [Cassiod]
1394 5253 1500 5312 Novem
1513 5253 1612 5328 plagas
1632 5270 1776 5312 enumera-

128 5349 158 5404 ει
171 5341 344 5417 disperdidit
361 5357 417 5400 car.
433 5339 547 5413 Mystico
560 5355 629 5396 rana
643 5347 685 5396 est
698 5338 799 5412 loquax
813 5341 928 5411 vanitas,
978 5341 1017 5399 rit
1031 5359 1038 5397 :
1054 5349 1116 5398 ante
1126 5357 1191 5398 vero
1201 5356 1284 5414 quarn
1294 5340 1429 5398 decimam
1439 5351 1566 5414 exponat,
1578 5344 1613 5399 ad
1623 5358 1777 5418 exaggera-

128 5442 157 5490 et
174 5429 312 5506 significat
335 5428 525 5504 garrulitatem
544 5428 745 5496 hereticorum,
771 5437 887 5501 quaeest
901 5430 930 5486 iu
978 5431 1081 5488 tionem
1094 5429 1179 5503 ipsius
1193 5429 1307 5488 decimae
1319 5431 1417 5505 plagae,
1433 5431 1486 5488 boc
1504 5432 1589 5504 ponit,
1611 5433 1710 5506 quibus
1725 5433 1778 5490 mi·

127 5519 253 5582 caenosis
268 5518 405 5591 sensibus,
419 5525 524 5576 utrana
536 5517 564 5574 in
579 5533 658 5576 coeao
671 5525 798 5577 versatur
978 5520 1081 5578 niatris.
1097 5520 1132 5577 lit
1145 5527 1209 5576 tuuc
1223 5517 1276 5577 illa
1290 5515 1429 5593 figurales,
1446 5527 1471 5578 et
1484 5536 1558 5579 nunc
1576 5520 1636 5582 ista
1651 5521 1777 5595 spiritua·
