3870 6064
12 901 19 918 ’
112 934 225 990 penas.
246 918 358 974 Suutt‘u
369 919 530 992 qemitibus,
546 933 600 974 non
616 926 704 974 morte
724 917 865 974 tolluntur.

112 227 167 280 305
610 222 894 304 COMMENTARIUM
907 223 944 282 ΙΝ
958 223 1127 283 Psatttos.
1143 255 1176 268 —
1196 227 1289 282 eset.
1306 226 1397 283 XXX.
1716 227 1769 284 306

153 346 232 403 V¹¹⁸
257 349 302 404 ¹²·
326 377 361 389 ··
388 368 399 397 ¹
426 344 680 416 Qu⁰¹11⁸md0f005¹
705 347 742 401 5¹¹*
754 346 848 404 d⁰l⁰i0
868 345 924 403 ist*
938 348 1034 421 Aaron
1044 366 1204 439 impiaquet
1214 371 1300 440 eaput
1311 383 1404 424 meum
1413 367 1500 438 (Psoi.
1510 369 1585 440 cxc).
1596 368 1674 424 Unde
1683 366 1770 424 alibi:

119 457 132 486 ¹
149 450 225 503 ¹⁰0⁸·
243 441 271 491 0¹
283 435 349 490 “mli
362 433 417 491 mei
432 435 460 489 in
475 433 633 507 demitibffl·
653 457 664 483 ¹·
975 454 1165 510 tlettorosunt
1174 455 1291 510 vulnero
1301 453 1380 511 63
1394 454 1550 526 diliqeuiis,
1563 472 1646 530 quum
1653 455 1774 528 fraudet·

155 566 299 635 Quoniam
309 566 414 638 desem
427 565 692 637 „itatempmlqsin
703 566 796 623 popm
807 574 924 622 tormen,
976 541 1291 639 lentaosculaodieuiis
1312 543 1404 612 (Pron.
1422 543 1518 614 xxrtr).
1546 545 1580 598 Et
1604 543 1692 600 alibi:
1718 543 1770 600 liei

117 661 220 724 mmm,
246 654 305 726 (Gl-
324 653 386 726 im.)
400 654 479 726 quasi
496 654 569 711 dicat
584 670 590 710 :
607 655 659 709 per
672 654 769 728 long„
783 662 810 710 θ,
823 670 923 726 grave,
973 628 1085 683 distillat
1098 630 1132 685 de
1148 629 1226 685 labiis
1240 630 1404 686 meretricis.
1422 631 1452 686 ln
1466 629 1546 685 labiis
1568 647 1634 688 vero
1659 639 1769 688 sancto·

118 741 268 813 mom
290 742 326 798 ad
346 750 462 798 monem
486 743 616 814 perducta
637 750 679 797 es,
690 757 811 814 pmsens
825 742 880 798 vim
894 747 923 798 εἰ
973 733 1031 771 rum
1046 732 1121 772 mors
1145 726 1196 784 εει,
1222 718 1265 774 vel
1284 718 1402 791 gladius,
1425 734 1480 790 quo
1502 726 1647 789 peccantes
1670 718 1770 775 feriunt

114 831 190 884 mi
208 832 278 895 mei,
295 830 447 901 (Cassiod.)
461 829 489 886 id
510 839 561 896 esu
585 831 668 904 longa
691 830 744 886 vim
769 830 873 885 dumus
887 830 922 885 ad
973 803 1049 876 quasi
1064 804 1124 859 irati
1138 805 1212 861 bona
1226 813 1265 860 est
1280 807 1338 862 haec
1353 807 1401 860 ira.
1418 806 1516 877 iniqua
1539 813 1629 861 sutem
1650 814 1693 862 est
1711 805 1768 872 illa,

972 909 1033 962 quae
1048 893 1145 948 transit
1157 893 1184 947 in
1199 893 1301 948 odium.
1319 894 1396 950 Unde
1414 893 1559 964 Apostolus
1575 911 1582 949 :
1598 894 1644 950 Sol
1655 909 1769 949 concc-

971 979 1141 1054 cidutcuper
1150 981 1330 1038 iracundiam
1354 985 1477 1038 vestrum
1486 981 1595 1055 (Epiros.
1609 981 1661 1052 ιν).
1673 977 1767 1054 [lup]

166 1049 257 1106 um.
273 1053 317 1105 ¹³·
332 1072 392 1097 -·
413 1049 551 1105 luimus
565 1057 607 1105 est
621 1049 649 1104 in
663 1057 820 1121 paupertate
835 1048 920 1106 virtus
971 1067 1059 1138 siper
1072 1068 1144 1124 tuam
1169 1069 1267 1125 oecion
1290 1069 1341 1136 sot,
1367 1085 1427 1141 (με
1450 1069 1532 1126 nsua
1547 1069 1641 1126 ortum
1664 1068 1766 1137 tratre,

108 1159 121 1184 ¹
139 1153 215 1203 mea·
232 1145 260 1194 θῑ
273 1153 409 1193 Ossam&
437 1137 598 1194 00fl²1¹fb³⁸⁸
613 1144 717 1193 ΜΗ
970 1155 1029 1211 brec
1051 1155 1161 1212 oculum
1184 1156 1339 1230 exstinguit.
1380 1156 1510 1230 [stanin]
1534 1158 1577 1213 Ira
1613 1156 1685 1214 enim
1717 1173 1768 1229 per

151 1243 307 1313 Infirmata
320 1244 464 1300 catuirtus
473 1259 546 1309 meu,
562 1243 607 1299 vel
620 1243 773 1298 infirmatus
788 1242 920 1313 estvigor
969 1242 1063 1299 vitium
1078 1243 1186 1299 oculum
1202 1243 1589 1302 mentisexcaecat.1raenim
1610 1261 1660 1316 per
1679 1246 1767 1302 zelum

110 1347 206 1398 meus,
222 1330 276 1386 alia
289 1329 387 1399 littera,
413 1331 444 1386 in
464 1335 631 1404 paupertate
651 1330 695 1386 vel
708 1329 918 1403 egestate'lllia
969 1329 1067 1395 turbat,
1083 1330 1144 1401 quia
1160 1338 1186 1386 et
1209 1331 1267 1388 lraec
1291 1347 1422 1388 concussa
1445 1340 1535 1389 mente
1556 1334 1766 1405 contemplatio-

111 1418 217 1486 littera‚
249 1419 346 1492 (Aug.)
380 1433 450 1490 egeo
465 1417 538 1474 enirn
569 1418 681 1474 sanitate
704 1418 837 1490 corporis,
866 1435 918 1474 nee
968 1433 1031 1473 naut
1047 1417 1170 1488 dissipat,
1195 1436 1256 1491 qum
1279 1429 1394 1476 nonest
1415 1420 1466 1475 nisi
1488 1421 1517 1476 in
1542 1419 1632 1494 quieta
1655 1429 1764 1490 mente;

110 1505 238 1578 parcitur
259 1505 433 1574 eruciatibus,
450 1522 520 1579 egeo
537 1505 712 1574 resolutione,
742 1513 768 1562 et
796 1506 917 1578 parcitur
967 1505 1017 1561 sed
1031 1505 1094 1560 inde
1110 1513 1171 1578 post
1184 1507 1325 1578 paululum
1347 1507 1410 1579 plus
1430 1506 1537 1579 proficit
1562 1508 1763 1566 adridendum

111 1592 209 1663 morti,
242 1600 269 1650 et
291 1593 381 1652 inboc
401 1591 536 1648 infirmata
560 1603 602 1649 est
627 1593 714 1650 uirtus
739 1610 808 1661 mea,
833 1595 916 1650 idest
968 1594 1064 1660 Deum,
1081 1601 1109 1648 ut
1124 1593 1255 1651 collirium
1271 1595 1358 1651 oculis
1372 1595 1535 1667 appositum,
1556 1595 1633 1667 prius
1653 1605 1762 1668 pertur-

110 1681 218 1738 fidueia
240 1697 314 1748 msa,
336 1686 365 1738 ei
388 1699 450 1740 octa
474 1699 537 1740 men
551 1682 719 1739 conturbata
733 1686 811 1747 suut,
832 1682 858 1737 id
874 1681 1012 1753 estBbat
1026 1681 1124 1748 visum,
1141 1681 1190 1737 sed
1203 1690 1265 1754 post
1280 1683 1425 1738 clariorem
1446 1683 1543 1738 reddit.
1573 1685 1613 1740 De
1642 1685 1693 1740 hac
1722 1685 1764 1741 ira

109 1769 232 1826 firmitas
257 1785 319 1825 mes
343 1771 506 1826 conturbata
529 1777 580 1825 est.
597 1769 646 1826 Vel
661 1769 695 1826 de
710 1770 750 1824 ira
773 1770 824 1826 Dei
845 1771 913 1844 agit,
966 1768 1025 1841 agit
1048 1769 1111 1836 iste,
1137 1769 1257 1826 dicens:
1280 1771 1463 1826 conturbatus
1486 1778 1528 1826 est
1559 1771 1654 1828 oculus
1685 1788 1763 1829 meus

112 1858 270 1928 (Cassiod.)
300 1858 347 1930 qui
376 1858 462 1913 iratus
493 1858 604 1929 exponit
614 1865 723 1915 sanctos
755 1859 917 1930 quandoque
966 1856 1080 1912 interior
1106 1857 1134 1912 in
1162 1858 1212 1918 ira.
1244 1857 1270 1912 id
1300 1865 1340 1913 est
1367 1867 1479 1930 propter
1506 1859 1574 1915 iram
1601 1875 1701 1916 meam.
1729 1861 1765 1916 Et

108 1946 221 2019 magnis
250 1945 479 2001 tribulationibus.
504 1945 589 2015 Quasi
613 1946 687 2003 dicat
703 1965 710 2001 :
727 1947 803 2003 lldeo
828 1947 915 2002 tribu·
966 1943 1054 2000 anima
1070 1960 1140 2012 mea,
1156 1945 1184 2000 id
1198 1953 1240 2001 est
1255 1945 1425 2001 sensualitas.
1449 1948 1482 2002 Et
1506 1955 1601 2002 venter
1620 1963 1708 2016 meus,
1734 1949 1761 2003 id

108 2035 164 2100 lor,
192 2033 264 2104 quod
282 2033 379 2091 oculus
403 2049 490 2102 meus,
516 2033 617 2106 (Hier.)
640 2035 668 2089 id
687 2042 730 2091 est
749 2034 912 2098 intellectus,
965 2039 1006 2087 ast
1019 2032 1110 2086 omnia
1125 2031 1256 2088 interiora
1270 2049 1340 2089 mea.
1357 2033 1451 2108 [lup]
1463 2033 1591 2090 irascitur
1615 2035 1687 2091 enirn
1710 2035 1761 2092 iste

108 2138 169 2194 qno
198 2128 235 2191 ιε,
259 2137 276 2178 o
302 2122 378 2178 Deus
398 2122 611 2192 contemplabar,
635 2122 811 2179 conturbatus
826 2130 867 2178 est
886 2123 914 2178 in
964 2119 1084 2191 peccatis
1099 2121 1248 2192 psleamm,
1264 2137 1318 2177 non
1333 2130 1424 2177 tamen
1438 2121 1505 2191 odit,
1529 2121 1557 2178 in
1580 2137 1634 2196 quo
1654 2123 1758 2180 exstin-

106 2210 151 2266 ira
174 2217 221 2266 tua
234 2217 261 2267 et
275 2209 366 2265 anima
380 2224 443 2266 mea
455 2217 483 2267 et
497 2217 590 2266 center
604 2226 692 2266 meus.
710 2211 808 2283 (Aug.)
823 2212 913 2268 lratus
962 2215 1095 2280 queretur
1117 2209 1222 2264 oculus.
1247 2210 1348 2265 Venter
1366 2225 1417 2280 pro
1438 2209 1614 2281 interioribus
1639 2211 1757 2284 ponitur,
1788 2195 1794 2206 ’

106 2299 185 2354 enim
207 2297 322 2354 turbasti
345 2297 455 2354 oculum
479 2313 562 2370 quem
584 2298 720 2354 habebam
743 2298 770 2353 in
805 2305 841 2354 te.
865 2301 910 2365 Et,
962 2311 1022 2368 quae
1036 2295 1188 2364 turbantur,
1205 2298 1314 2368 quaudo
1338 2312 1390 2354 nec
1413 2298 1514 2369 corripi
1532 2305 1647 2370 possunt
1670 2297 1755 2371 impii,

107 2386 242 2452 animani,
257 2386 337 2442 idest
352 2385 569 2452 sensualitatem,
585 2394 622 2453 et,
634 2393 766 2454 ventrem,
778 2386 910 2458 (Alcuiu.)
962 2383 1061 2455 quibus
1075 2399 1129 2439 non
1143 2385 1242 2440 clamat
1256 2384 1338 2450 clare,
1361 2384 1411 2440 sed
1432 2385 1504 2440 intus
1528 2385 1692 2459 ingemiscit,
1714 2386 1757 2442 di-

108 2475 136 2530 id
151 2481 198 2530 εει
211 2473 371 2530 memoriam
381 2489 435 2545 qua
446 2473 573 2530 tenebam
587 2473 654 2553 quid
667 2489 717 2545 pro
732 2489 776 2530 me
791 2474 912 2545 pertule—
960 2487 1026 2527 oens
1043 2489 1049 2525 :
1066 2469 1202 2540 Quoniam
1217 2471 1324 2538 deiecit,
1342 2471 1421 2544 quasi
1436 2471 1508 2528 dieat
1523 2490 1531 2527 :
1548 2471 1612 2529 ideo
1633 2473 1758 2530 turbatus

107 2562 155 2629 ris,
184 2570 212 2618 ει
229 2561 293 2634 quid
312 2561 378 2617 milri
399 2561 566 2632 promiseris.
589 2560 741 2633 (Cassiod.)
754 2562 909 2620 Intellectus
960 2567 1001 2615 est
1015 2559 1121 2626 oculus,
1136 2559 1265 2632 quoniam
1278 2559 1334 2616 vita
1348 2574 1412 2617 mea
1425 2559 1525 2617 defecit
1539 2559 1566 2615 in
1581 2559 1686 2629 dolore,
1702 2561 1757 2619 vita

105 2649 324 2717 enimturbatur,
341 2657 368 2706 et
382 2649 489 2705 animus
502 2648 686 2718 confunditur,
703 2651 813 2720 quando
831 2651 908 2722 peri·
958 2646 1141 2719 perfectorum
1157 2655 1184 2703 et
1196 2647 1333 2719 proiectus
1348 2646 1474 2703 aliorum.
1491 2647 1568 2705 Unde
1583 2648 1730 2720 Apostolus
1746 2667 1753 2705 :

104 2737 171 2795 cula
211 2736 389 2793 formidantur
422 2736 521 2809 quibus
552 2737 626 2792 Deus
648 2745 757 2792 sanctos
788 2738 906 2809 exponit.
959 2735 1361 2800 Nuncvivt'mua,siuotsiuiis
1378 2738 1410 2792 itt
1433 2736 1588 2808 Dotttino(i
1603 2736 1680 2794 Thes.
1704 2737 1757 2810 ιιι).

104 2827 150 2893 Ει,
178 2833 273 2881 uenter
294 2825 427 2894 turbatur,
451 2824 478 2880 id
499 2832 541 2880 est
561 2826 702 2895 memoria,
724 2842 785 2898 quae
799 2826 908 2882 notitias
958 2821 1755 2896 utitem:duptodusotvteteueeumcineta-manere

105 2930 212 2981 rerum,
239 2911 315 2985 quasi
338 2921 433 2969 venter
456 2927 535 2969 escas
559 2913 662 2984 recipit.
688 2914 751 2972 liaec
766 2915 906 2982 memoria,
957 2915 1054 2966 autem
1067 2911 1098 2965 in
1113 2927 1208 2979 carne,
1228 2912 1419 2967 necessarium
1435 2916 1477 2968 eat
1488 2915 1605 2985 propter
1619 2929 1665 2970 vos
1680 2911 1755 2984 (Piti-

105 3001 216 3057 babens
236 3000 265 3055 in
288 3015 318 3056 se
334 3001 455 3072 reposita
468 2999 607 3072 promissa
621 3001 682 3066 Dei,
700 3003 827 3058 turbatur
849 3003 903 3058 im·
959 2999 1025 3070 lipp.
1043 2998 1095 3070 tu).
1113 2999 1180 3054 Cum
1194 3007 1283 3054 autem
1298 2997 1371 3054 videt
1385 2998 1482 3070 aliquis
1497 3015 1530 3055 ex
1551 2999 1755 3072 dispensatione

103 3089 273 3145 minantibus
296 3088 435 3160 periculis.
458 3089 524 3144 lude
547 3097 588 3144 est
611 3090 727 3146 turbatio
753 3099 780 3144 et
804 3100 902 3147 metus.
956 3099 1015 3152 sua,
1028 3093 1055 3141 ci
1069 3101 1102 3140 ex
1112 3085 1250 3142 laboribus
1265 3086 1331 3154 suis,
1361 3093 1387 3142 el
1409 3087 1603 3158 praedicatione
1626 3103 1674 3143 stra
1697 3103 1753 3143 non

105 3175 245 3246 Quoniam
264 3175 319 3232 vita
343 3191 415 3243 mea,
440 3178 537 3248 (Aug.)
560 3175 588 3231 id
611 3184 662 3244 est,
678 3177 815 3235 confessio
830 3177 903 3250 tldet,
953 3171 1234 3244 profluet-elumbes,
1250 3173 1323 3230 dolet
1346 3181 1373 3230 et
1400 3173 1445 3240 ait,
1474 3173 1574 3230 defecit
1601 3175 1628 3229 in
1657 3174 1753 3231 dolore

105 3273 132 3320 et
145 3264 187 3319 tui
201 3263 331 3330 nominis,
346 3279 363 3319 o
377 3265 460 3331 Deus,
477 3263 577 3321 deterit
592 3264 619 3319 in
635 3265 731 3322 dolore
753 3273 904 3323 tormento-
953 3259 1008 3316 vita
1021 3275 1093 3328 mea.
1109 3261 1204 3316 videns
1227 3276 1281 3317 nan
1305 3259 1437 3332 proficere
1458 3277 1507 3317 eos
1530 3261 1628 3333 quibus
1650 3261 1751 3333 praedi-

103 3369 185 3420 rum,
202 3360 231 3409 ει
245 3352 309 3408 anni
330 3351 394 3419 mei,
414 3351 566 3424 (Cassiod.)
586 3353 615 3408 id
634 3361 685 3420 est,
707 3362 828 3425 tempora
843 3371 904 3427 que
954 3357 997 3404 cat
1015 3365 1021 3404 ε
1038 3357 1066 3405 ει
1079 3348 1141 3403 anni
1156 3348 1221 3415 mei,
1237 3348 1264 3404 id
1285 3357 1328 3404 est
1349 3357 1470 3421 tempora
1488 3365 1549 3422 quta
1571 3349 1615 3407 bie
1644 3365 1707 3424 ago,
1723 3358 1751 3407 et

100 3442 146 3497 hie
171 3439 273 3496 diutius
296 3453 362 3513 ago,
381 3447 453 3506 sunt,
477 3441 504 3496 in
527 3441 683 3512 gemitibus.
708 3457 763 3498 non
778 3443 806 3498 in
822 3443 903 3500 elaris
952 3452 1008 3492 non
1022 3437 1049 3492 in
1066 3437 1279 3504 clarisvocibus,
1294 3438 1352 3506 sed,
1367 3437 1395 3492 in
1419 3437 1564 3509 gemitibus
1588 3446 1660 3506 sunt,
1685 3438 1749 3511 quin

102 3527 233 3586 vocibus.
259 3529 296 3585 Bt
316 3527 403 3584 virtus
418 3543 490 3596 mea,
507 3529 610 3586 scilicet
624 3529 711 3585 virtus
725 3530 809 3585 animi
823 3529 902 3586 infir·
952 3525 1072 3580 abundst
1087 3525 1215 3597 iniquitas
1229 3525 1386 3582 multorum.
1396 3527 1430 3582 Et
1444 3526 1529 3582 virtus
1542 3542 1604 3582 mea
1612 3525 1749 3584 infirmata

101 3626 177 3672 nasta
200 3623 251 3681 εει,
276 3616 313 3671 ita
336 3623 366 3672 ut
383 3617 482 3672 taedeat
505 3616 586 3672 etiam
607 3617 708 3686 uivere,
729 3618 861 3690 (llleuin.)
876 3627 901 3675 et
952 3620 993 3668 est
1006 3612 1034 3668 in
1049 3619 1218 3684 paupertate,
1233 3613 1276 3670 vel
1285 3622 1417 3686 egestate,
1433 3614 1498 3686 quia
1515 3613 1668 3688 refrigescit
1683 3615 1748 3671 cha·

100 3706 154 3761 hoe
178 3704 205 3759 in
220 3711 380 3776 paupertate
395 3703 440 3760 vel
454 3712 587 3777 egestate,
608 3705 637 3760 id
655 3713 698 3761 est
711 3705 740 3760 in
753 3706 901 3780 indigentia
951 3700 1018 3756 ritas
1032 3701 1187 3766 multorum,
1205 3707 1231 3756 ει
1245 3717 1309 3756 ossa
1319 3717 1381 3757 mea
1396 3701 1553 3757 conturbate
1577 3710 1649 3769 sunt,
1666 3702 1750 3760 idest

99 3791 288 3865 plenitudinis,
310 3791 468 3864 (Cassiod.)
490 3793 553 3865 quia
573 3792 691 3849 bumana
720 3793 849 3865 fragilitas
863 3794 901 3850 nil
950 3788 1035 3844 lortes
1050 3787 1133 3844 etiarn
1147 3803 1198 3859 pro
1213 3789 1392 3860 peccantibus
1407 3788 1505 3843 turbati
1521 3797 1596 3844 sunt.

100 3881 167 3936 boni
187 3880 269 3936 babet
286 3879 313 3936 in
330 3897 372 3936 se.
401 3881 435 3935 Et
448 3895 511 3936 ossa
524 3895 586 3936 rnea
600 3881 761 3938 conturbata
776 3890 848 3950 sunt,
869 3883 897 3938 id

100 3977 142 4024 ω
168 3967 298 4024 foffimdo
331 3968 456 4040 corporis
489 3969 653 4025 conturba,
683 3977 733 4025 esp·
766 3970 819 4026 pel.
848 3972 900 4027 hoc
986 3947 1071 4001 Vsus.
1091 3947 1134 4001 tt.
1150 3976 1185 3987 -
1200 3945 1288 4016 Super
1302 3960 1397 4000 omnes
1414 3943 1539 4002 inimicos
1565 3961 1641 4002 meos
1656 3945 1746 4004 iaetus

99 4055 255 4112 ostenditur
279 4055 350 4128 quod
372 4071 425 4113 m
445 4056 473 4111 in
487 4056 587 4124 anima,
607 4072 660 4114 nec
674 4057 701 4112 in
717 4073 831 4130 comm
846 4059 900 4114 ulla
952 4053 962 4084 ι
979 4049 1038 4088 surn
1053 4032 1232 4105 opprobrium
1247 4033 1420 4090 vicinismeis
1435 4032 1525 4099 ualde,
1542 4041 1568 4090 et
1583 4035 1663 4108 timop
1673 4035 1744 4093 uotis

97 4151 187 4215 potest
208 4159 271 4199 asse
294 4143 413 4200 hominis
437 4145 623 4217 praesumptio·
647 4145 697 4202 Vel
720 4145 754 4202 de
782 4146 823 4202 ira
849 4162 900 4202 sua
952 4137 1092 4178 ‘mm’

63 4259 76 4284 ·
97 4230 212 4305 propria
233 4231 291 4304 agit
313 4232 358 4288 hic
382 4241 494 4289 sanctus
517 4233 569 4290 vit.
601 4235 643 4289 Ira
675 4235 747 4290 enim
773 4235 826 4291 alit
858 4245 900 4292 esi
981 4245 1069 4316 Super
1077 4261 1186 4302 munes.
1202 4245 1270 4301 Item
1284 4245 1343 4301 brec
1358 4244 1491 4302 Ecclesiae
1513 4262 1567 4304 uox
1582 4256 1632 4317 est,
1650 4249 1743 4324 [lup]

95 4321 183 4388 justa,
198 4319 254 4374 alia
266 4320 369 4392 iniqua,
395 4322 460 4392 quia
474 4320 527 4376 alia
541 4330 582 4378 est
596 4337 648 4395 per
659 4323 765 4391 vitium,
780 4324 833 4380 alia
848 4341 898 4396 per
948 4330 975 4386 id
989 4339 1031 4387 est
1044 4331 1137 4404 populi
1148 4331 1245 4402 fidelis,
1262 4333 1308 4406 qui
1318 4332 1364 4400 sit,
1371 4337 1468 4406 factata
1483 4352 1547 4391 sum
1560 4337 1742 4409 opprobrium

97 4407 196 4462 zelum.
223 4408 265 4464 lra
284 4409 359 4477 justa
378 4417 429 4478 est,
445 4408 541 4482 (Aug.)
555 4425 609 4482 qua
622 4410 749 4466 irascitur
763 4412 825 4483 quis
839 4413 896 4468 suis
945 4434 1032 4492 super
1045 4421 1174 4478 inimicos
1184 4437 1269 4484 meos,
1280 4420 1368 4488 idest,
1381 4423 1686 4494 superomnesiniquos
1696 4425 1743 4496 qui

96 4504 123 4551 ει
151 4488 247 4551 alienis
274 4496 405 4567 peccatis,
448 4497 543 4553 videns
576 4499 700 4554 homines
735 4499 896 4556 confitentes
946 4515 1104 4580 torquentur
1117 4525 1165 4580 pro
1180 4509 1330 4565 sceleribus
1354 4510 1410 4564 suis
1437 4526 1523 4582 usque
1537 4511 1573 4566 ad
1587 4510 1741 4569 confessio-

97 4583 195 4650 Deum
204 4597 263 4648 ore,
275 4590 302 4638 et
311 4591 444 4655 negantes
452 4585 583 4652 moribus,
596 4585 784 4643 renuntiantes
794 4588 895 4643 saeoulo
944 4610 1019 4650 uem.
1039 4595 1141 4652 Horum
1156 4597 1333 4668 opprobrium
1359 4613 1471 4670 supero,
1486 4599 1562 4667 cuius
1589 4597 1739 4656 confessio·

96 4669 188 4726 verbis
211 4677 238 4726 et
259 4686 314 4726 nou
335 4670 425 4738 iactis,
446 4680 473 4729 et
485 4672 582 4728 uidens
596 4673 692 4730 iratres
708 4674 836 4730 iratribus
850 4676 894 4732 in-
920 4699 923 4706 ·
945 4697 1018 4749 nem,
1038 4699 1092 4738 non
1103 4700 1187 4750 mors,
1204 4685 1253 4740 sed
1264 4685 1399 4740 eruciatus
1409 4685 1544 4757 sequitur.
1568 4684 1674 4754 Quibus
1688 4702 1740 4742 aa·

95 4757 237 4828 adientes,
253 4758 375 4814 osculum
399 4759 507 4828 denies,
529 4767 557 4817 02
574 4760 655 4818 fidem
671 4778 726 4819 ⁰0¹¹
741 4772 892 4829 servantes,
943 4779 996 4826 tem
1008 4769 1054 4826 fiat
1067 4772 1244 4843 opprobrium
1256 4773 1428 4840 determinat,
1442 4774 1538 4830 diceus
1548 4775 1736 4839 uicinitmes'a.

94 4845 191 4919 quales
213 4847 309 4919 genuit
323 4847 374 4902 iste
407 4847 527 4904 existens
542 4856 672 4921 tauquam
692 4865 809 4924 grcnmn
823 4852 894 4908 inter
943 4857 972 4913 id
985 4865 1037 4924 est,
1049 4859 1090 4914 his
1106 4860 1215 4932 quijam
1226 4861 1341 4932 proximi
1356 4868 1418 4916 sunt
1433 4860 1498 4917 iudei
1510 4877 1587 4928 mesa,
1604 4870 1631 4918 et
1651 4863 1736 4920 timor

93 4933 199 5006 paleas,
225 4941 253 4990 et
276 4934 353 5006 qnasi
363 4935 449 4991 lilium
471 4937 543 4992 inter
557 4938 660 5010 spinas,
676 4939 777 5012 quibus
791 4941 894 4996 condoss
944 4949 1019 5004 uotis
1038 4948 1118 5012 tusis,
1136 4948 1164 5002 id
1192 4957 1242 5014 est,
1274 4949 1340 5020 ipsis
1362 4949 1433 5005 notis
1464 4950 1588 5006 timorem
1625 4949 1736 5017 incussi,

93 5021 141 5087 iet,
168 5029 196 5077 et
216 5021 347 5078 irascitur
369 5039 403 5078 ex
424 5025 565 5082 charitate.
598 5027 676 5083 Unde
708 5028 794 5083 alibi:
811 5030 893 5086 zetus
943 5034 1069 5106 exemplo
1078 5035 1217 5091 horribilis
1229 5036 1419 5092 tribulationis.
1437 5037 1484 5092 Vel
1499 5037 1550 5092 ita:
1568 5037 1666 5093 Faetus
1677 5054 1737 5093 suun

93 5110 193 5168 mut
204 5111 455 5178 tuoeeomedttme,
468 5116 893 5189 etopprobriaeaeprobraatium
942 5123 1116 5193 opprobrium
1133 5122 1221 5190 valde,
1234 5125 1321 5180 etboc
1335 5140 1384 5195 pro
1399 5125 1441 5180 his
1452 5125 1577 5190 inimicis,
1594 5125 1640 5196 qui
1663 5133 1735 5194 sunt,

93 5199 144 5254 titt
157 5199 326 5256 ceciderunt
338 5216 425 5274 super
435 5217 480 5257 me
490 5201 579 5273 (Paul.
596 5204 705 5275 cxvru).
715 5205 748 5260 Et
763 5205 893 5262 Solomou
942 5225 1025 5281 super
1039 5225 1133 5266 omues
1147 5211 1271 5268 inimicos
1294 5227 1380 5278 meos,
1411 5212 1438 5266 id
1460 5212 1562 5284 estqui
1581 5222 1643 5268 suut
1657 5213 1736 5270 dete-

92 5287 148 5342 ait:
162 5287 476 5362 Heliorestmanisectu
490 5291 893 5364 maeotiaquomamorcbs-
942 5297 1029 5353 riores
1058 5298 1183 5353 omnibus
1217 5299 1278 5354 aliis
1299 5299 1416 5355 inimicis
1445 5298 1523 5355 meis.
1556 5301 1660 5358 Inimici
1675 5310 1738 5358 sunt

90 5376 224 5432 mudum
237 5379 335 5446 (Prae.
356 5378 451 5448 xxtu),
467 5379 532 5450 quia
546 5379 641 5435 melior
655 5388 697 5436 est
707 5380 783 5436 irael
795 5397 893 5452 aspera
941 5385 1042 5456 pagani
1058 5385 1193 5451 etludaei,
1224 5387 1272 5444 sed
1297 5387 1424 5443 omnibus
1446 5388 1554 5459 pejores
1582 5398 1644 5446 sunt
1676 5388 1737 5446 salsi

89 5463 242 5535 increpatio
256 5463 309 5519 viri
323 5465 409 5521 sandi
422 5473 495 5536 apta,
511 5482 592 5538 quam
602 5468 751 5524 adulatoris
765 5477 891 5524 asseuts-
942 5473 1096 5540 Christiani,
1113 5474 1189 5545 pejus
1204 5475 1276 5530 euim
1290 5477 1406 5547 paganis
1418 5485 1445 5532 et
1459 5474 1560 5534 ludaeis
1574 5477 1738 5534 vituutmali

89 5550 620 5614 uotmuverrtuemooautuns.u1ue:
634 5557 892 5630 Oleumpeccuton's
941 5560 1096 5624 Christiani,
1121 5578 1189 5635 quos
1209 5564 1343 5635 propbeta
1371 5565 1498 5623 Ezechiel
1520 5575 1659 5637 comparat
1675 5579 1736 5622 sar-
