3906 6056
107 227 177 284 tila
434 224 687 283 coniecturae
705 225 742 282 ΙΝ
762 223 870 282 EPIST.
891 224 924 281 D.
945 225 1058 284 reum.
1080 256 1114 270 -
1133 229 1171 285 ΙΝ
1189 228 1244 287 EP.
1264 230 1313 286 tn
1332 230 1418 289 ΗΘΜ.
1684 236 1753 290 tito

105 355 199 404 tamen
212 346 300 403 bonus
314 347 372 418 ejus
386 365 451 404 usus
472 349 688 424 gloriosissimos
714 357 849 423 martyres
863 349 943 412 ie·A
958 352 1010 408 Sua
1020 351 1104 426 igitur
1116 353 1188 409 bona
1201 353 1407 428 quibuscunque
1417 354 1590 423 Deusdonat,
1599 356 1694 426 procul
1706 357 1755 413 du·

107 435 154 494 cit.
170 435 352 508 ideoquenon
363 437 451 494 solum
471 438 540 510 ipsa,
559 440 608 495 aed
624 439 707 495 etiam
721 438 811 496 omnia
826 439 906 509 hujus
956 440 1001 496 bio
1011 440 1214 497 sedoueturum
1225 458 1287 498 asse
1297 443 1442 514 prescivit,
1455 450 1480 499 ει
1491 443 1519 498 in
1530 443 1756 516 suspraescientia

108 523 907 601 seculimale‚labores,doioresquehomiuumquanquam
956 530 1132 601 preparavit.
1153 529 1300 586 Sciendum
1313 546 1379 588 vero
1401 532 1463 604 quia
1484 532 1647 604 preparavit
1670 534 1753 600 Deus,

108 614 329 686 depeccetorum
343 615 501 672 etmaxime
516 617 550 672 de
564 615 707 690 originalis
727 616 833 690 peccati
847 632 907 672 mc·
957 626 983 673 ει
1012 617 1090 674 maiis
1121 618 1213 690 ignem
1240 627 1383 690 eternum,
1411 619 1466 674 illis
1485 620 1576 692 utiquc
1595 636 1664 694 quos
1683 621 1757 691 iuste

108 701 169 758 ritis
196 701 311 771 veniant,
337 719 392 776 quo
412 703 486 761 iacta
507 712 549 760 est
582 713 609 762 et
632 704 692 777 ipsa
715 705 770 761 rita
799 704 908 762 viuculo
956 705 1121 778 preparavit
1138 706 1172 761 ad
1187 707 1286 762 luenda
1301 706 1444 779 supplicia,
1459 724 1511 763 nac
1537 716 1626 764 tamen
1645 725 1756 781 prepa-

108 788 205 846 mortis
219 790 361 858 obstricta,
377 799 468 848 emen
487 791 568 849 etiem
584 792 706 849 remissis
720 793 840 866 peccetis
865 809 909 849 re·
958 793 1025 850 ravit
1045 795 1079 849 ad
1100 793 1225 850 iacienda
1250 802 1365 867 peccata
1387 796 1472 866 (263).
1498 796 1661 866 Preparerit
1684 797 1758 852 enim

109 894 222 935 manere
253 879 404 936 debuerunt
427 881 520 953 (aar),
536 889 565 938 ut
596 881 710 938 haberet
740 883 823 938 horno
847 897 908 938 cum
958 882 1032 938 Deus
1045 881 1118 955 qnod
1132 882 1225 939 divina
1238 883 1351 954 equitas
1376 883 1514 950 redderet,
1539 899 1594 939 non
1609 885 1682 956 quod
1705 885 1758 941 hu·

109 967 210 1039 quibus
225 983 276 1038 pru
291 967 405 1024 veritate
431 977 557 1036 certaret,
587 979 614 1026 et
639 972 711 1026 unde
736 976 909 1044 exerceretur
957 985 1041 1026 mena
1062 969 1193 1042 iniquitas
1211 971 1354 1026 amitteret.
1377 972 1439 1026 Nou
1460 972 1532 1027 enim
1556 971 1626 1029 sicut
1649 989 1759 1045 prepa-

108 1055 196 1111 virtus
211 1053 341 1124 fidelium,
356 1064 385 1112 ut
398 1072 485 1113 novus
494 1058 576 1114 homo
591 1058 662 1115 inter
678 1060 736 1115 hec
751 1058 822 1114 mela
837 1072 909 1114 novo
959 1059 1025 1114 ravit
1040 1067 1150 1116 sanctos
1166 1058 1202 1115 ed
1213 1058 1344 1128 justitiam
1359 1058 1574 1130 percipiendam,
1589 1060 1629 1116 sic
1651 1077 1760 1132 pracpa-

109 1143 211 1200 saeculo
229 1152 409 1216 preparetur,
425 1144 563 1202 miseriem
578 1163 660 1219 quam
674 1147 774 1203 meruit
788 1146 844 1203 vita
857 1147 909 1202 ista
962 1147 1030 1203 ravit
1048 1147 1156 1219 iniquos
1179 1147 1213 1202 ad
1233 1147 1365 1218 justitiam
1384 1146 1571 1216 emittendam,
1588 1148 1652 1220 quie
1665 1149 1760 1221 pravi-

109 1231 238 1288 damnata
256 1232 393 1304 sapienter
416 1233 547 1303 tolerans,
573 1241 599 1290 ει
620 1234 683 1308 quia
707 1233 815 1290 finietur
839 1251 908 1306 pru·
959 1235 1022 1291 tetis
1041 1244 1206 1308 preparatur
1228 1251 1368 1308 nunquam
1393 1234 1450 1293 tuit.
1476 1235 1540 1292 Hec
1561 1235 1644 1308 igitur
1664 1237 1760 1310 regule

110 1319 208 1376 denter
231 1321 381 1394 gratulans.
416 1321 532 1378 Prosunt
555 1322 638 1395 igitur
661 1323 714 1380 iste
738 1322 826 1392 mala,
850 1339 910 1396 que
960 1323 1123 1381 inconcusse
1139 1324 1256 1380 tenende
1270 1332 1312 1379 εει
1326 1331 1486 1395 peccatores
1504 1323 1667 1395 inpeccatis
1684 1341 1760 1397 pre·

112 1407 207 1465 fideles
221 1408 265 1481 pie
279 1409 430 1482 perierunt,
447 1411 490 1466 vel
506 1411 540 1466 ad
556 1411 692 1468 demenda
716 1419 840 1484 peccata,
865 1411 910 1467 rel
961 1413 1044 1470 scitos
1074 1428 1146 1480 esse,
1171 1428 1227 1468 non
1246 1419 1424 1484 praeparatos,
1449 1427 1560 1484 poeuem
1585 1420 1675 1468 autern
1698 1428 1761 1469 esse

110 1496 145 1553 ed
157 1497 336 1553 exercendam
350 1499 577 1571 probandamque
590 1499 732 1570 justitiam,
748 1499 792 1557 vel
808 1499 843 1555 ad
857 1497 909 1554 de·
960 1509 1141 1574 preparatam
1165 1501 1317 1558 secundum
1332 1499 1404 1572 quod
1428 1499 1547 1570 presciti
1575 1507 1646 1556 sunt.
1672 1503 1706 1558 ιιι
1723 1501 1763 1558 til

110 1586 316 1642 monstrandum
339 1587 419 1657 hujus
441 1587 503 1644 rite
527 1588 674 1644 miseriam.
698 1587 803 1646 Deinde
828 1603 911 1660 expo·
960 1592 1028 1662 ipsc.
1045 1588 1131 1658 Quasi
1146 1588 1240 1646 dicat:
1260 1588 1328 1644 Dico
1351 1587 1516 1655 conformes,
1532 1587 1569 1644 ita
1582 1596 1672 1645 tamen
1687 1595 1715 1644 ut
1729 1591 1761 1646 ite

110 1690 179 1730 nens
193 1673 238 1747 qui
252 1682 313 1730 sunt
328 1675 375 1748 qui
396 1683 528 1732 vocentur
554 1677 704 1734 secuudum
727 1676 947 1773 propositum,B
962 1679 1063 1734 maltis
1076 1679 1225 1750 fratribus,
1241 1676 1270 1732 id
1284 1684 1326 1732 εει
1335 1675 1406 1731 inter
1415 1675 1514 1732 multos
1528 1676 1638 1744 iratres,
1653 1676 1713 1749 ipsc
1723 1678 1763 1734 cit

110 1761 226 1818 subdit:
958 1767 1180 1840 primogenitas,
1194 1765 1223 1819 id
1241 1772 1282 1820 est
1302 1765 1365 1834 jure
1384 1763 1571 1820 hereditatem
1586 1765 1671 1820 Patris
1692 1764 1764 1821 obti-

147 1868 237 1924 Vsas.
255 1872 300 1926 29.
316 1899 351 1910 -
368 1890 380 1922 t
396 1870 468 1926 Nam
482 1887 552 1944 quos
574 1871 712 1942 prescivit
727 1879 754 1928 et
767 1869 912 1943 praedesti.
961 1871 1031 1910 nens
1046 1861 1073 1909 et
1087 1853 1146 1908 aliis
1161 1852 1338 1924 dispertiens,
1358 1853 1431 1924 quod
1449 1853 1695 1924 primogenitorum
1709 1861 1761 1910 εει.

112 1955 215 2013 enavit
229 1956 385 2014 conformes
400 1957 457 2014 lieri
471 1959 600 2033 imaginis
615 1961 675 2016 Filii
695 1961 746 2028 sui,
762 1968 791 2016 ut
804 1959 839 2017 sit
852 1960 912 2032 ipse
964 1939 1147 2016 [Afflbfflsius]
1170 1941 1221 1997 Vel
1248 1939 1445 2014 Ρΐῑῐῃθῧθῦῑωθ
1478 1940 1584 2009 (ficitur,
1613 1942 1677 2014 quia
1701 1949 1764 2000 ⁸³20

112 2043 338 2119 .p1tmogenirus
352 2045 380 2100 in
394 2045 486 2102 multis
511 2046 679 2103 fratribus„
962 2047 1072 2088 omnem
1102 2039 1256 2086 creaturam
1284 2045 1338 2085 non
1366 2028 1464 2099 iactus,
1491 2029 1540 2084 sed
1563 2036 1644 2084 natus
1665 2037 1717 2100 est,
1738 2037 1766 2086 et

146 2135 292 2206 Numquae
301 2136 455 2207 prescivit.
467 2134 636 2204 Qtrasidicat
652 2137 842 2194 :Vereomuia
852 2151 914 2194 coo-
963 2120 1028 2192 quia
1041 2119 1145 2191 primus
1160 2117 1219 2174 ⁵5⁰0
1238 2125 1350 2216 ll⁰0⁰³¹⁰
1374 2125 1463 2184 fliius·
1481 2125 1508 2173 θῑ
1531 2117 1636 2188 primus
1658 2118 1764 2189 im1³⁸3·

110 2229 244 2294 pergatur
264 2221 292 2277 in
316 2223 436 2290 bonum,
469 2223 532 2297 quia
557 2224 688 2296 praescirti
719 2236 747 2280 (η
766 2224 913 2296 piaedesii-
963 2207 1050 2264 Sibiiis
1065 2222 1224 2278 resurgens,
1239 2222 1267 2260 tn
1282 2220 1336 2277 quo
1357 2205 1440 2261 habet
1464 2205 1562 2262 fraires
1582 2207 1678 2278 (263).
1692 2207 1764 2262 Nam

110 2326 185 2379 nare,
202 2318 254 2367 etc.
269 2312 303 2366 Et
317 2311 371 2368 hoc
385 2319 436 2366 est.
452 2310 623 2385 [Remigius,
640 2313 820 2386 Augustinus]
843 2314 913 2369 Nem
963 2293 1113 2351 ⁵⁰⁰¹¹¹¹d¹¹m
1128 2292 1156 2348 id
1170 2292 1243 2392 ‘1¹¹⁰{1
1257 2291 1420 2365 Uniflessiiffi
1444 2300 1496 2362 0⁵²,
1522 2308 1576 2392 {1⁰¹¹
1600 2293 1684 2392 milei
1705 2293 1765 2352 fla·

111 2400 186 2455 Deus
200 2398 413 2470 predestinavit,
429 2399 458 2455 id
481 2408 524 2456 est
546 2417 596 2472 per
621 2401 772 2474 appositam
795 2401 913 2473 gratiam
964 2391 1035 2449 “⁸⁸5
1060 2381 1259 2480 sessundfflflfd
1280 2388 1372 2436 autem
1395 2381 1468 2453 qu⁰d
1491 2391 1687 2454 Pflm⁰d²¹¹¹¹¹¹⁸
1712 2387 1763 2482 ‘Sir

110 2487 286 2560 preparavit.
302 2495 330 2543 ut
344 2488 429 2545 verbo
450 2487 653 2560 predicationis
673 2489 817 2546 crederent
838 2489 911 2558 illos,
962 2471 1060 2528 fraires
1075 2487 1175 2570 {mciii}
1194 2470 1321 2569 (11298ωὸ
1337 2477 1379 2526 ⁰⁵²
1399 2484 1495 2525 ⁰fflne⁸
1510 2470 1557 2543 qui
1570 2486 1620 2543 ΡθΓ
1633 2471 1692 2541 ejus
1707 2487 1764 2544 ΡΠ·

112 2592 179 2648 quos
192 2577 345 2648 prescivit,
362 2575 390 2631 id
405 2583 446 2632 est
462 2577 545 2651 longa
558 2585 621 2633 ente
635 2578 781 2648 preuovit.
797 2578 856 2634 Hoc
870 2585 912 2633 est
962 2566 1066 2615 maium
1080 2576 1109 2614 ¹¹1
1122 2560 1174 2615 ¹³⁰¹
1186 2567 1277 2633 llrana
1292 2565 1481 2614 renascuntur·

111 2661 279 2735 propositum
294 2664 328 2720 de
344 2679 398 2737 quo
417 2665 494 2733 dixit,
511 2666 661 2722 secundum
679 2666 849 2738 propositum
864 2681 913 2722 vo·
998 2667 1084 2722 Vnus.
1101 2668 1152 2720 30-
1167 2669 1215 2724 32.
1231 2695 1266 2706 -
1282 2663 1480 2733 rQuosautem
1490 2663 1701 2734 predestinavit,
1713 2666 1764 2723 hos

110 2751 174 2817 cati,
190 2751 326 2823 prescivit
340 2753 412 2820 dico,
428 2754 671 2830 ficricontormes,
682 2754 834 2826 inpuritate
850 2754 913 2812 vite
964 2775 977 2806 x
995 2762 1022 2810 et
1043 2753 1160 2821 vocavit,
1188 2761 1215 2809 et
1238 2768 1306 2824 quos
1330 2752 1447 2820 vocavit,
1475 2752 1526 2807 hos
1541 2759 1568 2808 et
1583 2750 1761 2822 justificavita

110 2839 203 2907 modo,
216 2849 242 2896 et
251 2848 346 2912 postea
354 2841 382 2896 in
394 2841 569 2908 beatitudine,
584 2844 662 2912 cujus
669 2846 828 2915 consorores
836 2843 912 2900 ima-
965 2862 977 2894 e
994 2857 1063 2914 quos
1078 2851 1168 2898 autem
1181 2840 1348 2911 justificavit,
1364 2840 1425 2896 iilos
1440 2847 1467 2896 ει
1481 2839 1673 2914 magnificavit.
1691 2841 1765 2910 Quid

109 2929 185 3000 ginis
195 2929 262 2986 Filii
277 2930 348 3001 ejas,
364 2929 391 2984 id
406 2937 448 2986 est
461 2930 521 2986 Filii
531 2948 591 3004 qne
606 2938 648 2986 est
662 2931 753 3004 imago
764 2931 852 2985 Patris
862 2947 912 2986 us·
966 2945 1059 3002 «ergo
1073 2929 1196 2986 dicemus
1210 2928 1246 2984 ed
1264 2929 1348 2984 hec?
1361 2927 1391 2984 Si
1413 2928 1487 2984 Deus
1503 2944 1562 3004 pro
1589 2929 1678 2999 nobis,
1704 2929 1766 3002 quis

110 3032 272 3089 quequaquc
296 3018 393 3074 eadem
416 3034 477 3074 cum
502 3020 590 3076 Putre.
618 3018 693 3076 Unde
711 3018 833 3076 dicitur:
860 3019 913 3086 Qui
965 3025 1089 3074 econtra
1102 3016 1177 3073 uos?
1191 3016 1244 3086 Qui
1258 3016 1340 3072 etiam
1363 3015 1476 3086 proprio
1500 3015 1568 3072 Filio
1581 3032 1632 3072 suo
1644 3033 1699 3074 non
1713 3031 1765 3088 pe-

110 3104 186 3160 videt
200 3105 508 3171 me,videtctPatrem
522 3106 745 3179 (loen.x1v).Et
759 3114 824 3163 nota
839 3063 949 3178 quodo
967 3128 978 3154 a
995 3105 1097 3176 percit;
1122 3105 1172 3160 sed
1194 3119 1245 3175 pro
1274 3102 1354 3157 nobis
1378 3103 1506 3159 omnibus
1535 3103 1645 3160 tradidit
1676 3103 1764 3172 illurn,

110 3191 259 3264 improprie
294 3192 426 3266 accipitur
454 3195 498 3251 hic
527 3194 732 3267 praedestinatio
762 3194 912 3252 secundum
966 3192 1202 3266 «quomodouou
1221 3191 1379 3248 etiamdum
1392 3190 1439 3247 illo
1462 3191 1555 3247 omnia
1577 3191 1658 3248 nobis
1681 3191 1766 3249 dona·

111 3280 186 3354 quod
200 3280 376 3352 exposuimus
390 3281 476 3355 (262).
488 3283 628 3355 decipitur
642 3283 715 3340 euim
724 3283 759 3339 de
773 3282 911 3354 presenti,
966 3303 978 3334 a
996 3281 1058 3340 viti
1074 3305 1085 3331 a
1304 3269 1307 3278 ’

7 3363 8 3368 ’
111 3368 216 3426 scilicet
231 3386 280 3441 pro
294 3370 390 3443 gratie
400 3371 580 3443 appositione,
596 3389 645 3444 per
664 3387 743 3444 quam
758 3387 913 3444 praeparan-
1003 3371 1074 3439 Quos
1108 3373 1216 3437 autem,
1255 3369 1441 3444 [Augustinus]
1465 3368 1544 3443 qussi
1563 3368 1635 3426 dicat
1657 3383 1664 3424 :
1689 3370 1766 3440 Quos

8 3461 9 3468 ’
112 3465 156 3513 tur
169 3457 205 3513 ed
219 3457 405 3530 recipiendum
420 3460 542 3516 verbum.
559 3460 674 3532 Proprie
688 3467 779 3516 autem
794 3459 911 3531 predes-
964 3458 1113 3530 prescivit,
1127 3457 1190 3514 illos
1205 3458 1417 3531 predestinavit.
1431 3459 1503 3528 Quot
1513 3462 1610 3515 autem
1619 3459 1767 3532 praedesti·

8 3549 10 3574 ³
111 3545 207 3602 tinctio
228 3553 270 3601 est
293 3546 463 3618 praescientia
486 3556 513 3604 et
539 3548 698 3620 preparatio
719 3547 911 3604 beneficiorum
964 3548 1054 3618 novit,
1072 3547 1145 3619 quod
1159 3546 1209 3602 luit
1230 3555 1375 3622 antequem
1400 3564 1534 3614 essemus,
1558 3548 1616 3614 lios,
1642 3548 1767 3621 quumvis

111 3633 172 3702 Dei,
197 3633 295 3707 quibus
318 3635 469 3692 certissime
491 3637 642 3692 liberantur
664 3636 817 3709 quicunque
840 3635 913 3692 libe·
963 3643 1027 3692 ante
1042 3650 1164 3703 aversos,
1176 3639 1204 3692 et
1219 3638 1328 3694 vocavit
1341 3653 1392 3707 per
1409 3637 1609 3707 predicatores,
1623 3636 1768 3708 quiapre·

111 3730 205 3780 rantur
256 3724 351 3796 (262).
386 3724 590 3781 Predestinatio
626 3724 709 3798 igitur
741 3733 783 3781 εει
816 3725 913 3798 gratie
964 3723 1052 3795 parati
1066 3723 1185 3780 arentin
1200 3722 1380 3795 prescientia,
1396 3723 1569 3793 velrocavit,
1586 3723 1689 3780 scilicet
1703 3724 1770 3780 inte·

9 3811 12 3838 '
113 3812 290 3884 preparatio,
316 3827 378 3884 que
402 3812 462 3869 sine
481 3813 653 3885 prescientia
667 3828 729 3869 esse
742 3828 797 3870 non
811 3819 911 3884 potest.
964 3811 1032 3868 riori
1046 3810 1189 3867 vocatione
1205 3811 1290 3884 (ssi).
1306 3813 1355 3867 Est
1369 3811 1441 3868 enim
1465 3811 1585 3867 exterior
1607 3810 1723 3880 vocatio,
1741 3819 1769 3868 et

112 3901 205 3957 Potest
219 3908 309 3957 autern
324 3900 383 3957 siue
398 3901 636 3974 predestinatione
651 3917 712 3957 esse
729 3900 911 3974 prescientia.
964 3899 1087 3955 interior.
1102 3899 1230 3956 Exterior
1245 3906 1287 3956 est
1300 3917 1361 3973 quar
1374 3897 1404 3954 iit
1418 3915 1468 3971 per
1487 3898 1690 3970 predicatores,
1706 3915 1768 3972 que

9 3985 13 4020 i
112 3987 355 4046 Predestinetione
369 3990 469 4062 quippe
484 3991 557 4047 Deus
573 4006 604 4046 ea
618 3989 754 4062 prescivit
778 4005 840 4061 que
854 3989 913 4046 iue—
966 3997 1007 4044 est
1021 3987 1173 4046 communis
1194 3987 1329 4044 bonorum
1352 3996 1380 4044 et
1402 3987 1546 4055 malorum,
1570 3987 1685 4044 interior
1700 4003 1768 4045 vero

9 4075 14 4110 ³
111 4085 154 4132 rat
168 4077 226 4149 ipse
241 4075 372 4146 tacturus,
389 4078 438 4135 sed
447 4077 584 4150 prescivit
596 4079 670 4134 Deus
685 4078 767 4135 etiam
783 4093 844 4150 que
858 4093 914 4133 non
964 4083 1071 4133 tantum
1090 4076 1241 4132 electorum
1255 4083 1306 4134 est.
1323 4077 1429 4133 Vocare
1439 4074 1512 4133 enim
1526 4083 1569 4133 est
1582 4075 1767 4150 cognitionem

10 4163 14 4200 ²
113 4172 156 4220 εει
169 4163 228 4238 ipse
242 4165 373 4234 tecturus,
389 4166 417 4222 id
432 4174 475 4223 est
488 4166 578 4223 omnia
601 4167 683 4234 mala,
707 4166 771 4240 quie
784 4165 836 4222 etsi
851 4172 914 4221 sunt
965 4166 1000 4221 de
1015 4164 1069 4221 fide
1082 4165 1221 4235 adjuvare,
1238 4165 1282 4222 vel
1304 4181 1492 4239 compungere
1515 4181 1576 4222 eum
1591 4181 1672 4239 quem
1698 4165 1768 4223 sciat

10 4253 14 4290 ³
111 4251 237 4326 quedam
253 4271 314 4327 que
327 4254 365 4311 ita
388 4263 502 4326 peccata
525 4263 596 4326 sunt,
611 4263 641 4312 ut
664 4255 745 4312 etiarn
769 4271 839 4326 pene
860 4253 914 4310 sint
966 4253 1072 4323 audire,
1088 4260 1115 4308 et
1128 4253 1187 4309 hec
1208 4253 1325 4321 vocatio,
1350 4261 1380 4310 ut
1401 4253 1529 4321 duimus,
1555 4263 1597 4310 est
1619 4254 1767 4312 electorum

10 4377 11 4384 ι
111 4343 227 4413 peccati,
240 4343 389 4400 secundum
404 4343 482 4412 illud,
496 4343 699 4410 tradiditlllor,
710 4351 763 4401 etc.
778 4345 867 4414 (Rom.
879 4343 911 4414 r),
966 4349 1078 4397 tantum.
1095 4341 1152 4397 Hac
1166 4342 1310 4398 vocatione
1325 4342 1453 4414 impletur
1481 4341 1693 4413 predestinatio.
1717 4343 1767 4398 Est

111 4447 167 4487 non
181 4439 273 4488 tamen
286 4441 428 4504 peccatum
453 4433 503 4489 Dei
527 4441 578 4500 est,
595 4432 644 4489 sed
664 4431 807 4502 judicium.
833 4431 911 4500 Quo·
926 4417 991 4487 Det
1005 4429 1056 4484 alia
1070 4427 1177 4485 accedo
1191 4447 1253 4502 que
1267 4428 1297 4486 fit
1310 4447 1359 4502 per
1372 4430 1577 4502 predicatores,
1589 4430 1624 4486 de
1639 4444 1692 4502 qua
1704 4429 1766 4488 dic·

11 4521 17 4560 τ·
112 4519 188 4577 circa
202 4520 406 4592 praedestinatio
420 4521 482 4589 Dei,
508 4538 569 4593 que
591 4521 619 4576 in
642 4521 715 4578 bono
740 4528 790 4587 εει,
815 4519 912 4594 gratie
963 4525 1074 4575 tumeat
1091 4519 1762 4593 ιΜειιιυοεαιι,ραεειυενοειεειιῌιαιιιειι).

11 4617 14 4652 ²
112 4616 163 4678 est,
175 4617 204 4664 ut
214 4609 280 4679 dixi,
292 4609 454 4681 preparatio
470 4609 579 4682 :gretia
589 4625 654 4666 vero
664 4616 716 4676 est,
725 4615 753 4664 ut
764 4609 829 4676 dixi,
840 4624 912 4680 pre-
963 4611 1000 4665 lit
1014 4623 1081 4680 qaos
1095 4608 1213 4674 vocavit,
1226 4607 1330 4665 scilicet
1345 4606 1683 4678 secundumpropositum,
1700 4607 1765 4679 quia

11 4707 14 4744 ἰ
113 4695 302 4753 destinationis
316 4694 440 4766 effectus,
456 4705 483 4754 ει
508 4697 657 4754 secundum
672 4697 725 4754 hcc
746 4697 782 4752 ita
806 4712 912 4769 expone
965 4702 1029 4750 sunt
1043 4703 1070 4752 ct
1084 4710 1138 4752 non
1154 4694 1243 4761 electi,
1259 4693 1349 4750 vocati
1358 4694 1487 4764 exterius,
1499 4695 1548 4751 los
1558 4699 1587 4752 cl
1591 4695 1765 4767 jmtlficovll

15 4798 18 4811 ·
110 4783 239 4842 litteram.
255 4784 395 4860 [ιιιιειιει.Ι
407 4785 590 4860 Ambrosius]
604 4787 674 4841 Nam
684 4787 758 4843 Deus
772 4784 913 4858 praedesti·
966 4783 1127 4840 remissione
1142 4791 1328 4855 peccatorum,
1340 4790 1367 4840 et
1376 4783 1621 4854 bonaoperaticue.
1636 4785 1706 4853 Quos
1716 4799 1765 4841 cat·

112 4873 196 4941 navit,
212 4873 241 4930 id
256 4874 338 4930 estin
353 4874 526 4947 prescientia
539 4874 612 4947 apud
627 4891 657 4932 se
671 4873 706 4930 ab
721 4881 823 4931 eterno
838 4889 913 4946 pre-
968 4876 1026 4929 tcm
1038 4872 1220 4944 justificavit,
1236 4870 1467 4942 dumpeccatores
1477 4879 1579 4940 essent,
1594 4873 1767 4930 illosetara·

12 4973 18 5008 ι
112 4962 227 5034 paravit,
261 4961 290 5018 id
320 4970 363 5019 εει
384 4963 420 5019 ad
441 4963 553 5036 premia
579 4963 715 5035 promissa
737 4962 821 5036 elegit
843 4978 914 5036 quos
965 4961 1121 5033 gnificuvit,
1137 4959 1277 5033 [August]
1291 4959 1479 5034 omnigenere
1492 4961 1622 5018 virtutum
1635 4960 1765 5033 [Ambro-

12 5066 18 5104 r
112 5050 250 5122 prescivit
265 5049 325 5106 fieri
339 5051 495 5109 conformes
509 5052 636 5124 imaginis
650 5052 710 5108 Filii
730 5052 798 5122 ejus,
813 5059 843 5106 ut
857 5051 913 5108 sci·
967 5049 1034 5117 sius,
1060 5045 1188 5120 August]
1214 5048 1264 5104 Vel
1287 5047 1395 5119 ponitur
1417 5049 1581 5120 preteritum
1595 5064 1647 5120 pru
1661 5049 1763 5116 futuro,

111 5139 174 5198 licet
189 5141 486 5214 portemusimaginem
500 5140 629 5208 coelestis,
645 5140 674 5196 id
684 5149 725 5197 est
734 5139 843 5207 Christi,
860 5139 914 5197 sic·
967 5145 996 5192 ut
1009 5136 1044 5192 sit
1067 5151 1188 5191 sensns:
1222 5133 1416 5210 magnificavit,
1451 5137 1478 5192 id
1508 5145 1551 5194 εει
1578 5135 1765 5209 magnificabit

115 5235 144 5284 ut
157 5228 327 5302 portavimus
340 5229 488 5304 imaginem
512 5229 617 5288 terreni
639 5229 717 5286 Ades.
733 5225 915 5303 [Fulgentius]
966 5232 1071 5282 eterna
1084 5223 1313 5292 remuneratione,
1330 5233 1358 5281 ut
1373 5224 1476 5282 similes
1489 5226 1548 5282 Dao
1563 5225 1625 5284 sint.
1641 5227 1699 5283 Hoc
1714 5240 1766 5282 au·

149 5406 217 5472 teari
235 5411 349 5476 super,
361 5409 397 5461 oa
408 5407 539 5461 resista.
676 5385 680 5394 '
1003 5401 1072 5468 ‹aas›
1090 5400 1140 5466 ru,
1152 5402 1188 5453 aa
1199 5401 1263 5454 sono
1275 5414 1370 5466 esav.

160 5473 552 5544 sue)1d.,nenoxopersavsr.
1014 5467 1088 5536 aco)
1102 5469 1329 5534 ld.,ltasymbolo.

161 5541 636 5610 ttt')1d.,ltepredest.sanctorun.
1012 5533 1073 5602 itt)
1091 5535 1414 5601 tmroueadopsrtun.

221 5713 345 5770 Person.
364 5713 456 5771 cxci.
