3940 6066
222 165 287 218 tall
900 152 1002 210 reret
1016 151 1196 210 consent
1804 156 1876 210 teti

222 297 356 354 nusquam
376 279 534 354 adoptivum
557 276 659 336 inveni.
676 277 740 346 Sed,
755 277 826 335 sicut
848 277 971 334 Christus
991 276 1053 339 inA
1070 276 1190 334 cundum
1207 281 1284 333 notat
1305 291 1426 344 εειιεειιι,
1453 283 1482 332 ut
1503 291 1566 332 eum
1587 274 1696 343 dicitur,
1721 276 1874 334 secundnm

223 378 352 445 quemum
365 371 439 427 Dens
452 377 503 438 est,
519 367 679 425 naturaliter
691 368 788 435 habet·
798 374 828 422 ut
841 365 876 422 ειι
889 365 1019 422 naturalis
1070 364 1239 422 divinitatem
1257 365 1399 435 judicabit,
1421 365 1449 423 id
1474 373 1569 422 estex
1591 365 1688 422 virtute
1710 365 1872 422 diuinitatis.

221 459 272 516 Dei
287 459 379 526 Filius,
397 466 424 516 ει
443 458 478 514 sit
500 460 593 525 Deus;
608 457 654 525 ite,
669 457 698 512 in
720 464 851 529 quantum
872 457 955 512 homo
969 471 1020 526 per
1070 453 1119 512 He
1145 455 1333 511 distinctiones
1355 454 1413 511 suis
1433 453 1502 512 locis
1525 453 1672 529 diligenter
1694 453 1876 512 animaduer-

221 547 338 622 gretiam
353 547 446 615 hahet,
462 554 492 602 ut
506 546 541 602 sit
553 545 626 602 idern
637 545 720 600 Filius
730 545 790 611 Dei,
802 543 944 600 naturalis.
961 542 1020 615 (ιι)
1072 543 1163 600 tendae
1177 551 1249 600 sunt.

222 637 263 692 De
277 635 347 690 Filio
360 635 503 705 uero,hoc
517 642 559 690 est
572 633 607 689 de
622 633 738 689 Domino
752 640 847 688 nostro
860 632 926 688 Jesn
940 630 1020 687 Chri·
1107 630 1199 700 Queri
1226 631 1309 687 etiam
1337 631 1407 688 solet
1433 639 1526 688 utrum
1552 630 1693 698 Christus,
1721 629 1878 686 secundum

223 731 265 780 sto
287 723 417 795 scriptum
439 731 490 794 εει,
506 722 580 795 quod
599 737 710 793 semper
733 737 796 778 curn
819 721 898 776 Patre
921 719 979 786 luit,
995 726 1023 776 et
1073 720 1146 792 quod
1159 721 1252 790 homo,
1269 720 1304 776 sit
1321 736 1449 793 persone.
1467 721 1509 776 Ad
1531 721 1605 793 quod
1626 719 1762 776 dicimus:
1778 720 1808 776 Si
1829 736 1877 776 se·

221 827 362 884 nunquam
374 827 446 880 eum,
462 817 582 880 utesset,
595 810 722 866 voluntas
736 817 852 882 paterna
865 809 1020 880 precessit3
1072 808 1191 866 cundum
1211 825 1321 866 causam
1340 809 1384 866 vel
1402 809 1586 866 conditionem
1606 816 1712 866 nature
1729 815 1816 878 notet,
1833 825 1878 864 εε-

222 909 249 956 ει
263 900 309 956 ille
322 900 431 973 quidem
446 907 543 954 nutura
553 899 636 954 Filius
646 907 697 968 est,
713 914 765 954 nos
780 913 845 954 vero
855 897 1022 970 adoptione3
1074 897 1194 954 cundum
1208 898 1281 971 quod
1290 899 1372 955 homo
1381 914 1436 955 non
1446 905 1489 954 est
1498 913 1628 970 persone,
1639 897 1702 970 quia
1712 913 1746 953 ex
1757 913 1791 954 eo
1801 899 1876 970 qnod

221 988 267 1044 ille
290 1005 355 1045 vero
376 1003 514 1060 nunquam
538 987 621 1042 Filius
646 1002 701 1043 non
726 986 785 1054 luit,
801 1002 862 1054 nos,
877 994 1024 1058 antequam
1073 987 1157 1042 homo
1177 986 1221 1042 rel
1241 986 1270 1042 in
1293 995 1424 1059 quantum
1445 988 1527 1044 homo
1542 995 1593 1055 est,
1608 1001 1726 1058 persona
1744 1001 1802 1041 non
1823 994 1877 1053 est,

222 1093 355 1144 essemus,
372 1075 559 1148 praedestineti
574 1091 679 1143 sumus,
693 1083 720 1131 et
734 1083 799 1133 tunc
815 1075 941 1148 spiritum
955 1074 1024 1130 edo·
1075 1074 1148 1147 ([ιιιε,
1166 1074 1189 1130 ει
1204 1091 1237 1131 ex
1252 1091 1285 1132 eo
1297 1075 1371 1148 quod
1384 1076 1466 1132 homo
1483 1083 1537 1148 εει,Ι
1550 1090 1666 1146 persone
1680 1082 1732 1141 εει,
1747 1091 1818 1148 ergo
1833 1075 1875 1130 rel

222 1165 323 1237 ptionis
351 1164 517 1236 accepimus,
544 1164 655 1236 quando
679 1164 847 1220 credidimus
873 1164 901 1218 in
928 1163 1025 1220 Filium
1075 1163 1152 1220 tertie
1166 1162 1193 1218 in
1207 1163 1349 1231 Trinitate,
1369 1163 1414 1220 vel
1428 1163 1500 1230 ulia3
1516 1163 1565 1218 sed
1582 1162 1635 1219 elia
1657 1177 1712 1219 uon
1734 1170 1786 1218 εει.
1802 1164 1876 1236 Ergo

221 1253 282 1308 Dei.
299 1255 355 1324 (ιιι)
371 1252 545 1309 Contendunt
567 1251 689 1308 haeretiei
709 1252 831 1308 adimere
856 1251 929 1310 Petri
952 1251 1026 1324 quod
1076 1251 1156 1308 tertie
1170 1251 1198 1306 in
1213 1252 1358 1319 Trinitate;
1377 1267 1444 1324 ergo
1465 1253 1549 1320 Deus,
1566 1251 1640 1306 item.
1655 1251 1719 1307 ldeo
1742 1251 1771 1306 in
1788 1267 1877 1324 φιιιι-

222 1341 368 1410 Peterem,
386 1342 451 1396 dum
467 1341 560 1398 volunt
574 1340 644 1397 Filio
661 1339 770 1396 auferre
789 1340 861 1413 quod
876 1340 958 1396 Filius
972 1347 1024 1396 est.
1076 1347 1133 1396 tum
1153 1340 1235 1396 homo
1259 1356 1315 1396 non
1338 1339 1437 1397 dicitur
1464 1355 1594 1412 persona,
1618 1340 1682 1412 quia
1704 1355 1761 1395 non
1783 1349 1827 1398 εει
1850 1339 1877 1394 ιι

223 1429 354 1486 Adimunt
376 1438 477 1497 eutem,
493 1445 556 1487 cum
578 1429 681 1496 dicunt,
697 1429 770 1501 quod
794 1444 849 1485 non
873 1429 908 1484 de
931 1437 1027 1486 nature
1077 1436 1207 1502 quantum
1232 1429 1313 1484 horno
1340 1429 1479 1501 personali
1508 1428 1676 1501 proprietate
1699 1427 1837 1484 discretus
1862 1445 1877 1483 a

127 1533 130 1548 ·
222 1518 257 1574 sit
281 1518 374 1575 Filius.
390 1519 452 1574 Non
474 1534 507 1575 ex
531 1526 624 1574 nutura
646 1525 738 1574 autem
761 1527 812 1586 εει,
834 1517 942 1590 quando
967 1533 1022 1574 uon
1078 1517 1158 1574 Patre
1185 1525 1212 1574 et
1239 1516 1341 1588 Spiritu
1364 1525 1468 1586 sancto,
1492 1517 1558 1590 qiua
1583 1516 1611 1571 in
1635 1525 1765 1589 quantum
1794 1517 1876 1573 home

223 1607 362 1664 eedemin
377 1607 505 1664 sehabet
523 1613 600 1662 uetus
624 1614 651 1662 et
673 1622 818 1678 genereus.
834 1608 931 1679 Neque
947 1606 1058 1697 enimB
1078 1621 1133 1662 non
1158 1613 1200 1662 εει
1222 1605 1331 1678 genitus
1345 1620 1362 1661 e
1375 1606 1466 1672 Patre,
1489 1605 1533 1663 vel
1552 1605 1635 1661 Filius
1654 1604 1751 1662 Putris.
1772 1605 1877 1661 Filiatio

224 1695 309 1753 Filius
324 1704 375 1764 εει,
392 1696 435 1753 cui
449 1695 503 1752 elia
513 1711 545 1752 ac
554 1695 695 1750 dissimilis
710 1696 762 1752 erit
776 1711 792 1751 a
807 1697 886 1752 Putre
896 1696 1025 1752 substan·
1076 1702 1166 1752 autem
1180 1695 1335 1766 proprietas
1350 1703 1401 1764 εει,
1413 1694 1477 1766 quia
1491 1710 1611 1767 persona
1623 1693 1684 1750 Filii
1698 1694 1876 1768 distinguitur

225 1785 272 1841 tia.
289 1785 370 1841 Pater
383 1793 474 1841 autem
484 1784 621 1858 qrrcmodo
635 1784 687 1840 erit
702 1784 725 1838 si
740 1800 795 1841 uon
809 1785 883 1857 quod
897 1784 925 1839 in
940 1801 970 1841 se
984 1790 1027 1840 εει
1075 1783 1111 1840 ab
1125 1783 1194 1840 eliis.
1211 1783 1276 1850 Sed,
1292 1783 1316 1838 si
1329 1783 1356 1839 in
1372 1791 1504 1856 quantum
1516 1783 1608 1852 homo,
1624 1791 1736 1839 nonest
1757 1799 1878 1856 persona

226 1873 384 1929 substentiae
395 1881 476 1946 atque
491 1879 597 1929 ueturae
606 1872 734 1945 genuerit
744 1873 772 1928 iu
786 1872 879 1928 Filio?
893 1873 1026 1929 Dominus
1075 1873 1156 1928 tertia
1169 1871 1197 1928 in
1210 1871 1353 1937 Trinitate,
1367 1872 1505 1944 quomodo
1520 1887 1589 1946 ergo
1603 1889 1688 1944 supra
1701 1871 1771 1928 dixit
1785 1875 1879 1946 Augu·

226 1961 321 2018 dicens
333 1978 341 2016 ι
352 1963 483 2032 clarifico
493 1963 598 2019 Filium
609 1966 692 2018 tuum
702 1961 794 2032 (locu.
808 1962 889 2032 xvu),
901 1977 956 2018 non
966 1961 1026 2018 solo
1076 1961 1162 2016 stinus
1174 1976 1181 2016 τ
1193 1959 1246 2031 Qui
1260 1960 1380 2032 suscepit
1393 1969 1420 2017 ει
1435 1961 1508 2034 quod
1517 1961 1639 2033 suscepit
1651 1976 1704 2016 una
1714 1967 1758 2016 εει
1771 1961 1801 2016 in
1814 1961 1877 2017 Tri-

227 2050 337 2107 nominc
350 2057 517 2106 contestatus
538 2057 580 2106 est
602 2066 632 2106 se
655 2066 717 2106 esse
740 2050 837 2106 Filium
859 2050 920 2116 Dei,
936 2051 1027 2106 sedet
1075 2049 1159 2106 ειιειε
1182 2065 1310 2121 persona.
1326 2050 1391 2107 limo
1405 2050 1479 2106 enim
1499 2049 1648 2107 auctoritas
1669 2049 1785 2106 innuere
1805 2050 1879 2106 uide·

225 2137 403 2210 proprietate.
418 2140 476 2195 Nos
499 2137 548 2194 filit
569 2139 619 2195 liei
643 2155 748 2208 sumus,
765 2139 814 2196 sed
837 2154 893 2195 non
907 2138 967 2194 telis
981 2139 1026 2196 hic
1074 2145 1120 2194 tur
1136 2139 1211 2211 quod
1233 2146 1329 2195 nature
1352 2139 1470 2194 humane
1487 2155 1549 2196 cum
1573 2139 1666 2195 Verbo
1680 2138 1715 2194 sit
1738 2155 1795 2194 una
1810 2155 1879 2211 per·

227 2226 320 2284 Filius.
336 2227 386 2285 llic
407 2227 482 2284 enim
495 2244 579 2285 verus
594 2235 621 2284 ει
641 2228 771 2301 proprius
792 2235 834 2286 est
857 2227 951 2297 Filius,
967 2228 1025 2283 ori-
1076 2243 1142 2284 sone
1156 2227 1184 2284 in
1197 2226 1337 2284 Trinitate.
1354 2226 1434 2298 Quod
1449 2228 1472 2283 si
1483 2228 1541 2296 ἐει,
1559 2242 1627 2300 ergo
1648 2235 1747 2284 natura
1759 2229 1879 2284 humane

226 2315 300 2391 gine,
312 2333 366 2373 uon
377 2317 539 2390 adoptione;
551 2317 673 2384 veritate,
687 2333 741 2374 nou
751 2317 967 2390 nuncupatione,
978 2333 1026 2372 na·
1075 2331 1138 2373 cum
1152 2316 1244 2373 Verbo
1258 2325 1300 2372 est
1313 2317 1397 2372 Deus.
1408 2317 1482 2389 Ergo
1495 2315 1585 2388 eliqua
1599 2325 1695 2373 netum
1705 2332 1769 2374 cum
1785 2318 1879 2376 Verbo

226 2405 339 2473 tivitate,
356 2422 411 2462 non
431 2406 582 2463 creatione.
598 2408 656 2478 (2⁹)
672 2406 748 2463 ldcm
763 2415 860 2485 netum
875 2406 958 2462 Filius
973 2413 1024 2473 εει,
1075 2412 1116 2461 εει
1131 2405 1215 2472 Deus,
1227 2420 1288 2478 quae
1302 2421 1357 2461 non
1372 2421 1482 2476 semper
1497 2405 1547 2460 luit
1561 2407 1645 2462 Deus.
1661 2407 1735 2478 Ergo
1749 2421 1806 2462 non
1816 2413 1879 2462 tun-

226 2495 288 2567 quie
312 2495 575 2552 condemnaturum
595 2511 676 2569 quam
691 2495 737 2552 illc
756 2495 803 2568 qui
826 2495 920 2568 genuit
932 2495 1024 2551 hebet.
1075 2502 1131 2550 tum
1146 2492 1238 2550 divina
1261 2502 1358 2550 netura
1373 2502 1415 2552 εει
1428 2494 1512 2562 Deus,
1528 2495 1578 2550 sed
1598 2503 1625 2550 et
1639 2494 1700 2550 alia.
1719 2493 1801 2564 Quod
1816 2495 1879 2568 quia

227 2583 285 2638 Nos
300 2598 394 2638 sumus
415 2581 463 2639 filii
482 2585 581 2658 gretia,
596 2600 652 2641 non
675 2593 787 2639 nutura:
804 2583 966 2656 Unigenitus
979 2599 1027 2638 au·
1074 2581 1221 2638 absurdum
1243 2582 1361 2650 ridetur,
1378 2589 1405 2638 et
1425 2582 1478 2638 alia
1501 2582 1616 2654 plurima
1640 2599 1702 2654 quae
1725 2592 1879 2656 sequuntur

228 2677 282 2726 tem
296 2678 402 2738 natura,
417 2687 471 2728 non
486 2673 583 2746 gratie.
599 2676 641 2728 Au
660 2674 714 2729 hoc
733 2673 812 2728 etiem
832 2673 860 2727 in
883 2673 943 2744 ipso
959 2671 1025 2728 Filio
1073 2670 1301 2738 inconvenientia,
1325 2670 1457 2743 predicta
1479 2670 1623 2745 Augustini
1652 2671 1746 2738 verba,
1770 2680 1799 2728 ει
1824 2672 1879 2727 illis

226 2759 262 2814 ad
281 2759 419 2815 hominem
439 2759 612 2816 referendum
627 2761 691 2816 esti
715 2763 753 2816 lta
767 2777 848 2829 εειιε;
865 2761 939 2834 quod
954 2760 1025 2816 enim
1074 2759 1228 2832 ubicunque
1243 2759 1352 2815 invente
1375 2758 1476 2815 luerint
1498 2759 1608 2826 similia,
1624 2760 1677 2817 hoc
1697 2760 1781 2816 modo
1795 2760 1879 2816 intel-

226 2841 389 2916 Unigeuitus
407 2850 459 2913 εει,
483 2845 597 2915 equalis
611 2843 695 2914 Patri,
711 2858 766 2899 non
789 2852 831 2899 est
855 2844 959 2918 gratiae,
976 2843 1025 2898 sed
1073 2847 1187 2922 ligenda
1201 2847 1280 2903 nobis
1294 2847 1428 2904 videntur.
1446 2846 1499 2916 Qui
1512 2847 1632 2920 suscepit
1645 2855 1673 2904 ει
1688 2849 1762 2921 quod
1777 2865 1877 2906 susce-

227 2938 350 2987 nnturae:
366 2933 439 3004 quod
463 2941 554 2988 autern
573 2932 601 2988 in
623 2933 724 2988 unitate
739 2949 867 3005 persone
888 2931 1025 3006 Unigeniti
1074 2937 1122 3008 pit,
1139 2951 1192 2992 une
1214 2944 1256 2992 εει
1279 2935 1307 2990 in
1330 2935 1460 2992 Trinitate
1483 2951 1611 3008 persone,
1627 2937 1655 2992 id
1678 2945 1720 2992 εει
1741 2937 1779 2993 ita
1805 2939 1879 2994 Deus

228 3028 385 3093 assumptus
399 3029 441 3077 εει
455 3021 546 3088 horno,
563 3023 658 3096 gratiae
673 3030 724 3090 est,
740 3039 797 3079 non
810 3031 914 3079 naturae
928 3023 994 3092 (30).
1038 2998 1196 3097 Gsuscepit
1214 3023 1352 3080 hominem
1372 3024 1445 3095 quod
1459 3023 1556 3080 eedem
1574 3039 1694 3096 persona
1717 3041 1780 3097 qum
1801 3026 1878 3096 prins

263 3108 462 3180 Quaerisoletn
477 3111 653 3182 quibusdem,
669 3112 869 3167 sesecundum
884 3111 958 3182 quod
973 3110 1025 3164 ho·
1075 3121 1143 3179 erat,
1167 3113 1310 3168 immutata
1331 3112 1489 3184 permansit.
1510 3113 1580 3170 Unio
1603 3114 1674 3170 enim
1699 3114 1878 3186 suscipientis

226 3214 272 3254 mo
287 3198 411 3255 Christus
425 3199 461 3254 sit
469 3198 554 3268 Deus,
569 3201 613 3256 vel
622 3200 673 3256 Dei
688 3200 792 3255 Filius:
809 3199 889 3268 Quod
900 3198 937 3254 ita
952 3213 1024 3266 εεεε,
1075 3211 1102 3260 ει
1115 3201 1234 3273 suscepti
1249 3201 1379 3258 unitatem
1393 3215 1528 3272 personae,
1546 3216 1597 3259 nec
1612 3201 1703 3257 divisit
1717 3218 1769 3259 nec
1784 3203 1878 3260 vana-

226 3285 262 3341 ite
290 3275 416 3359 prooere'
436 3296 593 3344 conantur:
624 3288 747 3345 Christus
775 3287 924 3344 secundum
952 3286 1025 3359 quod
1074 3292 1131 3348 viu:
1147 3299 1251 3347 ertone
1275 3289 1377 3347 lectum
1400 3296 1452 3358 εει,
1476 3297 1506 3345 ut
1523 3290 1571 3345 illa
1593 3305 1721 3362 persona,
1737 3307 1800 3364 quae
1815 3300 1878 3348 ante

227 3374 309 3431 homo
323 3375 531 3447 predestinatus
547 3385 597 3443 εει,
615 3384 643 3431 ut
658 3377 692 3432 sit
707 3377 757 3432 Dei
777 3376 878 3442 Filius;
895 3374 944 3431 sed
958 3374 1025 3431 illud
1074 3387 1130 3437 emt
1143 3380 1228 3448 Deus,
1245 3379 1343 3435 eudem
1356 3378 1438 3434 homo
1453 3385 1536 3434 esset.
1553 3379 1631 3435 Unde
1645 3395 1728 3450 super
1742 3379 1877 3436 loannem

227 3469 269 3519 εει
284 3463 357 3536 quod
371 3471 400 3519 ut
414 3464 449 3519 sit
471 3465 682 3537 predestinatus
705 3471 756 3520 est.
773 3465 859 3537 Ergo,
876 3463 940 3536 quia
954 3479 1026 3534 prae·
1073 3468 1129 3525 eit:
1146 3467 1261 3537 Quando
1276 3466 1395 3523 verbum
1411 3482 1477 3524 caro
1497 3465 1598 3524 iactum
1619 3474 1671 3535 εει,
1687 3483 1743 3524 une
1755 3483 1878 3540 persona

226 3551 377 3608 destinatus
400 3559 450 3620 est,
467 3554 617 3610 secundum
640 3552 713 3626 quod
737 3553 818 3608 homo
833 3559 862 3607 ut
886 3551 919 3607 sit
942 3551 1025 3608 Filius
1075 3556 1144 3614 lacte
1165 3563 1207 3612 est
1221 3555 1341 3612 Verbum
1357 3563 1384 3612 et
1399 3557 1491 3622 homo,
1508 3554 1535 3611 id
1559 3564 1601 3612 est
1617 3564 1682 3612 tunc
1708 3555 1813 3613 lectum
1838 3567 1881 3614 est

227 3639 287 3711 Dei,
303 3641 383 3696 etiem
399 3642 548 3698 secundum
565 3641 638 3714 quod
656 3643 739 3698 homo
754 3648 795 3698 εει
809 3640 892 3696 Filius
906 3640 966 3696 Dei.
982 3640 1025 3696 Ad
1074 3654 1103 3702 ut
1119 3645 1215 3702 eedem
1229 3659 1348 3717 persone
1362 3645 1437 3717 quod
1450 3644 1574 3700 estDeus
1589 3652 1662 3702 essct
1675 3645 1770 3701 homo.
1786 3646 1879 3702 llovet

226 3729 302 3802 quod
321 3731 528 3804 respondemus,
545 3732 669 3788 dicentes
691 3730 829 3787 Christum
852 3745 913 3786 esse
939 3729 966 3787 id
989 3729 1025 3786 ad
1073 3751 1125 3792 nos
1139 3749 1247 3807 quoque
1262 3732 1398 3806 quomodo
1410 3749 1491 3805 supra
1506 3733 1784 3806 dixeritAugustinus
1800 3734 1878 3790 illum

228 3819 301 3892 quod
316 3821 527 3894 predestinatus
541 3827 592 3888 εει,
602 3827 631 3876 ιιι
645 3821 696 3889 eit;
711 3819 759 3874 sed
775 3835 829 3876 non
844 3827 884 3875 est
898 3819 966 3874 illud
980 3835 1024 3876 se·
1073 3822 1212 3880 hominem
1225 3830 1393 3894 assumptum
1409 3837 1426 3878 e
1440 3821 1542 3890 Verbo,
1560 3838 1622 3879 cum
1636 3821 1681 3878 ille
1697 3821 1731 3876 sit
1744 3839 1876 3895 persone,

227 3907 346 3964 cundum
359 3908 398 3977 id,
416 3909 566 3966 secundum
587 3909 659 3982 quod
680 3909 892 3981 predestinatus
907 3914 959 3964 est.
976 3907 1025 3962 Est
1074 3920 1101 3969 et
1111 3927 1231 3985 persone
1245 3927 1300 3968 non
1323 3910 1357 3966 sit
1369 3917 1517 3982 assumpte.
1533 3910 1605 3966 Alibi
1626 3910 1683 3984 (31)
1697 3926 1810 3984 quoque
1826 3930 1877 3969 ex-

227 3997 299 4052 enim
315 3997 533 4070 predestinatus,
549 4005 578 4052 ιιι
592 3998 627 4054 ειι
641 3998 692 4054 Dei
706 3997 799 4053 Filius.
811 3997 846 4052 Et
859 3997 918 4069 ipse
934 3996 1024 4068 itaque
1073 4000 1196 4072 pressius
1219 3999 1292 4056 idem
1315 4000 1379 4056 dicit
1401 4015 1455 4072 quo
1477 3999 1567 4073 magis
1581 4014 1743 4056 movemur:
1760 4000 1790 4055 Si
1814 4002 1877 4074 quis

227 4092 269 4141 est
291 4101 356 4141 uere
377 4085 461 4141 Filius
480 4086 542 4153 liei,-
557 4087 606 4142 sed
619 4086 830 4159 predestinatus
847 4093 888 4142 est
910 4085 944 4141 ed
960 4086 1022 4155 huc,
1074 4089 1172 4146 dixerit
1195 4097 1274 4161 atque
1295 4087 1442 4146 crediderit
1462 4089 1601 4144 hominem
1619 4089 1712 4144 lesum
1735 4089 1876 4145 Christum

227 4172 377 4229 secundum
393 4173 467 4246 quud
481 4174 572 4242 horno,
590 4175 654 4247 quia
667 4191 719 4247 per
741 4174 856 4248 gratiam
874 4175 927 4230 hoc
942 4189 1024 4231 acce·
1074 4195 1089 4234 a
1104 4178 1172 4235 Filio
1187 4178 1237 4234 Dei
1251 4185 1420 4249 assumptum
1434 4192 1489 4234 non
1503 4176 1597 4246 tuisse,
1613 4177 1759 4232 anathema
1779 4179 1826 4234 sit.
1843 4179 1878 4234 lit

225 4261 274 4334 pit,
291 4262 440 4317 secundum
464 4263 537 4335 quod
556 4264 656 4330 homo;
682 4264 741 4336 ipse
762 4271 853 4318 ιειιιειι
876 4261 1023 4318 secuudum
1074 4267 1111 4323 ita
1130 4266 1236 4323 videtur
1257 4266 1331 4338 quod
1350 4282 1468 4338 persone
1487 4280 1504 4321 a
1524 4281 1644 4337 persono
1665 4266 1699 4320 sit
1722 4277 1876 4340 assumpte,

226 4351 301 4424 quod
315 4351 397 4408 homo
411 4367 466 4407 non
481 4359 522 4407 εει
537 4351 614 4419 ιιιιιιι,
631 4351 682 4406 ιιει
697 4350 777 4419 ιοιιε,
794 4351 942 4409 secundum
959 4351 1058 4417 uni-D
1074 4356 1147 4428 quod
1161 4353 1236 4412 nelns
1251 4362 1292 4412 est
1305 4354 1399 4412 dicere
1417 4363 1463 4410 uut
1485 4353 1596 4411 sentire.
1613 4353 1810 4411 Praedicramm
1823 4371 1876 4410 au.

226 4441 288 4496 tatis
303 4440 337 4495 sit
358 4440 545 4513 expressivum
559 4456 695 4513 personae,
712 4439 862 4497 secundum
884 4439 956 4496 enirn
971 4441 1024 4495 eli-
1074 4445 1226 4501 ctoritatnm
1241 4443 1326 4501 rerba
1340 4443 1379 4500 sic
1392 4442 1509 4516 intelligi
1518 4459 1586 4500 sene
1599 4450 1723 4511 possunt,
1737 4451 1767 4498 ut
1781 4443 1877 4500 horno

227 4529 336 4600 quaudo
356 4528 539 4586 conditionem
553 4531 789 4586 humenaeneturae
803 4529 846 4586 vel
861 4529 960 4586 divinre
974 4545 1024 4586 ex·
1074 4533 1195 4590 Christus
1219 4533 1277 4590 sive
1298 4534 1380 4589 homo
1400 4531 1456 4600 illc,
1471 4531 1533 4590 ideo
1557 4531 1664 4588 dicatur
1686 4540 1878 4604 assumptusa

225 4618 326 4690 primit,
356 4617 501 4692 aliquando
528 4619 658 4675 unitatem
680 4635 813 4692 persone,
841 4618 1023 4676 conditionem
1074 4623 1175 4691 Verbo,
1193 4622 1254 4695 quia
1267 4621 1357 4678 anima
1377 4620 1435 4690 ejus
1454 4627 1481 4676 et
1501 4635 1581 4688 cero,
1593 4621 1622 4676 in
1636 4619 1733 4692 quibus
1749 4621 1877 4678 subsistit

226 4714 339 4776 naturae,
363 4717 393 4764 ut
413 4724 475 4764 curn
494 4707 603 4775 dicitur,
626 4708 775 4766 secundum
800 4707 873 4780 quod
889 4709 980 4777 horno,
996 4709 1024 4764 id
1074 4707 1167 4774 horno,
1183 4715 1246 4762 sunt
1260 4713 1425 4776 assumptae
1441 4705 1541 4772 Verbo,
1558 4712 1586 4759 ut
1601 4704 1636 4759 ad
1654 4703 1740 4776 ipsius
1753 4705 1876 4760 hominis

226 4804 268 4853 est
282 4795 308 4852 in
325 4804 454 4870 quantum
466 4797 558 4865 homo,
575 4797 617 4854 vel
641 4797 790 4855 secundum
810 4796 883 4870 quod
896 4797 980 4869 Deus,
995 4795 1024 4851 id
1074 4795 1175 4853 Christi
1195 4803 1318 4850 naturam
1342 4793 1485 4866 respicies,
1502 4808 1555 4849 non
1576 4793 1612 4848 ad
1636 4807 1794 4864 personum,
1811 4809 1875 4850 eum

225 4893 266 4942 est
280 4886 309 4940 in
323 4893 453 4959 quantum
469 4886 553 4954 Deus,
570 4887 701 4942 unitatem
710 4901 837 4959 personae
847 4885 1024 4958 exprimit-ut
1074 4892 1243 4957 assumptum
1258 4883 1335 4940 dicis.
1351 4885 1428 4950 ltem,
1444 4883 1529 4956 queri
1543 4881 1613 4938 solet
1628 4889 1718 4936 utrum
1732 4881 1816 4937 homo
1828 4883 1875 4938 ille

225 4991 287 5031 cum
304 4974 412 5042 dicitur,
430 4973 553 5030 Christus
571 4975 720 5032 secuudum
736 4975 809 5048 quod
832 4977 914 5031 homo
928 4973 1022 5030 dimit·
1073 4975 1155 5046 coepit
1183 4989 1255 5042 εεεε,
1283 4973 1327 5029 vel
1356 4988 1466 5044 semper
1492 4971 1583 5040 luerit,
1612 4971 1683 5028 sicut
1712 4969 1875 5042 simpliciter

224 5065 256 5120 tit
270 5071 394 5136 peccota,
410 5063 439 5119 id
453 5072 494 5119 est
516 5064 575 5135 ipse
595 5064 688 5132 homo,
705 5065 751 5138 qui
770 5073 812 5120 est
831 5063 963 5130 Christus,
979 5063 1022 5122 vel
1073 5063 1245 5120 enuntiamus
1260 5061 1403 5128 Christum,
1421 5061 1464 5118 vel
1480 5060 1529 5116 Dei
1544 5059 1641 5115 Filium
1663 5075 1774 5130 semper
1789 5058 1875 5116 luisse

224 5169 342 5224 persone
363 5153 422 5225 ipse
445 5170 506 5224 quse
527 5161 569 5208 est
589 5154 683 5209 bomo.
702 5153 856 5225 Aliquando
873 5153 965 5220 etiem,
979 5169 1022 5208 se·
1073 5168 1123 5208 nec
1138 5152 1264 5223 coepisse.
1281 5152 1321 5206 Dc
1337 5151 1388 5206 lroc
1402 5149 1569 5222 Augustinus
1584 5149 1621 5204 ita
1636 5148 1672 5203 ιιι
1686 5148 1761 5218 (32):
1774 5149 1875 5204 llehuit

259 5325 314 5394 (ιι)
330 5328 429 5380 ιιιειιιιι.
443 5341 517 5394 super
529 5329 608 5392 Epist.
621 5327 651 5378 ad
664 5327 757 5392 Ephes.
1117 5329 1160 5396 30)
1173 5328 1262 5393 ιιιιει.,
1275 5329 1300 5380 ιιι
1312 5341 1388 5380 εειιι.
1400 5327 1443 5391 Ξιι,
1456 5339 1529 5392 super
1539 5327 1610 5378 toan.
1624 5327 1649 5378 ιιι
1660 5337 1738 5378 serm.
1750 5325 1793 5377 20.

260 5393 314 5462 (ιθ)
328 5395 435 5448 ιιιιιιιιιε
445 5396 470 5448 ιιι
482 5395 523 5448 lib.
539 5408 557 5447 ιι
569 5399 652 5448 contre
665 5395 759 5450 Arium.
1118 5397 1162 5462 ιιι)
1176 5397 1225 5462 td,
1234 5397 1260 5447 ιιι
1271 5407 1384 5448 sermone
1395 5395 1427 5448 de
1439 5394 1487 5446 lide
1499 5394 1530 5446 nd
1541 5395 1608 5446 Pctr.

260 5459 319 5530 (ιιι)
331 5461 380 5528 td,
391 5462 436 5514 ιιι).
449 5475 487 5514 ιιι.
1107 5463 1161 5529 (52)
1174 5463 1222 5528 td,
1232 5474 1307 5528 cuper
1317 5463 1387 5516 loun.
