<?xml version="1.0" encoding="UTF-8"?>
<!DOCTYPE html PUBLIC "-//W3C//DTD XHTML 1.0 Transitional//EN"
    "http://www.w3.org/TR/xhtml1/DTD/xhtml1-transitional.dtd">
<html xmlns="http://www.w3.org/1999/xhtml" xml:lang="en" lang="en">
 <head>
  <title>
</title>
<meta http-equiv="Content-Type" content="text/html;charset=utf-8" />
  <meta name='ocr-system' content='tesseract 3.04.00' />
  <meta name='ocr-capabilities' content='ocr_page ocr_carea ocr_par ocr_line ocrx_word'/>
</head>
<body>
  <div class='ocr_page' id='page_1' title='image "./patrologiaecurs122unkngoog/patrologiaecurs122unkngoog_0754.png"; bbox 0 0 3906 6056; ppageno 0'>
   <div class='ocr_carea' id='block_1_1' title="bbox 191 208 1847 271">
    <p class='ocr_par' dir='ltr' id='par_1_1' title="bbox 191 208 1847 271">
     <span class='ocr_line' id='line_1_1' title="bbox 191 208 1847 271; baseline 0 -4"><span class='ocrx_word' id='word_1_1' title='bbox 191 216 259 270; x_wconf 80' lang='lat' dir='ltr'><strong>ttae</strong></span> <span class='ocrx_word' id='word_1_2' title='bbox 849 208 1141 271; x_wconf 79' lang='lat' dir='ltr'><strong>Pnrhtnoltnttttnt.</strong></span> <span class='ocrx_word' id='word_1_3' title='bbox 1772 215 1847 268; x_wconf 76' lang='grc'><strong>1500</strong></span> 
     </span>
    </p>
   </div>
   <div class='ocr_carea' id='block_1_2' title="bbox 182 335 1868 5201">
    <p class='ocr_par' dir='ltr' id='par_1_2' title="bbox 189 335 1847 1213">
     <span class='ocr_line' id='line_1_2' title="bbox 189 335 1847 408; baseline -0.002 -14"><span class='ocrx_word' id='word_1_4' title='bbox 189 339 225 394; x_wconf 87' lang='lat' dir='ltr'><strong>ad</strong></span> <span class='ocrx_word' id='word_1_5' title='bbox 241 351 399 392; x_wconf 88' lang='lat' dir='ltr'><strong>mensuram</strong></span> <span class='ocrx_word' id='word_1_6' title='bbox 422 335 511 404; x_wconf 91' lang='lat' dir='ltr'><strong>datur,</strong></span> <span class='ocrx_word' id='word_1_7' title='bbox 531 342 558 392; x_wconf 93' lang='grc' dir='ltr'><strong>ει</strong></span> <span class='ocrx_word' id='word_1_8' title='bbox 572 336 649 393; x_wconf 87' lang='lat' dir='ltr'><strong>datus</strong></span> <span class='ocrx_word' id='word_1_9' title='bbox 673 335 790 404; x_wconf 75' lang='lat' dir='ltr'><strong>additur,</strong></span> <span class='ocrx_word' id='word_1_10' title='bbox 815 337 903 396; x_wconf 88' lang='lat' dir='ltr'><strong>donec</strong></span> <span class='ocrx_word' id='word_1_11' title='bbox 923 336 1104 400; x_wconf 78' lang='lat' dir='ltr'><strong>uni-Atina</strong></span> <span class='ocrx_word' id='word_1_12' title='bbox 1124 341 1301 408; x_wconf 91' lang='lat' dir='ltr'><strong>occultorum,</strong></span> <span class='ocrx_word' id='word_1_13' title='bbox 1325 338 1410 396; x_wconf 91' lang='lat' dir='ltr'><strong>simus</strong></span> <span class='ocrx_word' id='word_1_14' title='bbox 1434 337 1559 394; x_wconf 88' lang='lat' dir='ltr'><strong>membra</strong></span> <span class='ocrx_word' id='word_1_15' title='bbox 1584 335 1710 403; x_wconf 87' lang='lat' dir='ltr'><strong>aliomm,</strong></span> <span class='ocrx_word' id='word_1_16' title='bbox 1735 342 1764 390; x_wconf 94' lang='lat' dir='ltr'><strong>ut</strong></span> <span class='ocrx_word' id='word_1_17' title='bbox 1791 336 1847 390; x_wconf 86' lang='lat' dir='ltr'><strong>illis</strong></span> 
     </span>
     <span class='ocr_line' id='line_1_3' title="bbox 190 423 1847 501; baseline 0 -20"><span class='ocrx_word' id='word_1_18' title='bbox 190 425 288 497; x_wconf 89' lang='lat' dir='ltr'><strong>cuique</strong></span> <span class='ocrx_word' id='word_1_19' title='bbox 301 439 353 495; x_wconf 94' lang='lat' dir='ltr'><strong>pro</strong></span> <span class='ocrx_word' id='word_1_20' title='bbox 367 424 450 480; x_wconf 93' lang='lat' dir='ltr'><strong>modo</strong></span> <span class='ocrx_word' id='word_1_21' title='bbox 464 441 521 480; x_wconf 81' lang='lat' dir='ltr'><strong>suae</strong></span> <span class='ocrx_word' id='word_1_22' title='bbox 535 423 710 496; x_wconf 80' lang='lat' dir='ltr'><strong>perfeetionis</strong></span> <span class='ocrx_word' id='word_1_23' title='bbox 728 426 841 499; x_wconf 89' lang='lat' dir='ltr'><strong>propria</strong></span> <span class='ocrx_word' id='word_1_24' title='bbox 859 442 989 482; x_wconf 86' lang='lat' dir='ltr'><strong>mensura</strong></span> <span class='ocrx_word' id='word_1_25' title='bbox 1039 431 1242 501; x_wconf 81' lang='lat' dir='ltr'><strong>prophetemus.</strong></span> <span class='ocrx_word' id='word_1_26' title='bbox 1252 426 1469 494; x_wconf 83' lang='lat' dir='ltr'><strong>Habentes&#39;dico,</strong></span> <span class='ocrx_word' id='word_1_27' title='bbox 1481 425 1638 483; x_wconf 83' lang='lat' dir='ltr'><strong>secundnm</strong></span> <span class='ocrx_word' id='word_1_28' title='bbox 1651 426 1798 483; x_wconf 69' lang='lat' dir='ltr'><strong>ratonem</strong></span> <span class='ocrx_word' id='word_1_29' title='bbox 1813 426 1847 494; x_wconf 74' lang='grc' dir='ltr'><strong>ιι-</strong></span> 
     </span>
     <span class='ocr_line' id='line_1_4' title="bbox 190 511 1845 592; baseline -0.001 -23"><span class='ocrx_word' id='word_1_30' title='bbox 190 512 366 584; x_wconf 87' lang='lat' dir='ltr'><strong>compleatur.</strong></span> <span class='ocrx_word' id='word_1_31' title='bbox 384 511 462 569; x_wconf 87' lang='lat' dir='ltr'>Unde</span> <span class='ocrx_word' id='word_1_32' title='bbox 480 513 600 570; x_wconf 85' lang='lat' dir='ltr'><strong>loannes</strong></span> <span class='ocrx_word' id='word_1_33' title='bbox 614 515 648 569; x_wconf 93' lang='lat' dir='ltr'><strong>de</strong></span> <span class='ocrx_word' id='word_1_34' title='bbox 663 514 771 570; x_wconf 87' lang='lat' dir='ltr'><strong>Christo</strong></span> <span class='ocrx_word' id='word_1_35' title='bbox 794 515 909 587; x_wconf 92' lang='lat' dir='ltr'><strong>loquens</strong></span> <span class='ocrx_word' id='word_1_36' title='bbox 927 515 964 570; x_wconf 91' lang='lat' dir='ltr'><strong>ait</strong></span> <span class='ocrx_word' id='word_1_37' title='bbox 981 533 988 570; x_wconf 76' lang='grc' dir='ltr'><strong>ι</strong></span> <span class='ocrx_word' id='word_1_38' title='bbox 1039 519 1093 588; x_wconf 85' lang='lat' dir='ltr'><strong>dai,</strong></span> <span class='ocrx_word' id='word_1_39' title='bbox 1110 519 1183 591; x_wconf 90' lang='lat' dir='ltr'><strong>quia,</strong></span> <span class='ocrx_word' id='word_1_40' title='bbox 1199 527 1228 574; x_wconf 92' lang='lat' dir='ltr'><strong>ut</strong></span> <span class='ocrx_word' id='word_1_41' title='bbox 1243 517 1326 592; x_wconf 81' lang='lat' dir='ltr'>exigit</span> <span class='ocrx_word' id='word_1_42' title='bbox 1340 516 1409 572; x_wconf 84' lang='lat' dir='ltr'><strong>tides</strong></span> <span class='ocrx_word' id='word_1_43' title='bbox 1424 531 1536 582; x_wconf 89' lang='lat' dir='ltr'><strong>eorum,</strong></span> <span class='ocrx_word' id='word_1_44' title='bbox 1552 515 1595 569; x_wconf 87' lang='lat' dir='ltr'><strong>vel</strong></span> <span class='ocrx_word' id='word_1_45' title='bbox 1610 514 1766 569; x_wconf 91' lang='lat' dir='ltr'><strong>auditorum</strong></span> <span class='ocrx_word' id='word_1_46' title='bbox 1791 513 1845 567; x_wconf 90' lang='lat' dir='ltr'><strong>da-</strong></span> 
     </span>
     <span class='ocr_line' id='line_1_5' title="bbox 189 601 1845 680; baseline -0.002 -20"><span class='ocrx_word' id='word_1_47' title='bbox 189 603 250 660; x_wconf 85' lang='lat' dir='ltr'><strong>Non</strong></span> <span class='ocrx_word' id='word_1_48' title='bbox 260 603 336 658; x_wconf 83' lang='lat' dir='ltr'><strong>enim</strong></span> <span class='ocrx_word' id='word_1_49' title='bbox 346 601 383 657; x_wconf 88' lang='lat' dir='ltr'><strong>od</strong></span> <span class='ocrx_word' id='word_1_50' title='bbox 393 618 558 659; x_wconf 79' lang='lat' dir='ltr'><strong>meresarcm</strong></span> <span class='ocrx_word' id='word_1_51' title='bbox 568 603 698 659; x_wconf 84' lang='lat' dir='ltr'><strong>Deusdnt</strong></span> <span class='ocrx_word' id='word_1_52' title='bbox 710 606 845 678; x_wconf 85' lang='lat' dir='ltr'><strong>spiritam</strong></span> <span class='ocrx_word' id='word_1_53' title='bbox 856 605 946 673; x_wconf 79' lang='lat' dir='ltr'><strong>(loon.</strong></span> <span class='ocrx_word' id='word_1_54' title='bbox 956 606 987 673; x_wconf 90' lang='grc' dir='ltr'><strong>ι).</strong></span> <span class='ocrx_word' id='word_1_55' title='bbox 1039 614 1083 662; x_wconf 93' lang='lat' dir='ltr'><strong>tur</strong></span> <span class='ocrx_word' id='word_1_56' title='bbox 1098 607 1250 679; x_wconf 70' lang='lat' dir='ltr'><strong>prophetia.</strong></span> <span class='ocrx_word' id='word_1_57' title='bbox 1277 602 1459 680; x_wconf 80' lang='lat' dir='ltr'><strong>[Ambrosius]</strong></span> <span class='ocrx_word' id='word_1_58' title='bbox 1481 603 1517 658; x_wconf 83' lang='lat' dir='ltr'><strong>iit</strong></span> <span class='ocrx_word' id='word_1_59' title='bbox 1536 611 1599 658; x_wconf 91' lang='lat' dir='ltr'><strong>nota</strong></span> <span class='ocrx_word' id='word_1_60' title='bbox 1621 603 1694 674; x_wconf 91' lang='lat' dir='ltr'><strong>quod</strong></span> <span class='ocrx_word' id='word_1_61' title='bbox 1718 602 1747 656; x_wconf 95' lang='lat' dir='ltr'><strong>in</strong></span> <span class='ocrx_word' id='word_1_62' title='bbox 1771 618 1845 657; x_wconf 89' lang='lat' dir='ltr'><strong>enu-</strong></span> 
     </span>
     <span class='ocr_line' id='line_1_6' title="bbox 190 689 1847 770; baseline 0 -24"><span class='ocrx_word' id='word_1_63' title='bbox 190 690 304 746; x_wconf 87' lang='lat' dir='ltr'><strong>Caeteris</strong></span> <span class='ocrx_word' id='word_1_64' title='bbox 323 706 388 746; x_wconf 89' lang='lat' dir='ltr'><strong>vero</strong></span> <span class='ocrx_word' id='word_1_65' title='bbox 412 689 547 758; x_wconf 86' lang='lat' dir='ltr'><strong>dividitur,</strong></span> <span class='ocrx_word' id='word_1_66' title='bbox 574 707 628 746; x_wconf 89' lang='lat' dir='ltr'><strong>non</strong></span> <span class='ocrx_word' id='word_1_67' title='bbox 653 691 763 764; x_wconf 91' lang='lat' dir='ltr'><strong>quidem</strong></span> <span class='ocrx_word' id='word_1_68' title='bbox 787 691 846 763; x_wconf 88' lang='lat' dir='ltr'><strong>ipse</strong></span> <span class='ocrx_word' id='word_1_69' title='bbox 866 691 987 764; x_wconf 87' lang='lat' dir='ltr'><strong>spiritus,</strong></span> <span class='ocrx_word' id='word_1_70' title='bbox 1039 696 1189 752; x_wconf 90' lang='lat' dir='ltr'><strong>meratione</strong></span> <span class='ocrx_word' id='word_1_71' title='bbox 1223 696 1403 770; x_wconf 89' lang='lat' dir='ltr'><strong>gratiaruma</strong></span> <span class='ocrx_word' id='word_1_72' title='bbox 1424 691 1567 765; x_wconf 88' lang='lat' dir='ltr'><strong>prophetia</strong></span> <span class='ocrx_word' id='word_1_73' title='bbox 1590 691 1695 761; x_wconf 93' lang='lat' dir='ltr'><strong>incipit,</strong></span> <span class='ocrx_word' id='word_1_74' title='bbox 1717 707 1782 764; x_wconf 82' lang='lat' dir='ltr'><strong>quae</strong></span> <span class='ocrx_word' id='word_1_75' title='bbox 1805 698 1847 746; x_wconf 73' lang='grc' dir='ltr'><strong>εει</strong></span> 
     </span>
     <span class='ocr_line' id='line_1_7' title="bbox 189 778 1846 858; baseline 0 -24"><span class='ocrx_word' id='word_1_76' title='bbox 189 779 239 834; x_wconf 90' lang='lat' dir='ltr'><strong>sed</strong></span> <span class='ocrx_word' id='word_1_77' title='bbox 254 779 327 834; x_wconf 85' lang='lat' dir='ltr'><strong>dona</strong></span> <span class='ocrx_word' id='word_1_78' title='bbox 342 779 410 849; x_wconf 85' lang='lat' dir='ltr'><strong>ejus.</strong></span> <span class='ocrx_word' id='word_1_79' title='bbox 432 778 466 833; x_wconf 88' lang='lat' dir='ltr'><strong>Et</strong></span> <span class='ocrx_word' id='word_1_80' title='bbox 489 779 632 835; x_wconf 88' lang='lat' dir='ltr'><strong>sciendum</strong></span> <span class='ocrx_word' id='word_1_81' title='bbox 655 781 727 853; x_wconf 93' lang='lat' dir='ltr'><strong>quod</strong></span> <span class='ocrx_word' id='word_1_82' title='bbox 745 780 989 852; x_wconf 90' lang='lat' dir='ltr'><strong>obtemperandum</strong></span> <span class='ocrx_word' id='word_1_83' title='bbox 1039 785 1127 855; x_wconf 89' lang='lat' dir='ltr'><strong>prima</strong></span> <span class='ocrx_word' id='word_1_84' title='bbox 1142 785 1277 858; x_wconf 90' lang='lat' dir='ltr'><strong>probatio,</strong></span> <span class='ocrx_word' id='word_1_85' title='bbox 1297 783 1371 857; x_wconf 89' lang='lat' dir='ltr'><strong>quod</strong></span> <span class='ocrx_word' id='word_1_86' title='bbox 1396 781 1467 838; x_wconf 87' lang='lat' dir='ltr'><strong>fides</strong></span> <span class='ocrx_word' id='word_1_87' title='bbox 1490 790 1586 838; x_wconf 83' lang='lat' dir='ltr'><strong>nostra</strong></span> <span class='ocrx_word' id='word_1_88' title='bbox 1605 779 1640 836; x_wconf 90' lang='lat' dir='ltr'><strong>sit</strong></span> <span class='ocrx_word' id='word_1_89' title='bbox 1660 779 1846 844; x_wconf 86' lang='lat' dir='ltr'><strong>rationabilis,</strong></span> 
     </span>
     <span class='ocr_line' id='line_1_8' title="bbox 191 867 1847 946; baseline 0.002 -24"><span class='ocrx_word' id='word_1_90' title='bbox 191 875 233 922; x_wconf 92' lang='grc' dir='ltr'><strong>εει</strong></span> <span class='ocrx_word' id='word_1_91' title='bbox 257 867 389 939; x_wconf 84' lang='grc' dir='ltr'>Αροειοιο</span> <span class='ocrx_word' id='word_1_92' title='bbox 412 867 579 938; x_wconf 86' lang='lat' dir='ltr'><strong>praecipienti</strong></span> <span class='ocrx_word' id='word_1_93' title='bbox 602 868 745 940; x_wconf 91' lang='lat' dir='ltr'><strong>unicnique</strong></span> <span class='ocrx_word' id='word_1_94' title='bbox 769 885 868 940; x_wconf 77' lang='lat' dir='ltr'><strong>sapere</strong></span> <span class='ocrx_word' id='word_1_95' title='bbox 892 885 989 924; x_wconf 90' lang='lat' dir='ltr'><strong>secun·</strong></span> <span class='ocrx_word' id='word_1_96' title='bbox 1040 874 1103 946; x_wconf 90' lang='lat' dir='ltr'><strong>quia</strong></span> <span class='ocrx_word' id='word_1_97' title='bbox 1124 875 1267 931; x_wconf 88' lang='lat' dir='ltr'><strong>credentes</strong></span> <span class='ocrx_word' id='word_1_98' title='bbox 1289 881 1401 945; x_wconf 89' lang='lat' dir='ltr'><strong>accepto</strong></span> <span class='ocrx_word' id='word_1_99' title='bbox 1421 871 1517 944; x_wconf 87' lang='lat' dir='ltr'><strong>spiritu</strong></span> <span class='ocrx_word' id='word_1_100' title='bbox 1540 869 1749 943; x_wconf 77' lang='lat' dir='ltr'><strong>prophetabant.</strong></span> <span class='ocrx_word' id='word_1_101' title='bbox 1781 870 1847 926; x_wconf 81' lang='lat' dir='ltr'><strong>Sine</strong></span> 
     </span>
     <span class='ocr_line' id='line_1_9' title="bbox 190 953 1846 1029; baseline -0.001 -16"><span class='ocrx_word' id='word_1_102' title='bbox 190 955 255 1010; x_wconf 87' lang='lat' dir='ltr'><strong>dum</strong></span> <span class='ocrx_word' id='word_1_103' title='bbox 270 971 425 1011; x_wconf 86' lang='lat' dir='ltr'><strong>mensuram</strong></span> <span class='ocrx_word' id='word_1_104' title='bbox 441 953 513 1012; x_wconf 85' lang='lat' dir='ltr'><strong>fidei.</strong></span> <span class='ocrx_word' id='word_1_105' title='bbox 530 957 604 1027; x_wconf 74' lang='lat'>(³52)</span> <span class='ocrx_word' id='word_1_106' title='bbox 620 955 649 1012; x_wconf 85' lang='lat' dir='ltr'><strong>Si</strong></span> <span class='ocrx_word' id='word_1_107' title='bbox 663 957 736 1012; x_wconf 91' lang='lat' dir='ltr'><strong>enim</strong></span> <span class='ocrx_word' id='word_1_108' title='bbox 750 973 799 1029; x_wconf 90' lang='lat' dir='ltr'><strong>pro</strong></span> <span class='ocrx_word' id='word_1_109' title='bbox 816 957 918 1014; x_wconf 89' lang='lat' dir='ltr'><strong>viribus</strong></span> <span class='ocrx_word' id='word_1_110' title='bbox 933 957 989 1012; x_wconf 91' lang='lat' dir='ltr'><strong>suis</strong></span> <span class='ocrx_word' id='word_1_111' title='bbox 1039 963 1233 1018; x_wconf 85' lang='lat' dir='ltr'><strong>ministerium</strong></span> <span class='ocrx_word' id='word_1_112' title='bbox 1247 961 1462 1018; x_wconf 89' lang='lat' dir='ltr'><strong>ecclesiasticum</strong></span> <span class='ocrx_word' id='word_1_113' title='bbox 1482 960 1625 1026; x_wconf 88' lang='lat' dir='ltr'><strong>habentes,</strong></span> <span class='ocrx_word' id='word_1_114' title='bbox 1641 958 1846 1029; x_wconf 74' lang='lat' dir='ltr'><strong>etpresbyteri</strong></span> 
     </span>
     <span class='ocr_line' id='line_1_10' title="bbox 190 1043 1846 1120; baseline 0.003 -23"><span class='ocrx_word' id='word_1_115' title='bbox 190 1044 270 1098; x_wconf 87' lang='lat' dir='ltr'><strong>alitur</strong></span> <span class='ocrx_word' id='word_1_116' title='bbox 283 1043 383 1112; x_wconf 88' lang='lat' dir='ltr'><strong>intans,</strong></span> <span class='ocrx_word' id='word_1_117' title='bbox 399 1045 498 1101; x_wconf 85' lang='lat' dir='ltr'><strong>crescit</strong></span> <span class='ocrx_word' id='word_1_118' title='bbox 513 1053 542 1099; x_wconf 88' lang='grc' dir='ltr'><strong>ιιι</strong></span> <span class='ocrx_word' id='word_1_119' title='bbox 562 1045 623 1116; x_wconf 90' lang='lat' dir='ltr'><strong>plus</strong></span> <span class='ocrx_word' id='word_1_120' title='bbox 635 1045 742 1116; x_wconf 87' lang='lat' dir='ltr'><strong>capiat;</strong></span> <span class='ocrx_word' id='word_1_121' title='bbox 759 1045 782 1100; x_wconf 90' lang='lat' dir='ltr'><strong>si</strong></span> <span class='ocrx_word' id='word_1_122' title='bbox 804 1055 894 1102; x_wconf 90' lang='lat' dir='ltr'><strong>autem</strong></span> <span class='ocrx_word' id='word_1_123' title='bbox 917 1046 989 1102; x_wconf 90' lang='lat' dir='ltr'><strong>vires</strong></span> <span class='ocrx_word' id='word_1_124' title='bbox 1040 1051 1264 1120; x_wconf 87' lang='lat' dir='ltr'><strong>simus,memhra</strong></span> <span class='ocrx_word' id='word_1_125' title='bbox 1274 1051 1391 1106; x_wconf 88' lang='lat' dir='ltr'><strong>aliorum</strong></span> <span class='ocrx_word' id='word_1_126' title='bbox 1401 1048 1635 1106; x_wconf 85' lang='lat' dir='ltr'><strong>inministrando</strong></span> <span class='ocrx_word' id='word_1_127' title='bbox 1645 1045 1766 1102; x_wconf 88' lang='lat' dir='ltr'><strong>assidue.</strong></span> <span class='ocrx_word' id='word_1_128' title='bbox 1780 1048 1846 1104; x_wconf 80' lang='lat' dir='ltr'><strong>Siue</strong></span> 
     </span>
     <span class='ocr_line' id='line_1_11' title="bbox 189 1130 1845 1213; baseline 0.001 -26"><span class='ocrx_word' id='word_1_129' title='bbox 189 1148 247 1188; x_wconf 75' lang='lat' dir='ltr'><strong>sum</strong></span> <span class='ocrx_word' id='word_1_130' title='bbox 262 1133 420 1203; x_wconf 81' lang='lat' dir='ltr'><strong>capacitatis</strong></span> <span class='ocrx_word' id='word_1_131' title='bbox 434 1131 550 1197; x_wconf 85' lang='lat' dir='ltr'><strong>excedit,</strong></span> <span class='ocrx_word' id='word_1_132' title='bbox 567 1130 654 1189; x_wconf 83' lang='lat' dir='ltr'><strong>deficit</strong></span> <span class='ocrx_word' id='word_1_133' title='bbox 669 1141 816 1206; x_wconf 88' lang='lat' dir='ltr'><strong>antequam</strong></span> <span class='ocrx_word' id='word_1_134' title='bbox 830 1144 942 1191; x_wconf 90' lang='lat' dir='ltr'><strong>crescat.</strong></span> <span class='ocrx_word' id='word_1_135' title='bbox 1039 1139 1087 1213; x_wconf 86' lang='lat' dir='ltr'><strong>qni</strong></span> <span class='ocrx_word' id='word_1_136' title='bbox 1099 1139 1188 1207; x_wconf 88' lang='lat' dir='ltr'><strong>docet,</strong></span> <span class='ocrx_word' id='word_1_137' title='bbox 1204 1139 1285 1195; x_wconf 91' lang='lat' dir='ltr'><strong>idest</strong></span> <span class='ocrx_word' id='word_1_138' title='bbox 1301 1139 1346 1212; x_wconf 93' lang='lat' dir='ltr'><strong>qui</strong></span> <span class='ocrx_word' id='word_1_139' title='bbox 1356 1139 1437 1194; x_wconf 86' lang='lat' dir='ltr'><strong>hahet</strong></span> <span class='ocrx_word' id='word_1_140' title='bbox 1447 1137 1564 1211; x_wconf 88' lang='lat' dir='ltr'><strong>gratiam</strong></span> <span class='ocrx_word' id='word_1_141' title='bbox 1578 1135 1695 1192; x_wconf 89' lang='lat' dir='ltr'><strong>docendi</strong></span> <span class='ocrx_word' id='word_1_142' title='bbox 1708 1135 1746 1190; x_wconf 90' lang='lat' dir='ltr'><strong>sit</strong></span> <span class='ocrx_word' id='word_1_143' title='bbox 1755 1151 1845 1190; x_wconf 90' lang='lat' dir='ltr'><strong>mem·</strong></span> 
     </span>
    </p>

    <p class='ocr_par' dir='ltr' id='par_1_3' title="bbox 189 1219 1847 2894">
     <span class='ocr_line' id='line_1_12' title="bbox 226 1219 1845 1295; baseline 0.002 -21"><span class='ocrx_word' id='word_1_144' title='bbox 226 1220 311 1274; x_wconf 77' lang='lat' dir='ltr'><strong>vrrs.</strong></span> <span class='ocrx_word' id='word_1_145' title='bbox 325 1221 357 1274; x_wconf 86' lang='lat' dir='ltr'><strong>l·</strong></span> <span class='ocrx_word' id='word_1_146' title='bbox 373 1223 416 1275; x_wconf 82' lang='lat' dir='ltr'><strong>ta.</strong></span> <span class='ocrx_word' id='word_1_147' title='bbox 432 1250 467 1260; x_wconf 96' lang='lat'>—</span> <span class='ocrx_word' id='word_1_148' title='bbox 483 1241 494 1272; x_wconf 87' lang='grc' dir='ltr'><strong>ι</strong></span> <span class='ocrx_word' id='word_1_149' title='bbox 508 1219 661 1276; x_wconf 91' lang='lat' dir='ltr'><strong>Sicntenim</strong></span> <span class='ocrx_word' id='word_1_150' title='bbox 677 1221 705 1277; x_wconf 91' lang='lat' dir='ltr'><strong>in</strong></span> <span class='ocrx_word' id='word_1_151' title='bbox 715 1239 891 1295; x_wconf 91' lang='lat' dir='ltr'><strong>unocorpore</strong></span> <span class='ocrx_word' id='word_1_152' title='bbox 904 1225 989 1281; x_wconf 91' lang='lat' dir='ltr'><strong>multa</strong></span> <span class='ocrx_word' id='word_1_153' title='bbox 1040 1228 1119 1282; x_wconf 92' lang='lat' dir='ltr'><strong>hrum</strong></span> <span class='ocrx_word' id='word_1_154' title='bbox 1134 1227 1255 1294; x_wconf 89' lang='lat' dir='ltr'><strong>alterius,</strong></span> <span class='ocrx_word' id='word_1_155' title='bbox 1268 1228 1300 1283; x_wconf 89' lang='lat' dir='ltr'><strong>in</strong></span> <span class='ocrx_word' id='word_1_156' title='bbox 1315 1227 1458 1292; x_wconf 81' lang='lat' dir='ltr'><strong>doctrina,</strong></span> <span class='ocrx_word' id='word_1_157' title='bbox 1473 1226 1500 1281; x_wconf 93' lang='lat' dir='ltr'><strong>id</strong></span> <span class='ocrx_word' id='word_1_158' title='bbox 1516 1233 1557 1282; x_wconf 91' lang='lat' dir='ltr'><strong>est</strong></span> <span class='ocrx_word' id='word_1_159' title='bbox 1564 1224 1593 1279; x_wconf 91' lang='lat' dir='ltr'><strong>in</strong></span> <span class='ocrx_word' id='word_1_160' title='bbox 1607 1223 1774 1280; x_wconf 85' lang='lat' dir='ltr'><strong>exhibitione</strong></span> <span class='ocrx_word' id='word_1_161' title='bbox 1790 1223 1845 1278; x_wconf 93' lang='lat' dir='ltr'><strong>do-</strong></span> 
     </span>
     <span class='ocr_line' id='line_1_13' title="bbox 192 1308 1843 1386; baseline 0.005 -28"><span class='ocrx_word' id='word_1_162' title='bbox 192 1308 345 1364; x_wconf 70' lang='lat' dir='ltr'><strong>«membra</strong></span> <span class='ocrx_word' id='word_1_163' title='bbox 377 1309 519 1378; x_wconf 89' lang='lat' dir='ltr'><strong>habemus,</strong></span> <span class='ocrx_word' id='word_1_164' title='bbox 554 1309 644 1365; x_wconf 91' lang='lat' dir='ltr'><strong>omnia</strong></span> <span class='ocrx_word' id='word_1_165' title='bbox 665 1319 757 1367; x_wconf 90' lang='lat' dir='ltr'><strong>autem</strong></span> <span class='ocrx_word' id='word_1_166' title='bbox 785 1313 907 1370; x_wconf 87' lang='lat' dir='ltr'><strong>membra</strong></span> <span class='ocrx_word' id='word_1_167' title='bbox 934 1331 989 1370; x_wconf 92' lang='lat' dir='ltr'><strong>non</strong></span> <span class='ocrx_word' id='word_1_168' title='bbox 1039 1315 1143 1373; x_wconf 84' lang='lat' dir='ltr'><strong>ctrinae.</strong></span> <span class='ocrx_word' id='word_1_169' title='bbox 1162 1317 1214 1384; x_wconf 83' lang='lat' dir='ltr'><strong>Qnt</strong></span> <span class='ocrx_word' id='word_1_170' title='bbox 1228 1317 1410 1382; x_wconf 75' lang='lat' dir='ltr'><strong>exhortator,</strong></span> <span class='ocrx_word' id='word_1_171' title='bbox 1427 1312 1778 1386; x_wconf 88' lang='lat' dir='ltr'><strong>idestquihabetgratiam</strong></span> <span class='ocrx_word' id='word_1_172' title='bbox 1792 1328 1843 1367; x_wconf 86' lang='lat' dir='ltr'><strong>ex-</strong></span> 
     </span>
     <span class='ocr_line' id='line_1_14' title="bbox 192 1397 1844 1474; baseline 0.002 -21"><span class='ocrx_word' id='word_1_173' title='bbox 192 1397 348 1453; x_wconf 79' lang='lat' dir='ltr'><strong>nenmdem</strong></span> <span class='ocrx_word' id='word_1_174' title='bbox 371 1405 460 1454; x_wconf 89' lang='lat' dir='ltr'><strong>actum</strong></span> <span class='ocrx_word' id='word_1_175' title='bbox 483 1397 600 1468; x_wconf 87' lang='lat' dir='ltr'><strong>habent,</strong></span> <span class='ocrx_word' id='word_1_176' title='bbox 623 1399 661 1454; x_wconf 89' lang='lat' dir='ltr'><strong>ita</strong></span> <span class='ocrx_word' id='word_1_177' title='bbox 680 1399 758 1454; x_wconf 90' lang='lat' dir='ltr'><strong>multi</strong></span> <span class='ocrx_word' id='word_1_178' title='bbox 782 1418 864 1456; x_wconf 92' lang='lat' dir='ltr'><strong>unum</strong></span> <span class='ocrx_word' id='word_1_179' title='bbox 889 1419 988 1474; x_wconf 90' lang='lat' dir='ltr'><strong>corpus</strong></span> <span class='ocrx_word' id='word_1_180' title='bbox 1039 1405 1163 1460; x_wconf 90' lang='lat' dir='ltr'><strong>hortandi</strong></span> <span class='ocrx_word' id='word_1_181' title='bbox 1178 1405 1212 1460; x_wconf 92' lang='grc' dir='ltr'><strong>ειι</strong></span> <span class='ocrx_word' id='word_1_182' title='bbox 1234 1404 1385 1460; x_wconf 87' lang='lat' dir='ltr'><strong>membrum</strong></span> <span class='ocrx_word' id='word_1_183' title='bbox 1411 1403 1521 1460; x_wconf 91' lang='lat' dir='ltr'><strong>alterius</strong></span> <span class='ocrx_word' id='word_1_184' title='bbox 1536 1402 1564 1456; x_wconf 91' lang='lat' dir='ltr'><strong>in</strong></span> <span class='ocrx_word' id='word_1_185' title='bbox 1585 1401 1762 1458; x_wconf 87' lang='lat' dir='ltr'><strong>exhortando.</strong></span> <span class='ocrx_word' id='word_1_186' title='bbox 1791 1401 1844 1469; x_wconf 84' lang='lat' dir='ltr'><strong>Qui</strong></span> 
     </span>
     <span class='ocr_line' id='line_1_15' title="bbox 193 1485 1844 1565; baseline 0.004 -27"><span class='ocrx_word' id='word_1_187' title='bbox 193 1507 204 1537; x_wconf 90' lang='grc' dir='ltr'><strong>ι</strong></span> <span class='ocrx_word' id='word_1_188' title='bbox 221 1502 315 1541; x_wconf 90' lang='lat' dir='ltr'><strong>sumus</strong></span> <span class='ocrx_word' id='word_1_189' title='bbox 333 1485 361 1541; x_wconf 91' lang='lat' dir='ltr'><strong>in</strong></span> <span class='ocrx_word' id='word_1_190' title='bbox 388 1487 514 1554; x_wconf 88' lang='lat' dir='ltr'><strong>Christo;</strong></span> <span class='ocrx_word' id='word_1_191' title='bbox 539 1487 639 1558; x_wconf 84' lang='lat' dir='ltr'><strong>singuli</strong></span> <span class='ocrx_word' id='word_1_192' title='bbox 660 1496 750 1544; x_wconf 90' lang='lat' dir='ltr'><strong>autem</strong></span> <span class='ocrx_word' id='word_1_193' title='bbox 785 1490 853 1545; x_wconf 90' lang='lat' dir='ltr'><strong>alter</strong></span> <span class='ocrx_word' id='word_1_194' title='bbox 878 1490 989 1546; x_wconf 88' lang='lat' dir='ltr'><strong>alterius</strong></span> <span class='ocrx_word' id='word_1_195' title='bbox 1041 1492 1154 1560; x_wconf 80' lang='lat' dir='ltr'><strong>tribuit,</strong></span> <span class='ocrx_word' id='word_1_196' title='bbox 1170 1493 1358 1565; x_wconf 79' lang='lat' dir='ltr'><strong>eleemosynas</strong></span> <span class='ocrx_word' id='word_1_197' title='bbox 1373 1491 1480 1558; x_wconf 91' lang='lat' dir='ltr'><strong>tribuat,</strong></span> <span class='ocrx_word' id='word_1_198' title='bbox 1490 1506 1544 1546; x_wconf 91' lang='lat' dir='ltr'><strong>non</strong></span> <span class='ocrx_word' id='word_1_199' title='bbox 1559 1490 1587 1545; x_wconf 93' lang='lat' dir='ltr'><strong>in</strong></span> <span class='ocrx_word' id='word_1_200' title='bbox 1596 1489 1757 1562; x_wconf 86' lang='lat' dir='ltr'><strong>duplicitate</strong></span> <span class='ocrx_word' id='word_1_201' title='bbox 1770 1505 1844 1560; x_wconf 75' lang='lat' dir='ltr'><strong>prm·</strong></span> 
     </span>
     <span class='ocr_line' id='line_1_16' title="bbox 192 1574 1844 1656; baseline 0.005 -30"><span class='ocrx_word' id='word_1_202' title='bbox 192 1596 203 1626; x_wconf 86' lang='grc' dir='ltr'><strong>ι</strong></span> <span class='ocrx_word' id='word_1_203' title='bbox 220 1575 352 1643; x_wconf 89' lang='lat' dir='ltr'><strong>membra,</strong></span> <span class='ocrx_word' id='word_1_204' title='bbox 367 1574 497 1631; x_wconf 88' lang='lat' dir='ltr'><strong>habentes</strong></span> <span class='ocrx_word' id='word_1_205' title='bbox 512 1576 675 1631; x_wconf 85' lang='lat' dir='ltr'><strong>donationes</strong></span> <span class='ocrx_word' id='word_1_206' title='bbox 698 1579 846 1634; x_wconf 88' lang='lat' dir='ltr'><strong>secundum</strong></span> <span class='ocrx_word' id='word_1_207' title='bbox 872 1579 988 1652; x_wconf 89' lang='lat' dir='ltr'><strong>gratiam</strong></span> <span class='ocrx_word' id='word_1_208' title='bbox 1040 1583 1125 1637; x_wconf 88' lang='lat' dir='ltr'><strong>sentis</strong></span> <span class='ocrx_word' id='word_1_209' title='bbox 1137 1590 1164 1638; x_wconf 90' lang='lat' dir='ltr'><strong>et</strong></span> <span class='ocrx_word' id='word_1_210' title='bbox 1179 1581 1276 1638; x_wconf 74' lang='lat' dir='ltr'><strong>futurae</strong></span> <span class='ocrx_word' id='word_1_211' title='bbox 1290 1581 1395 1656; x_wconf 89' lang='lat' dir='ltr'><strong>gloriae,</strong></span> <span class='ocrx_word' id='word_1_212' title='bbox 1412 1579 1460 1636; x_wconf 89' lang='lat' dir='ltr'><strong>sed</strong></span> <span class='ocrx_word' id='word_1_213' title='bbox 1480 1581 1512 1636; x_wconf 88' lang='lat' dir='ltr'><strong>in</strong></span> <span class='ocrx_word' id='word_1_214' title='bbox 1534 1579 1720 1652; x_wconf 74' lang='lat' dir='ltr'><strong>simplicitate</strong></span> <span class='ocrx_word' id='word_1_215' title='bbox 1742 1576 1844 1634; x_wconf 75' lang='lat' dir='ltr'><strong>suturae</strong></span> 
     </span>
     <span class='ocr_line' id='line_1_17' title="bbox 191 1663 1842 1758; baseline 0.001 -39"><span class='ocrx_word' id='word_1_216' title='bbox 191 1686 202 1712; x_wconf 94' lang='grc' dir='ltr'><strong>ι</strong></span> <span class='ocrx_word' id='word_1_217' title='bbox 221 1679 282 1735; x_wconf 79' lang='lat' dir='ltr'><strong>quae</strong></span> <span class='ocrx_word' id='word_1_218' title='bbox 296 1664 358 1719; x_wconf 89' lang='lat' dir='ltr'><strong>data</strong></span> <span class='ocrx_word' id='word_1_219' title='bbox 374 1672 415 1719; x_wconf 89' lang='lat' dir='ltr'><strong>est</strong></span> <span class='ocrx_word' id='word_1_220' title='bbox 430 1664 519 1732; x_wconf 91' lang='lat' dir='ltr'><strong>nohis,</strong></span> <span class='ocrx_word' id='word_1_221' title='bbox 535 1663 692 1720; x_wconf 85' lang='lat' dir='ltr'><strong>differentes</strong></span> <span class='ocrx_word' id='word_1_222' title='bbox 705 1684 712 1732; x_wconf 91' lang='grc'>;</span> <span class='ocrx_word' id='word_1_223' title='bbox 728 1665 785 1722; x_wconf 86' lang='lat' dir='ltr'><strong>sire</strong></span> <span class='ocrx_word' id='word_1_224' title='bbox 808 1669 986 1739; x_wconf 90' lang='lat' dir='ltr'><strong>prophetiam,</strong></span> <span class='ocrx_word' id='word_1_225' title='bbox 999 1695 1025 1758; x_wconf 80' lang='grc' dir='ltr'>Β</span> <span class='ocrx_word' id='word_1_226' title='bbox 1040 1669 1143 1742; x_wconf 77' lang='lat' dir='ltr'><strong>glorie,</strong></span> <span class='ocrx_word' id='word_1_227' title='bbox 1161 1678 1187 1726; x_wconf 92' lang='grc' dir='ltr'><strong>ει</strong></span> <span class='ocrx_word' id='word_1_228' title='bbox 1203 1671 1240 1726; x_wconf 86' lang='lat' dir='ltr'><strong>ita</strong></span> <span class='ocrx_word' id='word_1_229' title='bbox 1255 1669 1289 1725; x_wconf 89' lang='lat' dir='ltr'><strong>sit</strong></span> <span class='ocrx_word' id='word_1_230' title='bbox 1304 1669 1458 1725; x_wconf 89' lang='lat' dir='ltr'><strong>membrum</strong></span> <span class='ocrx_word' id='word_1_231' title='bbox 1471 1667 1591 1724; x_wconf 89' lang='lat' dir='ltr'><strong>alterius.</strong></span> <span class='ocrx_word' id='word_1_232' title='bbox 1614 1667 1649 1722; x_wconf 88' lang='lat' dir='ltr'><strong>Et</strong></span> <span class='ocrx_word' id='word_1_233' title='bbox 1663 1669 1712 1742; x_wconf 86' lang='lat' dir='ltr'><strong>qut</strong></span> <span class='ocrx_word' id='word_1_234' title='bbox 1725 1671 1842 1740; x_wconf 82' lang='lat' dir='ltr'><strong>proeest,</strong></span> 
     </span>
     <span class='ocr_line' id='line_1_18' title="bbox 190 1752 1844 1831; baseline 0.002 -25"><span class='ocrx_word' id='word_1_235' title='bbox 190 1775 201 1801; x_wconf 91' lang='grc' dir='ltr'><strong>ι</strong></span> <span class='ocrx_word' id='word_1_236' title='bbox 226 1752 376 1809; x_wconf 87' lang='lat' dir='ltr'><strong>seeundum</strong></span> <span class='ocrx_word' id='word_1_237' title='bbox 396 1754 528 1810; x_wconf 89' lang='lat' dir='ltr'><strong>rationem</strong></span> <span class='ocrx_word' id='word_1_238' title='bbox 552 1753 636 1821; x_wconf 85' lang='lat' dir='ltr'><strong>fidei;</strong></span> <span class='ocrx_word' id='word_1_239' title='bbox 661 1753 719 1810; x_wconf 84' lang='lat' dir='ltr'><strong>sivo</strong></span> <span class='ocrx_word' id='word_1_240' title='bbox 744 1755 932 1826; x_wconf 88' lang='lat' dir='ltr'><strong>ministerium,</strong></span> <span class='ocrx_word' id='word_1_241' title='bbox 961 1759 988 1813; x_wconf 93' lang='lat' dir='ltr'><strong>in</strong></span> <span class='ocrx_word' id='word_1_242' title='bbox 1040 1766 1069 1814; x_wconf 92' lang='lat' dir='ltr'><strong>ut</strong></span> <span class='ocrx_word' id='word_1_243' title='bbox 1083 1759 1211 1831; x_wconf 89' lang='lat' dir='ltr'><strong>princeps</strong></span> <span class='ocrx_word' id='word_1_244' title='bbox 1226 1759 1335 1829; x_wconf 80' lang='lat' dir='ltr'><strong>praesit3</strong></span> <span class='ocrx_word' id='word_1_245' title='bbox 1356 1758 1383 1812; x_wconf 95' lang='lat' dir='ltr'><strong>in</strong></span> <span class='ocrx_word' id='word_1_246' title='bbox 1399 1756 1591 1824; x_wconf 91' lang='lat' dir='ltr'><strong>sollicitudine,</strong></span> <span class='ocrx_word' id='word_1_247' title='bbox 1614 1756 1642 1812; x_wconf 93' lang='lat' dir='ltr'><strong>id</strong></span> <span class='ocrx_word' id='word_1_248' title='bbox 1665 1763 1707 1811; x_wconf 93' lang='grc' dir='ltr'><strong>εει</strong></span> <span class='ocrx_word' id='word_1_249' title='bbox 1730 1764 1760 1810; x_wconf 90' lang='grc' dir='ltr'><strong>ιιι</strong></span> <span class='ocrx_word' id='word_1_250' title='bbox 1784 1755 1844 1811; x_wconf 86' lang='grc' dir='ltr'>εει-</span> 
     </span>
     <span class='ocr_line' id='line_1_19' title="bbox 191 1841 1845 1920; baseline 0.004 -26"><span class='ocrx_word' id='word_1_251' title='bbox 191 1863 202 1893; x_wconf 93' lang='grc' dir='ltr'><strong>ι</strong></span> <span class='ocrx_word' id='word_1_252' title='bbox 220 1841 419 1911; x_wconf 87' lang='lat' dir='ltr'><strong>ministrando;</strong></span> <span class='ocrx_word' id='word_1_253' title='bbox 435 1843 493 1899; x_wconf 89' lang='lat' dir='ltr'><strong>sive</strong></span> <span class='ocrx_word' id='word_1_254' title='bbox 508 1845 553 1916; x_wconf 90' lang='lat' dir='ltr'><strong>qui</strong></span> <span class='ocrx_word' id='word_1_255' title='bbox 568 1844 657 1914; x_wconf 90' lang='lat' dir='ltr'><strong>docet,</strong></span> <span class='ocrx_word' id='word_1_256' title='bbox 673 1845 701 1900; x_wconf 93' lang='lat' dir='ltr'><strong>in</strong></span> <span class='ocrx_word' id='word_1_257' title='bbox 714 1845 836 1901; x_wconf 90' lang='lat' dir='ltr'><strong>doctrina</strong></span> <span class='ocrx_word' id='word_1_258' title='bbox 849 1866 856 1914; x_wconf 90' lang='grc'><strong>;</strong></span> <span class='ocrx_word' id='word_1_259' title='bbox 873 1847 918 1919; x_wconf 92' lang='lat' dir='ltr'><strong>qui</strong></span> <span class='ocrx_word' id='word_1_260' title='bbox 943 1864 990 1904; x_wconf 88' lang='lat' dir='ltr'><strong>ex·</strong></span> <span class='ocrx_word' id='word_1_261' title='bbox 1040 1848 1113 1904; x_wconf 88' lang='lat' dir='ltr'><strong>licite</strong></span> <span class='ocrx_word' id='word_1_262' title='bbox 1123 1855 1233 1920; x_wconf 84' lang='lat' dir='ltr'><strong>agat,et</strong></span> <span class='ocrx_word' id='word_1_263' title='bbox 1243 1848 1278 1903; x_wconf 87' lang='lat' dir='ltr'><strong>ita</strong></span> <span class='ocrx_word' id='word_1_264' title='bbox 1287 1845 1599 1903; x_wconf 88' lang='lat' dir='ltr'><strong>sitmembrumalterius</strong></span> <span class='ocrx_word' id='word_1_265' title='bbox 1610 1864 1618 1910; x_wconf 84' lang='lat'>;</span> <span class='ocrx_word' id='word_1_266' title='bbox 1629 1853 1655 1900; x_wconf 90' lang='grc' dir='ltr'><strong>ει</strong></span> <span class='ocrx_word' id='word_1_267' title='bbox 1663 1845 1710 1917; x_wconf 90' lang='lat' dir='ltr'><strong>qui</strong></span> <span class='ocrx_word' id='word_1_268' title='bbox 1720 1845 1845 1900; x_wconf 85' lang='lat' dir='ltr'><strong>misere-</strong></span> 
     </span>
     <span class='ocr_line' id='line_1_20' title="bbox 192 1931 1845 2010; baseline 0.001 -24"><span class='ocrx_word' id='word_1_269' title='bbox 192 1953 203 1979; x_wconf 94' lang='grc' dir='ltr'><strong>ι</strong></span> <span class='ocrx_word' id='word_1_270' title='bbox 221 1931 354 1999; x_wconf 88' lang='lat' dir='ltr'><strong>hortatur,</strong></span> <span class='ocrx_word' id='word_1_271' title='bbox 370 1931 398 1986; x_wconf 92' lang='lat' dir='ltr'><strong>in</strong></span> <span class='ocrx_word' id='word_1_272' title='bbox 412 1933 599 2002; x_wconf 80' lang='lat' dir='ltr'><strong>exhortando3</strong></span> <span class='ocrx_word' id='word_1_273' title='bbox 616 1936 662 2008; x_wconf 93' lang='lat' dir='ltr'><strong>qui</strong></span> <span class='ocrx_word' id='word_1_274' title='bbox 677 1935 779 2002; x_wconf 84' lang='lat' dir='ltr'><strong>tribuit,</strong></span> <span class='ocrx_word' id='word_1_275' title='bbox 804 1935 831 1990; x_wconf 88' lang='lat' dir='ltr'><strong>in</strong></span> <span class='ocrx_word' id='word_1_276' title='bbox 856 1934 988 2007; x_wconf 90' lang='lat' dir='ltr'><strong>simplici·</strong></span> <span class='ocrx_word' id='word_1_277' title='bbox 1042 1941 1099 2004; x_wconf 89' lang='lat' dir='ltr'><strong>tnr,</strong></span> <span class='ocrx_word' id='word_1_278' title='bbox 1117 1937 1145 1992; x_wconf 93' lang='lat' dir='ltr'><strong>id</strong></span> <span class='ocrx_word' id='word_1_279' title='bbox 1160 1944 1201 1993; x_wconf 90' lang='grc' dir='ltr'><strong>εει</strong></span> <span class='ocrx_word' id='word_1_280' title='bbox 1215 1935 1348 2010; x_wconf 86' lang='lat' dir='ltr'><strong>quilrahet</strong></span> <span class='ocrx_word' id='word_1_281' title='bbox 1363 1935 1478 2009; x_wconf 88' lang='lat' dir='ltr'><strong>gratiam</strong></span> <span class='ocrx_word' id='word_1_282' title='bbox 1493 1933 1675 2006; x_wconf 90' lang='lat' dir='ltr'><strong>compatiendi</strong></span> <span class='ocrx_word' id='word_1_283' title='bbox 1690 1949 1845 2006; x_wconf 89' lang='lat' dir='ltr'><strong>oppresso-</strong></span> 
     </span>
     <span class='ocr_line' id='line_1_21' title="bbox 192 2019 1845 2096; baseline 0.002 -23"><span class='ocrx_word' id='word_1_284' title='bbox 192 2041 204 2071; x_wconf 89' lang='grc' dir='ltr'><strong>ι</strong></span> <span class='ocrx_word' id='word_1_285' title='bbox 221 2027 294 2086; x_wconf 82' lang='grc' dir='ltr'>ιειε;</span> <span class='ocrx_word' id='word_1_286' title='bbox 310 2019 356 2092; x_wconf 92' lang='lat' dir='ltr'><strong>qui</strong></span> <span class='ocrx_word' id='word_1_287' title='bbox 369 2028 480 2091; x_wconf 85' lang='lat' dir='ltr'><strong>praeest,</strong></span> <span class='ocrx_word' id='word_1_288' title='bbox 494 2021 522 2076; x_wconf 91' lang='lat' dir='ltr'><strong>in</strong></span> <span class='ocrx_word' id='word_1_289' title='bbox 544 2022 742 2090; x_wconf 87' lang='lat' dir='ltr'><strong>sollicitudine;</strong></span> <span class='ocrx_word' id='word_1_290' title='bbox 764 2023 810 2096; x_wconf 92' lang='lat' dir='ltr'><strong>qui</strong></span> <span class='ocrx_word' id='word_1_291' title='bbox 835 2023 988 2095; x_wconf 88' lang='lat' dir='ltr'><strong>miseretur,</strong></span> <span class='ocrx_word' id='word_1_292' title='bbox 1040 2026 1092 2082; x_wconf 90' lang='lat' dir='ltr'><strong>hoc</strong></span> <span class='ocrx_word' id='word_1_293' title='bbox 1106 2025 1187 2081; x_wconf 86' lang='lat' dir='ltr'><strong>iaciat</strong></span> <span class='ocrx_word' id='word_1_294' title='bbox 1200 2025 1232 2081; x_wconf 92' lang='lat' dir='ltr'><strong>in</strong></span> <span class='ocrx_word' id='word_1_295' title='bbox 1247 2025 1405 2095; x_wconf 84' lang='lat' dir='ltr'><strong>hilaritate,</strong></span> <span class='ocrx_word' id='word_1_296' title='bbox 1421 2024 1449 2079; x_wconf 94' lang='lat' dir='ltr'><strong>id</strong></span> <span class='ocrx_word' id='word_1_297' title='bbox 1463 2023 1573 2079; x_wconf 79' lang='lat' dir='ltr'><strong>estlaeto</strong></span> <span class='ocrx_word' id='word_1_298' title='bbox 1584 2023 1674 2078; x_wconf 88' lang='lat' dir='ltr'><strong>animo</strong></span> <span class='ocrx_word' id='word_1_299' title='bbox 1684 2023 1845 2086; x_wconf 82' lang='lat' dir='ltr'><strong>subveniat,</strong></span> 
     </span>
     <span class='ocr_line' id='line_1_22' title="bbox 192 2108 1845 2184; baseline 0.004 -26"><span class='ocrx_word' id='word_1_300' title='bbox 192 2108 249 2163; x_wconf 80' lang='lat' dir='ltr'><strong>«in</strong></span> <span class='ocrx_word' id='word_1_301' title='bbox 262 2108 414 2175; x_wconf 85' lang='lat' dir='ltr'><strong>hilaritate;</strong></span> <span class='ocrx_word' id='word_1_302' title='bbox 431 2109 550 2179; x_wconf 90' lang='lat' dir='ltr'><strong>dilectio,</strong></span> <span class='ocrx_word' id='word_1_303' title='bbox 576 2112 634 2168; x_wconf 91' lang='lat' dir='ltr'><strong>sine</strong></span> <span class='ocrx_word' id='word_1_304' title='bbox 659 2111 850 2176; x_wconf 83' lang='lat' dir='ltr'><strong>simulatione;</strong></span> <span class='ocrx_word' id='word_1_305' title='bbox 866 2113 990 2169; x_wconf 88' lang='lat' dir='ltr'><strong>odientes</strong></span> <span class='ocrx_word' id='word_1_306' title='bbox 1040 2122 1067 2170; x_wconf 88' lang='lat' dir='ltr'><strong>et</strong></span> <span class='ocrx_word' id='word_1_307' title='bbox 1081 2115 1119 2170; x_wconf 89' lang='lat' dir='ltr'><strong>ita</strong></span> <span class='ocrx_word' id='word_1_308' title='bbox 1133 2114 1168 2169; x_wconf 88' lang='lat' dir='ltr'><strong>sit</strong></span> <span class='ocrx_word' id='word_1_309' title='bbox 1183 2113 1337 2168; x_wconf 90' lang='lat' dir='ltr'><strong>membrum</strong></span> <span class='ocrx_word' id='word_1_310' title='bbox 1352 2111 1472 2180; x_wconf 85' lang='lat' dir='ltr'><strong>alterius,</strong></span> <span class='ocrx_word' id='word_1_311' title='bbox 1496 2111 1624 2184; x_wconf 89' lang='lat' dir='ltr'><strong>quoniam</strong></span> <span class='ocrx_word' id='word_1_312' title='bbox 1640 2111 1668 2166; x_wconf 91' lang='lat' dir='ltr'><strong>in</strong></span> <span class='ocrx_word' id='word_1_313' title='bbox 1687 2111 1783 2166; x_wconf 88' lang='lat' dir='ltr'><strong>multis</strong></span> <span class='ocrx_word' id='word_1_314' title='bbox 1799 2111 1845 2166; x_wconf 85' lang='lat' dir='ltr'><strong>oi-</strong></span> 
     </span>
     <span class='ocr_line' id='line_1_23' title="bbox 192 2197 1847 2274; baseline 0.004 -26"><span class='ocrx_word' id='word_1_315' title='bbox 192 2197 332 2264; x_wconf 82' lang='lat' dir='ltr'><strong>«malum,</strong></span> <span class='ocrx_word' id='word_1_316' title='bbox 348 2197 519 2254; x_wconf 77' lang='lat' dir='ltr'><strong>adhaerentes</strong></span> <span class='ocrx_word' id='word_1_317' title='bbox 533 2199 616 2267; x_wconf 87' lang='lat' dir='ltr'><strong>bono,</strong></span> <span class='ocrx_word' id='word_1_318' title='bbox 641 2201 799 2258; x_wconf 87' lang='lat' dir='ltr'><strong>charitatem</strong></span> <span class='ocrx_word' id='word_1_319' title='bbox 814 2200 990 2257; x_wconf 80' lang='lat' dir='ltr'><strong>fraternitatis</strong></span> <span class='ocrx_word' id='word_1_320' title='bbox 1040 2201 1176 2258; x_wconf 79' lang='lat' dir='ltr'><strong>sendimus</strong></span> <span class='ocrx_word' id='word_1_321' title='bbox 1198 2218 1294 2259; x_wconf 91' lang='lat' dir='ltr'><strong>omnes</strong></span> <span class='ocrx_word' id='word_1_322' title='bbox 1318 2201 1388 2272; x_wconf 80' lang='lat' dir='ltr'><strong>(tac.</strong></span> <span class='ocrx_word' id='word_1_323' title='bbox 1409 2201 1461 2272; x_wconf 87' lang='grc' dir='ltr'>ιιι),</span> <span class='ocrx_word' id='word_1_324' title='bbox 1485 2199 1579 2274; x_wconf 81' lang='lat' dir='ltr'><strong>[Aug.,</strong></span> <span class='ocrx_word' id='word_1_325' title='bbox 1613 2197 1701 2273; x_wconf 69' lang='lat' dir='ltr'><strong>Hier]</strong></span> <span class='ocrx_word' id='word_1_326' title='bbox 1715 2201 1847 2273; x_wconf 82' lang='lat' dir='ltr'><strong>suggerit</strong></span> 
     </span>
     <span class='ocr_line' id='line_1_24' title="bbox 191 2285 1844 2364; baseline 0.002 -24"><span class='ocrx_word' id='word_1_327' title='bbox 191 2285 336 2342; x_wconf 71' lang='lat' dir='ltr'><strong>«invicem</strong></span> <span class='ocrx_word' id='word_1_328' title='bbox 352 2285 506 2358; x_wconf 88' lang='lat' dir='ltr'><strong>diligentes,</strong></span> <span class='ocrx_word' id='word_1_329' title='bbox 524 2287 627 2344; x_wconf 88' lang='lat' dir='ltr'><strong>honore</strong></span> <span class='ocrx_word' id='word_1_330' title='bbox 652 2289 768 2345; x_wconf 89' lang='lat' dir='ltr'><strong>invicem</strong></span> <span class='ocrx_word' id='word_1_331' title='bbox 782 2289 988 2362; x_wconf 73' lang='lat' dir='ltr'><strong>pravenientes,</strong></span> <span class='ocrx_word' id='word_1_332' title='bbox 1040 2292 1188 2364; x_wconf 76' lang='lat' dir='ltr'><strong>Apostolus</strong></span> <span class='ocrx_word' id='word_1_333' title='bbox 1210 2291 1381 2347; x_wconf 89' lang='lat' dir='ltr'><strong>Dominicam</strong></span> <span class='ocrx_word' id='word_1_334' title='bbox 1403 2298 1429 2346; x_wconf 92' lang='lat' dir='ltr'><strong>et</strong></span> <span class='ocrx_word' id='word_1_335' title='bbox 1452 2289 1636 2362; x_wconf 88' lang='lat' dir='ltr'><strong>quotidianam</strong></span> <span class='ocrx_word' id='word_1_336' title='bbox 1664 2288 1844 2344; x_wconf 85' lang='lat' dir='ltr'><strong>medicinam.</strong></span> 
     </span>
     <span class='ocr_line' id='line_1_25' title="bbox 192 2374 1845 2451; baseline 0.002 -23"><span class='ocrx_word' id='word_1_337' title='bbox 192 2396 203 2422; x_wconf 93' lang='grc' dir='ltr'><strong>ι</strong></span> <span class='ocrx_word' id='word_1_338' title='bbox 222 2374 404 2432; x_wconf 88' lang='lat' dir='ltr'><strong>sollicitudine</strong></span> <span class='ocrx_word' id='word_1_339' title='bbox 418 2391 471 2432; x_wconf 90' lang='lat' dir='ltr'><strong>non</strong></span> <span class='ocrx_word' id='word_1_340' title='bbox 487 2375 570 2450; x_wconf 89' lang='lat' dir='ltr'><strong>pigri,</strong></span> <span class='ocrx_word' id='word_1_341' title='bbox 586 2377 682 2449; x_wconf 92' lang='lat' dir='ltr'><strong>spiritu</strong></span> <span class='ocrx_word' id='word_1_342' title='bbox 704 2377 850 2447; x_wconf 79' lang='lat' dir='ltr'><strong>ferventes,</strong></span> <span class='ocrx_word' id='word_1_343' title='bbox 873 2379 990 2435; x_wconf 88' lang='lat' dir='ltr'><strong>Domino</strong></span> <span class='ocrx_word' id='word_1_344' title='bbox 1040 2381 1105 2437; x_wconf 80' lang='lat' dir='ltr'><strong>Haee</strong></span> <span class='ocrx_word' id='word_1_345' title='bbox 1120 2381 1191 2436; x_wconf 92' lang='lat' dir='ltr'><strong>enim</strong></span> <span class='ocrx_word' id='word_1_346' title='bbox 1207 2380 1347 2436; x_wconf 87' lang='lat' dir='ltr'><strong>miseratio</strong></span> <span class='ocrx_word' id='word_1_347' title='bbox 1371 2387 1413 2435; x_wconf 92' lang='lat' dir='ltr'><strong>est</strong></span> <span class='ocrx_word' id='word_1_348' title='bbox 1427 2377 1583 2451; x_wconf 89' lang='lat' dir='ltr'><strong>quotidiana</strong></span> <span class='ocrx_word' id='word_1_349' title='bbox 1597 2375 1732 2434; x_wconf 85' lang='lat' dir='ltr'><strong>medicina</strong></span> <span class='ocrx_word' id='word_1_350' title='bbox 1747 2378 1845 2448; x_wconf 92' lang='lat' dir='ltr'><strong>qnoti-</strong></span> 
     </span>
     <span class='ocr_line' id='line_1_26' title="bbox 190 2463 1843 2538; baseline 0.004 -24"><span class='ocrx_word' id='word_1_351' title='bbox 190 2484 202 2514; x_wconf 81' lang='grc' dir='ltr'><strong>ι</strong></span> <span class='ocrx_word' id='word_1_352' title='bbox 220 2463 381 2532; x_wconf 85' lang='grc' dir='ltr'>εειιιεειεε,</span> <span class='ocrx_word' id='word_1_353' title='bbox 391 2481 440 2536; x_wconf 87' lang='lat' dir='ltr'><strong>spe</strong></span> <span class='ocrx_word' id='word_1_354' title='bbox 448 2466 609 2537; x_wconf 87' lang='lat' dir='ltr'><strong>gaudentes,</strong></span> <span class='ocrx_word' id='word_1_355' title='bbox 626 2466 652 2520; x_wconf 90' lang='lat' dir='ltr'><strong>in</strong></span> <span class='ocrx_word' id='word_1_356' title='bbox 664 2466 835 2523; x_wconf 88' lang='lat' dir='ltr'><strong>tribulatione</strong></span> <span class='ocrx_word' id='word_1_357' title='bbox 846 2467 989 2538; x_wconf 87' lang='lat' dir='ltr'><strong>patientes,</strong></span> <span class='ocrx_word' id='word_1_358' title='bbox 1040 2469 1129 2524; x_wconf 88' lang='lat' dir='ltr'><strong>dianie</strong></span> <span class='ocrx_word' id='word_1_359' title='bbox 1144 2476 1170 2524; x_wconf 90' lang='lat' dir='ltr'><strong>et</strong></span> <span class='ocrx_word' id='word_1_360' title='bbox 1186 2469 1209 2524; x_wconf 91' lang='lat' dir='ltr'><strong>si</strong></span> <span class='ocrx_word' id='word_1_361' title='bbox 1230 2467 1379 2525; x_wconf 83' lang='lat' dir='ltr'><strong>levioribus</strong></span> <span class='ocrx_word' id='word_1_362' title='bbox 1398 2475 1488 2523; x_wconf 67' lang='lat' dir='ltr'><strong>nmen</strong></span> <span class='ocrx_word' id='word_1_363' title='bbox 1509 2466 1666 2522; x_wconf 82' lang='lat' dir='ltr'><strong>vulneribus</strong></span> <span class='ocrx_word' id='word_1_364' title='bbox 1690 2473 1715 2521; x_wconf 93' lang='lat' dir='ltr'><strong>et</strong></span> <span class='ocrx_word' id='word_1_365' title='bbox 1737 2466 1843 2522; x_wconf 90' lang='lat' dir='ltr'><strong>multis.</strong></span> 
     </span>
     <span class='ocr_line' id='line_1_27' title="bbox 190 2551 1845 2626; baseline 0.001 -18"><span class='ocrx_word' id='word_1_366' title='bbox 190 2575 201 2600; x_wconf 92' lang='grc' dir='ltr'><strong>ι</strong></span> <span class='ocrx_word' id='word_1_367' title='bbox 219 2551 335 2608; x_wconf 86' lang='lat' dir='ltr'><strong>orationi</strong></span> <span class='ocrx_word' id='word_1_368' title='bbox 348 2553 492 2620; x_wconf 89' lang='lat' dir='ltr'><strong>instantes,</strong></span> <span class='ocrx_word' id='word_1_369' title='bbox 517 2554 724 2611; x_wconf 89' lang='lat' dir='ltr'><strong>necessitatibus</strong></span> <span class='ocrx_word' id='word_1_370' title='bbox 747 2565 902 2612; x_wconf 89' lang='lat' dir='ltr'><strong>sanctorum</strong></span> <span class='ocrx_word' id='word_1_371' title='bbox 916 2573 992 2612; x_wconf 87' lang='lat' dir='ltr'><strong>com·</strong></span> <span class='ocrx_word' id='word_1_372' title='bbox 1039 2557 1173 2613; x_wconf 81' lang='lat' dir='ltr'><strong>iudicium</strong></span> <span class='ocrx_word' id='word_1_373' title='bbox 1188 2557 1258 2613; x_wconf 88' lang='lat' dir='ltr'><strong>enim</strong></span> <span class='ocrx_word' id='word_1_374' title='bbox 1284 2556 1343 2612; x_wconf 87' lang='lat' dir='ltr'><strong>sine</strong></span> <span class='ocrx_word' id='word_1_375' title='bbox 1359 2554 1543 2612; x_wconf 88' lang='lat' dir='ltr'><strong>misericordia</strong></span> <span class='ocrx_word' id='word_1_376' title='bbox 1558 2553 1603 2609; x_wconf 88' lang='lat' dir='ltr'><strong>tiet</strong></span> <span class='ocrx_word' id='word_1_377' title='bbox 1618 2554 1655 2608; x_wconf 96' lang='lat' dir='ltr'><strong>illi</strong></span> <span class='ocrx_word' id='word_1_378' title='bbox 1671 2554 1789 2626; x_wconf 92' lang='lat' dir='ltr'><strong>quinon</strong></span> <span class='ocrx_word' id='word_1_379' title='bbox 1805 2555 1845 2610; x_wconf 86' lang='lat' dir='ltr'><strong>te-</strong></span> 
     </span>
     <span class='ocr_line' id='line_1_28' title="bbox 189 2641 1844 2714; baseline 0.004 -24"><span class='ocrx_word' id='word_1_380' title='bbox 189 2663 201 2690; x_wconf 77' lang='lat'>«</span> <span class='ocrx_word' id='word_1_381' title='bbox 218 2641 398 2707; x_wconf 81' lang='lat' dir='ltr'><strong>manicantes,</strong></span> <span class='ocrx_word' id='word_1_382' title='bbox 430 2641 641 2714; x_wconf 86' lang='lat' dir='ltr'><strong>hospitalitatem</strong></span> <span class='ocrx_word' id='word_1_383' title='bbox 666 2651 811 2700; x_wconf 88' lang='lat' dir='ltr'><strong>sectantes.</strong></span> <span class='ocrx_word' id='word_1_384' title='bbox 836 2645 990 2702; x_wconf 88' lang='lat' dir='ltr'><strong>Benedicite</strong></span> <span class='ocrx_word' id='word_1_385' title='bbox 1040 2647 1075 2703; x_wconf 94' lang='lat' dir='ltr'><strong>cit</strong></span> <span class='ocrx_word' id='word_1_386' title='bbox 1090 2645 1305 2702; x_wconf 90' lang='lat' dir='ltr'><strong>misericordiam</strong></span> <span class='ocrx_word' id='word_1_387' title='bbox 1321 2646 1390 2714; x_wconf 81' lang='lat' dir='ltr'><strong>(tac.</strong></span> <span class='ocrx_word' id='word_1_388' title='bbox 1416 2647 1457 2714; x_wconf 91' lang='grc' dir='ltr'>ιι).</span> <span class='ocrx_word' id='word_1_389' title='bbox 1474 2643 1552 2699; x_wconf 89' lang='lat' dir='ltr'><strong>Unde</strong></span> <span class='ocrx_word' id='word_1_390' title='bbox 1566 2643 1698 2698; x_wconf 87' lang='lat' dir='ltr'><strong>Dominus</strong></span> <span class='ocrx_word' id='word_1_391' title='bbox 1711 2643 1771 2697; x_wconf 93' lang='lat' dir='ltr'><strong>ait:</strong></span> <span class='ocrx_word' id='word_1_392' title='bbox 1793 2645 1844 2700; x_wconf 84' lang='lat' dir='ltr'><strong>lti-</strong></span> 
     </span>
     <span class='ocr_line' id='line_1_29' title="bbox 190 2729 1845 2802; baseline 0.004 -22"><span class='ocrx_word' id='word_1_393' title='bbox 190 2750 201 2780; x_wconf 91' lang='grc' dir='ltr'><strong>ι</strong></span> <span class='ocrx_word' id='word_1_394' title='bbox 218 2729 446 2802; x_wconf 88' lang='lat' dir='ltr'><strong>persequentibus</strong></span> <span class='ocrx_word' id='word_1_395' title='bbox 462 2746 521 2786; x_wconf 88' lang='lat' dir='ltr'><strong>vos.</strong></span> <span class='ocrx_word' id='word_1_396' title='bbox 537 2731 703 2798; x_wconf 81' lang='lat' dir='ltr'><strong>benedicite,</strong></span> <span class='ocrx_word' id='word_1_397' title='bbox 719 2732 992 2790; x_wconf 88' lang='lat' dir='ltr'><strong>etnolitemaledice·</strong></span> <span class='ocrx_word' id='word_1_398' title='bbox 1040 2736 1149 2794; x_wconf 86' lang='lat' dir='ltr'><strong>mittite</strong></span> <span class='ocrx_word' id='word_1_399' title='bbox 1164 2738 1191 2790; x_wconf 87' lang='lat' dir='ltr'><strong>et</strong></span> <span class='ocrx_word' id='word_1_400' title='bbox 1207 2735 1371 2790; x_wconf 81' lang='lat' dir='ltr'><strong>dimittetur</strong></span> <span class='ocrx_word' id='word_1_401' title='bbox 1384 2731 1469 2788; x_wconf 80' lang='lat' dir='ltr'><strong>vobis.</strong></span> <span class='ocrx_word' id='word_1_402' title='bbox 1496 2733 1564 2788; x_wconf 80' lang='lat' dir='ltr'><strong>nate</strong></span> <span class='ocrx_word' id='word_1_403' title='bbox 1583 2735 1612 2788; x_wconf 82' lang='lat' dir='ltr'><strong>et</strong></span> <span class='ocrx_word' id='word_1_404' title='bbox 1635 2731 1749 2788; x_wconf 82' lang='lat' dir='ltr'><strong>dabitur</strong></span> <span class='ocrx_word' id='word_1_405' title='bbox 1767 2734 1845 2787; x_wconf 82' lang='lat' dir='ltr'><strong>nohis</strong></span> 
     </span>
     <span class='ocr_line' id='line_1_30' title="bbox 191 2818 1845 2894; baseline 0.001 -20"><span class='ocrx_word' id='word_1_406' title='bbox 191 2840 202 2865; x_wconf 89' lang='grc' dir='ltr'><strong>ι</strong></span> <span class='ocrx_word' id='word_1_407' title='bbox 214 2833 254 2874; x_wconf 83' lang='grc' dir='ltr'><strong>ιε.</strong></span> <span class='ocrx_word' id='word_1_408' title='bbox 267 2818 391 2874; x_wconf 88' lang='lat' dir='ltr'><strong>Gaudete</strong></span> <span class='ocrx_word' id='word_1_409' title='bbox 402 2833 464 2875; x_wconf 89' lang='lat' dir='ltr'><strong>cum</strong></span> <span class='ocrx_word' id='word_1_410' title='bbox 475 2819 667 2892; x_wconf 84' lang='lat' dir='ltr'><strong>gaudentibus,</strong></span> <span class='ocrx_word' id='word_1_411' title='bbox 679 2820 742 2876; x_wconf 90' lang='lat' dir='ltr'><strong>llete</strong></span> <span class='ocrx_word' id='word_1_412' title='bbox 756 2837 817 2876; x_wconf 92' lang='lat' dir='ltr'><strong>cum</strong></span> <span class='ocrx_word' id='word_1_413' title='bbox 829 2819 966 2878; x_wconf 87' lang='lat' dir='ltr'><strong>tlentihus.</strong></span> <span class='ocrx_word' id='word_1_414' title='bbox 977 2847 988 2872; x_wconf 83' lang='grc' dir='ltr'><strong>ι</strong></span> <span class='ocrx_word' id='word_1_415' title='bbox 1043 2826 1122 2894; x_wconf 82' lang='lat' dir='ltr'><strong>(Lac.</strong></span> <span class='ocrx_word' id='word_1_416' title='bbox 1139 2823 1190 2894; x_wconf 88' lang='lat' dir='ltr'><strong>vr).</strong></span> <span class='ocrx_word' id='word_1_417' title='bbox 1207 2823 1240 2878; x_wconf 85' lang='lat' dir='ltr'><strong>Et</strong></span> <span class='ocrx_word' id='word_1_418' title='bbox 1253 2824 1305 2878; x_wconf 93' lang='lat' dir='ltr'><strong>hoc</strong></span> <span class='ocrx_word' id='word_1_419' title='bbox 1318 2821 1410 2894; x_wconf 90' lang='lat' dir='ltr'><strong>utique</strong></span> <span class='ocrx_word' id='word_1_420' title='bbox 1422 2821 1524 2891; x_wconf 86' lang='lat' dir='ltr'><strong>justum</strong></span> <span class='ocrx_word' id='word_1_421' title='bbox 1534 2828 1576 2876; x_wconf 91' lang='lat' dir='ltr'><strong>est</strong></span> <span class='ocrx_word' id='word_1_422' title='bbox 1589 2828 1618 2875; x_wconf 92' lang='lat' dir='ltr'><strong>ut</strong></span> <span class='ocrx_word' id='word_1_423' title='bbox 1632 2819 1784 2875; x_wconf 84' lang='lat' dir='ltr'><strong>dimittatur</strong></span> <span class='ocrx_word' id='word_1_424' title='bbox 1797 2821 1845 2875; x_wconf 93' lang='lat' dir='ltr'><strong>di-</strong></span> 
     </span>
    </p>

    <p class='ocr_par' dir='ltr' id='par_1_4' title="bbox 182 2905 1868 5201">
     <span class='ocr_line' id='line_1_31' title="bbox 224 2905 1845 2982; baseline 0.001 -20"><span class='ocrx_word' id='word_1_425' title='bbox 224 2906 304 2963; x_wconf 84' lang='lat' dir='ltr'><strong>Sicnt</strong></span> <span class='ocrx_word' id='word_1_426' title='bbox 318 2906 405 2964; x_wconf 84' lang='lat' dir='ltr'><strong>enim.</strong></span> <span class='ocrx_word' id='word_1_427' title='bbox 427 2905 512 2976; x_wconf 85' lang='lat' dir='ltr'><strong>Quasi</strong></span> <span class='ocrx_word' id='word_1_428' title='bbox 533 2907 603 2963; x_wconf 92' lang='lat' dir='ltr'><strong>dicat</strong></span> <span class='ocrx_word' id='word_1_429' title='bbox 618 2909 700 2965; x_wconf 88' lang='lat' dir='ltr'><strong>:ideo</strong></span> <span class='ocrx_word' id='word_1_430' title='bbox 723 2918 876 2966; x_wconf 88' lang='lat' dir='ltr'><strong>mensurate</strong></span> <span class='ocrx_word' id='word_1_431' title='bbox 901 2910 991 2968; x_wconf 84' lang='lat' dir='ltr'><strong>divisit</strong></span> <span class='ocrx_word' id='word_1_432' title='bbox 1039 2911 1165 2979; x_wconf 91' lang='lat' dir='ltr'><strong>mittenti,</strong></span> <span class='ocrx_word' id='word_1_433' title='bbox 1179 2919 1206 2967; x_wconf 92' lang='lat' dir='ltr'><strong>et</strong></span> <span class='ocrx_word' id='word_1_434' title='bbox 1220 2911 1298 2966; x_wconf 92' lang='lat' dir='ltr'><strong>detur</strong></span> <span class='ocrx_word' id='word_1_435' title='bbox 1311 2910 1396 2967; x_wconf 86' lang='lat' dir='ltr'><strong>danti.</strong></span> <span class='ocrx_word' id='word_1_436' title='bbox 1413 2911 1487 2964; x_wconf 90' lang='lat' dir='ltr'><strong>lnest</strong></span> <span class='ocrx_word' id='word_1_437' title='bbox 1509 2908 1610 2982; x_wconf 92' lang='lat' dir='ltr'><strong>qnippe</strong></span> <span class='ocrx_word' id='word_1_438' title='bbox 1633 2909 1691 2964; x_wconf 86' lang='lat' dir='ltr'><strong>Deo</strong></span> <span class='ocrx_word' id='word_1_439' title='bbox 1709 2917 1736 2964; x_wconf 90' lang='grc' dir='ltr'><strong>ει</strong></span> <span class='ocrx_word' id='word_1_440' title='bbox 1758 2909 1845 2964; x_wconf 85' lang='lat' dir='ltr'><strong>mise-</strong></span> 
     </span>
     <span class='ocr_line' id='line_1_32' title="bbox 188 2995 1846 3070; baseline 0.001 -20"><span class='ocrx_word' id='word_1_441' title='bbox 188 2995 270 3062; x_wconf 90' lang='lat' dir='ltr'><strong>dona,</strong></span> <span class='ocrx_word' id='word_1_442' title='bbox 286 2995 351 3067; x_wconf 85' lang='lat' dir='ltr'><strong>quia</strong></span> <span class='ocrx_word' id='word_1_443' title='bbox 366 2995 537 3052; x_wconf 89' lang='lat' dir='ltr'><strong>multiunum</strong></span> <span class='ocrx_word' id='word_1_444' title='bbox 558 3012 658 3070; x_wconf 87' lang='lat' dir='ltr'><strong>corpus</strong></span> <span class='ocrx_word' id='word_1_445' title='bbox 682 3014 786 3064; x_wconf 86' lang='lat' dir='ltr'><strong>sumus,</strong></span> <span class='ocrx_word' id='word_1_446' title='bbox 802 3007 829 3054; x_wconf 91' lang='lat' dir='ltr'><strong>et</strong></span> <span class='ocrx_word' id='word_1_447' title='bbox 842 2999 904 3056; x_wconf 87' lang='lat' dir='ltr'><strong>ideo</strong></span> <span class='ocrx_word' id='word_1_448' title='bbox 928 3014 990 3054; x_wconf 91' lang='lat' dir='ltr'><strong>om·</strong></span> <span class='ocrx_word' id='word_1_449' title='bbox 1041 2999 1158 3057; x_wconf 88' lang='lat' dir='ltr'><strong>ricordia</strong></span> <span class='ocrx_word' id='word_1_450' title='bbox 1170 2998 1313 3070; x_wconf 87' lang='lat' dir='ltr'><strong>judicanti,</strong></span> <span class='ocrx_word' id='word_1_451' title='bbox 1338 3007 1364 3055; x_wconf 91' lang='lat' dir='ltr'><strong>et</strong></span> <span class='ocrx_word' id='word_1_452' title='bbox 1380 2997 1513 3069; x_wconf 86' lang='lat' dir='ltr'><strong>judicium</strong></span> <span class='ocrx_word' id='word_1_453' title='bbox 1534 2997 1684 3053; x_wconf 87' lang='lat' dir='ltr'><strong>miserenti.</strong></span> <span class='ocrx_word' id='word_1_454' title='bbox 1709 2996 1846 3069; x_wconf 81' lang='lat' dir='ltr'><strong>Quisquis</strong></span> 
     </span>
     <span class='ocr_line' id='line_1_33' title="bbox 187 3083 1845 3162; baseline 0.001 -24"><span class='ocrx_word' id='word_1_455' title='bbox 187 3083 233 3139; x_wconf 91' lang='lat' dir='ltr'><strong>nia</strong></span> <span class='ocrx_word' id='word_1_456' title='bbox 248 3085 404 3141; x_wconf 87' lang='lat' dir='ltr'><strong>necessaria</strong></span> <span class='ocrx_word' id='word_1_457' title='bbox 427 3085 524 3153; x_wconf 90' lang='lat' dir='ltr'><strong>danda,</strong></span> <span class='ocrx_word' id='word_1_458' title='bbox 548 3086 665 3143; x_wconf 88' lang='lat' dir='ltr'><strong>sednon</strong></span> <span class='ocrx_word' id='word_1_459' title='bbox 692 3085 719 3142; x_wconf 91' lang='lat' dir='ltr'><strong>in</strong></span> <span class='ocrx_word' id='word_1_460' title='bbox 743 3103 807 3155; x_wconf 91' lang='lat' dir='ltr'><strong>uno,</strong></span> <span class='ocrx_word' id='word_1_461' title='bbox 824 3095 850 3143; x_wconf 90' lang='lat' dir='ltr'><strong>et</strong></span> <span class='ocrx_word' id='word_1_462' title='bbox 874 3088 925 3145; x_wconf 88' lang='lat' dir='ltr'><strong>hoc</strong></span> <span class='ocrx_word' id='word_1_463' title='bbox 949 3097 990 3144; x_wconf 90' lang='grc' dir='ltr'><strong>εει</strong></span> <span class='ocrx_word' id='word_1_464' title='bbox 1039 3105 1104 3146; x_wconf 89' lang='lat' dir='ltr'><strong>vero</strong></span> <span class='ocrx_word' id='word_1_465' title='bbox 1119 3089 1195 3162; x_wconf 86' lang='lat' dir='ltr'><strong>quasi</strong></span> <span class='ocrx_word' id='word_1_466' title='bbox 1210 3088 1290 3143; x_wconf 90' lang='lat' dir='ltr'><strong>nimis</strong></span> <span class='ocrx_word' id='word_1_467' title='bbox 1302 3089 1392 3156; x_wconf 76' lang='lat' dir='ltr'><strong>iustus</strong></span> <span class='ocrx_word' id='word_1_468' title='bbox 1405 3095 1432 3142; x_wconf 91' lang='grc' dir='ltr'><strong>ει</strong></span> <span class='ocrx_word' id='word_1_469' title='bbox 1455 3102 1567 3144; x_wconf 89' lang='lat' dir='ltr'><strong>securus</strong></span> <span class='ocrx_word' id='word_1_470' title='bbox 1586 3085 1714 3155; x_wconf 86' lang='lat' dir='ltr'><strong>judicium</strong></span> <span class='ocrx_word' id='word_1_471' title='bbox 1737 3101 1845 3157; x_wconf 87' lang='lat' dir='ltr'><strong>exspe-</strong></span> 
     </span>
     <span class='ocr_line' id='line_1_34' title="bbox 190 3173 1846 3249; baseline 0 -21"><span class='ocrx_word' id='word_1_472' title='bbox 190 3173 263 3247; x_wconf 87' lang='lat' dir='ltr'><strong>quod</strong></span> <span class='ocrx_word' id='word_1_473' title='bbox 278 3173 324 3240; x_wconf 87' lang='lat' dir='ltr'><strong>ait,</strong></span> <span class='ocrx_word' id='word_1_474' title='bbox 341 3175 420 3231; x_wconf 81' lang='lat' dir='ltr'><strong>Sicut</strong></span> <span class='ocrx_word' id='word_1_475' title='bbox 436 3175 622 3232; x_wconf 76' lang='lat' dir='ltr'><strong>eniminum</strong></span> <span class='ocrx_word' id='word_1_476' title='bbox 637 3178 990 3249; x_wconf 76' lang='lat' dir='ltr'><strong>corporemattamemcro</strong></span> <span class='ocrx_word' id='word_1_477' title='bbox 1040 3187 1092 3234; x_wconf 86' lang='lat' dir='ltr'><strong>ctat</strong></span> <span class='ocrx_word' id='word_1_478' title='bbox 1109 3177 1167 3232; x_wconf 92' lang='lat' dir='ltr'><strong>sine</strong></span> <span class='ocrx_word' id='word_1_479' title='bbox 1182 3175 1381 3244; x_wconf 89' lang='lat' dir='ltr'><strong>misericordia,</strong></span> <span class='ocrx_word' id='word_1_480' title='bbox 1404 3175 1474 3231; x_wconf 86' lang='lat' dir='ltr'><strong>iram</strong></span> <span class='ocrx_word' id='word_1_481' title='bbox 1497 3182 1638 3246; x_wconf 86' lang='lat' dir='ltr'><strong>provocat.</strong></span> <span class='ocrx_word' id='word_1_482' title='bbox 1658 3173 1846 3248; x_wconf 78' lang='lat' dir='ltr'><strong>[Ambrosius]</strong></span> 
     </span>
     <span class='ocr_line' id='line_1_35' title="bbox 187 3262 1845 3336; baseline -0.001 -16"><span class='ocrx_word' id='word_1_483' title='bbox 187 3262 989 3330; x_wconf 81' lang='lat' dir='ltr'><strong>babemus,omnicontcmmcmbrononhntcntcnmdcm</strong></span> <span class='ocrx_word' id='word_1_484' title='bbox 1039 3265 1228 3324; x_wconf 85' lang='lat' dir='ltr'><strong>Misericordia</strong></span> <span class='ocrx_word' id='word_1_485' title='bbox 1252 3266 1311 3321; x_wconf 84' lang='lat' dir='ltr'><strong>haec</strong></span> <span class='ocrx_word' id='word_1_486' title='bbox 1332 3271 1374 3320; x_wconf 91' lang='lat' dir='ltr'><strong>est</strong></span> <span class='ocrx_word' id='word_1_487' title='bbox 1396 3263 1546 3336; x_wconf 89' lang='lat' dir='ltr'><strong>multiplex,</strong></span> <span class='ocrx_word' id='word_1_488' title='bbox 1572 3263 1674 3319; x_wconf 88' lang='lat' dir='ltr'><strong>scilicet</strong></span> <span class='ocrx_word' id='word_1_489' title='bbox 1692 3263 1760 3318; x_wconf 87' lang='lat' dir='ltr'><strong>dare</strong></span> <span class='ocrx_word' id='word_1_490' title='bbox 1785 3263 1845 3334; x_wconf 92' lang='lat' dir='ltr'><strong>alii,</strong></span> 
     </span>
     <span class='ocr_line' id='line_1_36' title="bbox 187 3350 1846 3427; baseline 0.001 -22"><span class='ocrx_word' id='word_1_491' title='bbox 187 3353 295 3418; x_wconf 86' lang='lat' dir='ltr'><strong>actum,</strong></span> <span class='ocrx_word' id='word_1_492' title='bbox 310 3351 422 3417; x_wconf 89' lang='lat' dir='ltr'><strong>itonos,</strong></span> <span class='ocrx_word' id='word_1_493' title='bbox 433 3353 530 3419; x_wconf 84' lang='lat' dir='ltr'><strong>motti,</strong></span> <span class='ocrx_word' id='word_1_494' title='bbox 541 3366 592 3422; x_wconf 79' lang='grc' dir='ltr'><strong>ρει</strong></span> <span class='ocrx_word' id='word_1_495' title='bbox 607 3351 715 3408; x_wconf 86' lang='lat' dir='ltr'><strong>diversa</strong></span> <span class='ocrx_word' id='word_1_496' title='bbox 729 3353 811 3420; x_wconf 88' lang='lat' dir='ltr'><strong>dona,</strong></span> <span class='ocrx_word' id='word_1_497' title='bbox 828 3371 918 3410; x_wconf 83' lang='lat' dir='ltr'><strong>unam</strong></span> <span class='ocrx_word' id='word_1_498' title='bbox 928 3371 989 3411; x_wconf 87' lang='lat' dir='ltr'><strong>cor·</strong></span> <span class='ocrx_word' id='word_1_499' title='bbox 1039 3354 1163 3427; x_wconf 86' lang='lat' dir='ltr'><strong>peccanti</strong></span> <span class='ocrx_word' id='word_1_500' title='bbox 1178 3353 1333 3425; x_wconf 88' lang='lat' dir='ltr'><strong>ignoscere,</strong></span> <span class='ocrx_word' id='word_1_501' title='bbox 1350 3368 1484 3425; x_wconf 91' lang='lat' dir='ltr'><strong>oppresso</strong></span> <span class='ocrx_word' id='word_1_502' title='bbox 1499 3351 1653 3417; x_wconf 88' lang='lat' dir='ltr'><strong>subvenire,</strong></span> <span class='ocrx_word' id='word_1_503' title='bbox 1669 3359 1725 3408; x_wconf 91' lang='lat' dir='ltr'><strong>etc.</strong></span> <span class='ocrx_word' id='word_1_504' title='bbox 1744 3350 1846 3426; x_wconf 75' lang='lat' dir='ltr'><strong>[Aug]</strong></span> 
     </span>
     <span class='ocr_line' id='line_1_37' title="bbox 184 3438 1845 3518; baseline 0.003 -26"><span class='ocrx_word' id='word_1_505' title='bbox 184 3440 387 3510; x_wconf 84' lang='lat' dir='ltr'><strong>pnssnmmin</strong></span> <span class='ocrx_word' id='word_1_506' title='bbox 404 3439 526 3506; x_wconf 87' lang='lat' dir='ltr'><strong>Christo,</strong></span> <span class='ocrx_word' id='word_1_507' title='bbox 551 3438 667 3496; x_wconf 84' lang='lat' dir='ltr'><strong>invicem</strong></span> <span class='ocrx_word' id='word_1_508' title='bbox 688 3440 895 3498; x_wconf 87' lang='lat' dir='ltr'><strong>subserviendo.</strong></span> <span class='ocrx_word' id='word_1_509' title='bbox 916 3443 989 3499; x_wconf 87' lang='lat' dir='ltr'><strong>Ecce</strong></span> <span class='ocrx_word' id='word_1_510' title='bbox 1039 3445 1073 3500; x_wconf 86' lang='lat' dir='ltr'><strong>Et</strong></span> <span class='ocrx_word' id='word_1_511' title='bbox 1087 3445 1148 3501; x_wconf 93' lang='lat' dir='ltr'><strong>ideo</strong></span> <span class='ocrx_word' id='word_1_512' title='bbox 1163 3459 1218 3518; x_wconf 87' lang='lat' dir='ltr'><strong>non</strong></span> <span class='ocrx_word' id='word_1_513' title='bbox 1244 3441 1380 3513; x_wconf 87' lang='lat' dir='ltr'><strong>supertlue</strong></span> <span class='ocrx_word' id='word_1_514' title='bbox 1402 3442 1455 3498; x_wconf 92' lang='lat' dir='ltr'><strong>hoc</strong></span> <span class='ocrx_word' id='word_1_515' title='bbox 1476 3441 1565 3496; x_wconf 90' lang='lat' dir='ltr'><strong>subdit</strong></span> <span class='ocrx_word' id='word_1_516' title='bbox 1584 3439 1618 3496; x_wconf 90' lang='lat' dir='ltr'><strong>de</strong></span> <span class='ocrx_word' id='word_1_517' title='bbox 1642 3440 1845 3510; x_wconf 87' lang='lat' dir='ltr'><strong>misericordia,</strong></span> 
     </span>
     <span class='ocr_line' id='line_1_38' title="bbox 187 3526 1868 3606; baseline 0.002 -24"><span class='ocrx_word' id='word_1_518' title='bbox 187 3526 313 3598; x_wconf 89' lang='lat' dir='ltr'><strong>corporis</strong></span> <span class='ocrx_word' id='word_1_519' title='bbox 328 3527 453 3598; x_wconf 92' lang='lat' dir='ltr'><strong>exemplo</strong></span> <span class='ocrx_word' id='word_1_520' title='bbox 468 3528 549 3583; x_wconf 92' lang='lat' dir='ltr'><strong>docet</strong></span> <span class='ocrx_word' id='word_1_521' title='bbox 563 3542 618 3583; x_wconf 87' lang='lat' dir='ltr'><strong>non</strong></span> <span class='ocrx_word' id='word_1_522' title='bbox 642 3543 723 3601; x_wconf 86' lang='lat' dir='ltr'><strong>posse</strong></span> <span class='ocrx_word' id='word_1_523' title='bbox 738 3545 788 3584; x_wconf 93' lang='lat' dir='ltr'><strong>nos</strong></span> <span class='ocrx_word' id='word_1_524' title='bbox 803 3529 926 3603; x_wconf 88' lang='lat' dir='ltr'><strong>singulos</strong></span> <span class='ocrx_word' id='word_1_525' title='bbox 941 3533 989 3586; x_wconf 90' lang='lat' dir='ltr'><strong>ha·</strong></span> <span class='ocrx_word' id='word_1_526' title='bbox 1039 3533 1196 3606; x_wconf 90' lang='lat' dir='ltr'><strong>ponendum</strong></span> <span class='ocrx_word' id='word_1_527' title='bbox 1210 3547 1294 3588; x_wconf 86' lang='lat' dir='ltr'><strong>unuin</strong></span> <span class='ocrx_word' id='word_1_528' title='bbox 1308 3527 1503 3587; x_wconf 78' lang='lat' dir='ltr'><strong>misericordiae</strong></span> <span class='ocrx_word' id='word_1_529' title='bbox 1517 3530 1679 3598; x_wconf 87' lang='lat' dir='ltr'><strong>membrum,</strong></span> <span class='ocrx_word' id='word_1_530' title='bbox 1691 3545 1754 3586; x_wconf 89' lang='lat' dir='ltr'><strong>curn</strong></span> <span class='ocrx_word' id='word_1_531' title='bbox 1764 3546 1846 3601; x_wconf 77' lang='lat' dir='ltr'><strong>prae·</strong></span> <span class='ocrx_word' id='word_1_532' title='bbox 1860 3591 1868 3606; x_wconf 53' lang='lat'><strong>,</strong></span> 
     </span>
     <span class='ocr_line' id='line_1_39' title="bbox 186 3613 1843 3687; baseline 0.004 -19"><span class='ocrx_word' id='word_1_533' title='bbox 186 3613 253 3670; x_wconf 89' lang='lat' dir='ltr'><strong>here</strong></span> <span class='ocrx_word' id='word_1_534' title='bbox 267 3615 368 3682; x_wconf 84' lang='lat' dir='ltr'><strong>omnia,</strong></span> <span class='ocrx_word' id='word_1_535' title='bbox 386 3631 418 3672; x_wconf 90' lang='lat' dir='ltr'><strong>ac</strong></span> <span class='ocrx_word' id='word_1_536' title='bbox 433 3615 547 3687; x_wconf 89' lang='lat' dir='ltr'><strong>parhoc</strong></span> <span class='ocrx_word' id='word_1_537' title='bbox 571 3631 667 3672; x_wconf 90' lang='lat' dir='ltr'><strong>curam</strong></span> <span class='ocrx_word' id='word_1_538' title='bbox 689 3617 776 3672; x_wconf 90' lang='lat' dir='ltr'><strong>nostri</strong></span> <span class='ocrx_word' id='word_1_539' title='bbox 797 3617 913 3674; x_wconf 89' lang='lat' dir='ltr'><strong>invicem</strong></span> <span class='ocrx_word' id='word_1_540' title='bbox 938 3636 988 3676; x_wconf 92' lang='lat' dir='ltr'><strong>nos</strong></span> <span class='ocrx_word' id='word_1_541' title='bbox 1039 3623 1151 3678; x_wconf 80' lang='lat' dir='ltr'><strong>missum</strong></span> <span class='ocrx_word' id='word_1_542' title='bbox 1175 3621 1209 3676; x_wconf 91' lang='lat' dir='ltr'><strong>sit</strong></span> <span class='ocrx_word' id='word_1_543' title='bbox 1232 3620 1304 3676; x_wconf 91' lang='lat' dir='ltr'><strong>aliud</strong></span> <span class='ocrx_word' id='word_1_544' title='bbox 1330 3619 1482 3675; x_wconf 90' lang='lat' dir='ltr'><strong>membrum</strong></span> <span class='ocrx_word' id='word_1_545' title='bbox 1503 3617 1697 3674; x_wconf 78' lang='lat' dir='ltr'><strong>misericordiae</strong></span> <span class='ocrx_word' id='word_1_546' title='bbox 1719 3618 1766 3672; x_wconf 91' lang='lat' dir='ltr'><strong>ubi</strong></span> <span class='ocrx_word' id='word_1_547' title='bbox 1794 3619 1843 3685; x_wconf 84' lang='lat' dir='ltr'><strong>sit,</strong></span> 
     </span>
     <span class='ocr_line' id='line_1_40' title="bbox 186 3704 1844 3783; baseline 0.002 -23"><span class='ocrx_word' id='word_1_548' title='bbox 186 3719 268 3778; x_wconf 83' lang='lat' dir='ltr'><strong>agere</strong></span> <span class='ocrx_word' id='word_1_549' title='bbox 292 3704 403 3772; x_wconf 91' lang='lat' dir='ltr'><strong>debere,</strong></span> <span class='ocrx_word' id='word_1_550' title='bbox 427 3705 489 3776; x_wconf 93' lang='lat' dir='ltr'><strong>quia</strong></span> <span class='ocrx_word' id='word_1_551' title='bbox 512 3704 630 3762; x_wconf 91' lang='lat' dir='ltr'><strong>invicem</strong></span> <span class='ocrx_word' id='word_1_552' title='bbox 650 3705 745 3762; x_wconf 87' lang='lat' dir='ltr'><strong>officiis</strong></span> <span class='ocrx_word' id='word_1_553' title='bbox 766 3707 866 3762; x_wconf 88' lang='lat' dir='ltr'><strong>nostris</strong></span> <span class='ocrx_word' id='word_1_554' title='bbox 882 3707 987 3781; x_wconf 89' lang='lat' dir='ltr'><strong>indige-</strong></span> <span class='ocrx_word' id='word_1_555' title='bbox 1038 3711 1085 3783; x_wconf 93' lang='lat' dir='ltr'><strong>qui</strong></span> <span class='ocrx_word' id='word_1_556' title='bbox 1109 3708 1200 3766; x_wconf 93' lang='lat' dir='ltr'><strong>tribuit</strong></span> <span class='ocrx_word' id='word_1_557' title='bbox 1219 3710 1247 3765; x_wconf 91' lang='lat' dir='ltr'><strong>in</strong></span> <span class='ocrx_word' id='word_1_558' title='bbox 1268 3707 1451 3780; x_wconf 87' lang='lat' dir='ltr'><strong>simplicitate,</strong></span> <span class='ocrx_word' id='word_1_559' title='bbox 1471 3707 1524 3764; x_wconf 91' lang='lat' dir='ltr'><strong>hoo</strong></span> <span class='ocrx_word' id='word_1_560' title='bbox 1542 3707 1607 3763; x_wconf 88' lang='lat' dir='ltr'><strong>dicit</strong></span> <span class='ocrx_word' id='word_1_561' title='bbox 1635 3707 1662 3761; x_wconf 91' lang='lat' dir='ltr'><strong>in</strong></span> <span class='ocrx_word' id='word_1_562' title='bbox 1690 3705 1844 3764; x_wconf 82' lang='lat' dir='ltr'><strong>hilaritate.</strong></span> 
     </span>
     <span class='ocr_line' id='line_1_41' title="bbox 185 3793 1845 3871; baseline 0.001 -22"><span class='ocrx_word' id='word_1_563' title='bbox 185 3809 258 3849; x_wconf 89' lang='grc' dir='ltr'>ιιιιιε.</span> <span class='ocrx_word' id='word_1_564' title='bbox 273 3794 384 3866; x_wconf 74' lang='lat' dir='ltr'><strong>Singuli</strong></span> <span class='ocrx_word' id='word_1_565' title='bbox 399 3798 506 3850; x_wconf 86' lang='lat' dir='ltr'><strong>cutem.</strong></span> <span class='ocrx_word' id='word_1_566' title='bbox 519 3793 604 3863; x_wconf 85' lang='lat' dir='ltr'><strong>Quasi</strong></span> <span class='ocrx_word' id='word_1_567' title='bbox 616 3793 689 3851; x_wconf 90' lang='lat' dir='ltr'><strong>dicat</strong></span> <span class='ocrx_word' id='word_1_568' title='bbox 699 3813 706 3850; x_wconf 90' lang='lat'><strong>:</strong></span> <span class='ocrx_word' id='word_1_569' title='bbox 716 3794 819 3851; x_wconf 87' lang='lat' dir='ltr'><strong>Omnes</strong></span> <span class='ocrx_word' id='word_1_570' title='bbox 828 3813 911 3852; x_wconf 89' lang='lat' dir='ltr'><strong>unum</strong></span> <span class='ocrx_word' id='word_1_571' title='bbox 922 3813 987 3854; x_wconf 91' lang='lat' dir='ltr'><strong>cor·</strong></span> <span class='ocrx_word' id='word_1_572' title='bbox 1039 3799 1203 3871; x_wconf 90' lang='lat' dir='ltr'><strong>Simplicitas</strong></span> <span class='ocrx_word' id='word_1_573' title='bbox 1219 3797 1336 3855; x_wconf 86' lang='lat' dir='ltr'><strong>excludit</strong></span> <span class='ocrx_word' id='word_1_574' title='bbox 1357 3795 1534 3869; x_wconf 82' lang='lat' dir='ltr'><strong>hypocrisim.</strong></span> <span class='ocrx_word' id='word_1_575' title='bbox 1558 3795 1687 3851; x_wconf 88' lang='lat' dir='ltr'><strong>llilaritas</strong></span> <span class='ocrx_word' id='word_1_576' title='bbox 1709 3795 1845 3868; x_wconf 86' lang='lat' dir='ltr'><strong>gandium</strong></span> 
     </span>
     <span class='ocr_line' id='line_1_42' title="bbox 184 3883 1844 3958; baseline 0.001 -19"><span class='ocrx_word' id='word_1_577' title='bbox 184 3900 235 3955; x_wconf 88' lang='lat' dir='ltr'><strong>pus</strong></span> <span class='ocrx_word' id='word_1_578' title='bbox 251 3899 344 3940; x_wconf 90' lang='lat' dir='ltr'><strong>sumus</strong></span> <span class='ocrx_word' id='word_1_579' title='bbox 358 3883 385 3938; x_wconf 92' lang='lat' dir='ltr'><strong>in</strong></span> <span class='ocrx_word' id='word_1_580' title='bbox 411 3883 530 3950; x_wconf 91' lang='lat' dir='ltr'><strong>Christo,</strong></span> <span class='ocrx_word' id='word_1_581' title='bbox 556 3883 657 3956; x_wconf 88' lang='lat' dir='ltr'><strong>singuli</strong></span> <span class='ocrx_word' id='word_1_582' title='bbox 681 3892 771 3941; x_wconf 89' lang='lat' dir='ltr'><strong>autem</strong></span> <span class='ocrx_word' id='word_1_583' title='bbox 786 3902 880 3942; x_wconf 87' lang='lat' dir='ltr'><strong>sumus</strong></span> <span class='ocrx_word' id='word_1_584' title='bbox 895 3904 987 3943; x_wconf 78' lang='lat' dir='ltr'><strong>ntem·</strong></span> <span class='ocrx_word' id='word_1_585' title='bbox 1038 3887 1156 3944; x_wconf 89' lang='lat' dir='ltr'><strong>ostendit</strong></span> <span class='ocrx_word' id='word_1_586' title='bbox 1171 3887 1270 3944; x_wconf 90' lang='lat' dir='ltr'><strong>iretum</strong></span> <span class='ocrx_word' id='word_1_587' title='bbox 1286 3903 1334 3958; x_wconf 90' lang='lat' dir='ltr'><strong>spe</strong></span> <span class='ocrx_word' id='word_1_588' title='bbox 1349 3885 1440 3942; x_wconf 87' lang='lat' dir='ltr'><strong>iuturi.</strong></span> <span class='ocrx_word' id='word_1_589' title='bbox 1452 3883 1548 3942; x_wconf 91' lang='lat' dir='ltr'><strong>Omnis</strong></span> <span class='ocrx_word' id='word_1_590' title='bbox 1562 3899 1630 3958; x_wconf 90' lang='lat' dir='ltr'><strong>ergo</strong></span> <span class='ocrx_word' id='word_1_591' title='bbox 1641 3885 1844 3954; x_wconf 85' lang='lat' dir='ltr'><strong>misericordia,</strong></span> 
     </span>
     <span class='ocr_line' id='line_1_43' title="bbox 183 3971 1844 4047; baseline 0.002 -20"><span class='ocrx_word' id='word_1_592' title='bbox 183 3973 243 4037; x_wconf 86' lang='lat' dir='ltr'><strong>hro,</strong></span> <span class='ocrx_word' id='word_1_593' title='bbox 257 3975 335 4029; x_wconf 83' lang='lat' dir='ltr'><strong>alter</strong></span> <span class='ocrx_word' id='word_1_594' title='bbox 350 3972 461 4045; x_wconf 91' lang='lat' dir='ltr'><strong>quidem</strong></span> <span class='ocrx_word' id='word_1_595' title='bbox 476 3980 518 4028; x_wconf 89' lang='grc' dir='ltr'><strong>εει</strong></span> <span class='ocrx_word' id='word_1_596' title='bbox 533 3972 687 4028; x_wconf 89' lang='lat' dir='ltr'><strong>membrum</strong></span> <span class='ocrx_word' id='word_1_597' title='bbox 702 3975 833 4042; x_wconf 83' lang='lat' dir='ltr'><strong>alterins,</strong></span> <span class='ocrx_word' id='word_1_598' title='bbox 850 3982 876 4031; x_wconf 91' lang='lat' dir='ltr'><strong>et</strong></span> <span class='ocrx_word' id='word_1_599' title='bbox 891 3975 927 4030; x_wconf 87' lang='lat' dir='ltr'><strong>ita</strong></span> <span class='ocrx_word' id='word_1_600' title='bbox 942 3992 989 4031; x_wconf 90' lang='lat' dir='ltr'><strong>su·</strong></span> <span class='ocrx_word' id='word_1_601' title='bbox 1038 3985 1064 4033; x_wconf 92' lang='lat' dir='ltr'><strong>et</strong></span> <span class='ocrx_word' id='word_1_602' title='bbox 1079 3976 1248 4047; x_wconf 90' lang='lat' dir='ltr'><strong>simpliciter,</strong></span> <span class='ocrx_word' id='word_1_603' title='bbox 1274 3982 1300 4031; x_wconf 92' lang='lat' dir='ltr'><strong>et</strong></span> <span class='ocrx_word' id='word_1_604' title='bbox 1328 3990 1390 4031; x_wconf 92' lang='lat' dir='ltr'><strong>cum</strong></span> <span class='ocrx_word' id='word_1_605' title='bbox 1405 3974 1507 4046; x_wconf 82' lang='lat' dir='ltr'><strong>gaudio</strong></span> <span class='ocrx_word' id='word_1_606' title='bbox 1530 3973 1611 4029; x_wconf 89' lang='lat' dir='ltr'><strong>dehet</strong></span> <span class='ocrx_word' id='word_1_607' title='bbox 1626 3971 1694 4028; x_wconf 86' lang='lat' dir='ltr'><strong>sieri.</strong></span> <span class='ocrx_word' id='word_1_608' title='bbox 1718 3973 1844 4030; x_wconf 71' lang='lat' dir='ltr'><strong>dilectio</strong></span> 
     </span>
     <span class='ocr_line' id='line_1_44' title="bbox 185 4060 1845 4138; baseline 0.001 -23"><span class='ocrx_word' id='word_1_609' title='bbox 185 4076 245 4116; x_wconf 92' lang='lat' dir='ltr'><strong>mus</strong></span> <span class='ocrx_word' id='word_1_610' title='bbox 259 4061 320 4117; x_wconf 91' lang='lat' dir='ltr'><strong>aliis</strong></span> <span class='ocrx_word' id='word_1_611' title='bbox 344 4060 495 4117; x_wconf 85' lang='lat' dir='ltr'><strong>servientes</strong></span> <span class='ocrx_word' id='word_1_612' title='bbox 516 4069 543 4117; x_wconf 90' lang='lat' dir='ltr'><strong>et</strong></span> <span class='ocrx_word' id='word_1_613' title='bbox 561 4061 622 4118; x_wconf 89' lang='lat' dir='ltr'><strong>aliis</strong></span> <span class='ocrx_word' id='word_1_614' title='bbox 644 4061 807 4134; x_wconf 88' lang='lat' dir='ltr'><strong>indigentes.</strong></span> <span class='ocrx_word' id='word_1_615' title='bbox 833 4063 898 4120; x_wconf 91' lang='lat' dir='ltr'><strong>ldeo</strong></span> <span class='ocrx_word' id='word_1_616' title='bbox 919 4063 988 4120; x_wconf 90' lang='lat' dir='ltr'><strong>dici·</strong></span> <span class='ocrx_word' id='word_1_617' title='bbox 1037 4081 1089 4138; x_wconf 88' lang='lat' dir='ltr'><strong>qna</strong></span> <span class='ocrx_word' id='word_1_618' title='bbox 1106 4065 1215 4122; x_wconf 87' lang='lat' dir='ltr'><strong>diversa</strong></span> <span class='ocrx_word' id='word_1_619' title='bbox 1230 4064 1301 4120; x_wconf 89' lang='lat' dir='ltr'><strong>dona</strong></span> <span class='ocrx_word' id='word_1_620' title='bbox 1315 4063 1452 4129; x_wconf 86' lang='lat' dir='ltr'><strong>uniuntur,</strong></span> <span class='ocrx_word' id='word_1_621' title='bbox 1468 4062 1502 4117; x_wconf 92' lang='lat' dir='ltr'><strong>sit</strong></span> <span class='ocrx_word' id='word_1_622' title='bbox 1516 4063 1578 4119; x_wconf 84' lang='lat' dir='ltr'><strong>sinc</strong></span> <span class='ocrx_word' id='word_1_623' title='bbox 1599 4062 1796 4127; x_wconf 80' lang='lat' dir='ltr'><strong>simulatione,</strong></span> <span class='ocrx_word' id='word_1_624' title='bbox 1817 4070 1845 4118; x_wconf 91' lang='grc' dir='ltr'><strong>ει</strong></span> 
     </span>
     <span class='ocr_line' id='line_1_45' title="bbox 184 4149 1844 4224; baseline 0.001 -20"><span class='ocrx_word' id='word_1_625' title='bbox 184 4156 229 4204; x_wconf 91' lang='lat' dir='ltr'><strong>tur</strong></span> <span class='ocrx_word' id='word_1_626' title='bbox 247 4149 358 4224; x_wconf 87' lang='lat' dir='ltr'><strong>singuli,</strong></span> <span class='ocrx_word' id='word_1_627' title='bbox 384 4149 449 4222; x_wconf 86' lang='lat' dir='ltr'><strong>quia</strong></span> <span class='ocrx_word' id='word_1_628' title='bbox 472 4150 562 4206; x_wconf 80' lang='lat' dir='ltr'><strong>nullm</strong></span> <span class='ocrx_word' id='word_1_629' title='bbox 585 4150 745 4219; x_wconf 88' lang='lat' dir='ltr'><strong>excluditur,</strong></span> <span class='ocrx_word' id='word_1_630' title='bbox 762 4152 848 4221; x_wconf 89' lang='lat' dir='ltr'><strong>major</strong></span> <span class='ocrx_word' id='word_1_631' title='bbox 870 4152 913 4208; x_wconf 84' lang='lat' dir='ltr'><strong>rel</strong></span> <span class='ocrx_word' id='word_1_632' title='bbox 935 4153 987 4208; x_wconf 88' lang='lat' dir='ltr'><strong>mi·</strong></span> <span class='ocrx_word' id='word_1_633' title='bbox 1038 4154 1078 4212; x_wconf 91' lang='lat' dir='ltr'><strong>sic</strong></span> <span class='ocrx_word' id='word_1_634' title='bbox 1100 4155 1152 4210; x_wconf 92' lang='lat' dir='ltr'><strong>erit</strong></span> <span class='ocrx_word' id='word_1_635' title='bbox 1169 4153 1239 4209; x_wconf 87' lang='lat' dir='ltr'><strong>alter</strong></span> <span class='ocrx_word' id='word_1_636' title='bbox 1262 4151 1375 4207; x_wconf 88' lang='lat' dir='ltr'><strong>alterius</strong></span> <span class='ocrx_word' id='word_1_637' title='bbox 1396 4151 1548 4206; x_wconf 91' lang='lat' dir='ltr'><strong>membrum</strong></span> <span class='ocrx_word' id='word_1_638' title='bbox 1562 4168 1569 4217; x_wconf 88' lang='lat'>;</span> <span class='ocrx_word' id='word_1_639' title='bbox 1584 4157 1611 4206; x_wconf 90' lang='lat' dir='ltr'><strong>et</strong></span> <span class='ocrx_word' id='word_1_640' title='bbox 1633 4150 1692 4204; x_wconf 90' lang='grc' dir='ltr'>ειιιε</span> <span class='ocrx_word' id='word_1_641' title='bbox 1709 4149 1844 4206; x_wconf 70' lang='lat' dir='ltr'><strong>menen</strong></span> 
     </span>
     <span class='ocr_line' id='line_1_46' title="bbox 184 4238 1843 4312; baseline 0.001 -20"><span class='ocrx_word' id='word_1_642' title='bbox 184 4253 243 4293; x_wconf 93' lang='lat' dir='ltr'><strong>nor.</strong></span> <span class='ocrx_word' id='word_1_643' title='bbox 258 4238 397 4294; x_wconf 81' lang='lat' dir='ltr'><strong>linientes</strong></span> <span class='ocrx_word' id='word_1_644' title='bbox 411 4242 519 4306; x_wconf 83' lang='lat' dir='ltr'><strong>actem,</strong></span> <span class='ocrx_word' id='word_1_645' title='bbox 531 4240 585 4308; x_wconf 87' lang='lat' dir='ltr'><strong>vel,</strong></span> <span class='ocrx_word' id='word_1_646' title='bbox 601 4241 702 4312; x_wconf 75' lang='lat' dir='ltr'><strong>igitar.</strong></span> <span class='ocrx_word' id='word_1_647' title='bbox 716 4238 800 4310; x_wconf 84' lang='lat' dir='ltr'><strong>Quasi</strong></span> <span class='ocrx_word' id='word_1_648' title='bbox 810 4241 880 4298; x_wconf 90' lang='lat' dir='ltr'><strong>dicat</strong></span> <span class='ocrx_word' id='word_1_649' title='bbox 898 4257 904 4296; x_wconf 91' lang='lat'>:</span> <span class='ocrx_word' id='word_1_650' title='bbox 921 4241 986 4298; x_wconf 90' lang='lat' dir='ltr'><strong>Sin·</strong></span> <span class='ocrx_word' id='word_1_651' title='bbox 1038 4244 1189 4299; x_wconf 78' lang='lat' dir='ltr'><strong>malumst</strong></span> <span class='ocrx_word' id='word_1_652' title='bbox 1205 4241 1382 4297; x_wconf 76' lang='lat' dir='ltr'><strong>adherentes</strong></span> <span class='ocrx_word' id='word_1_653' title='bbox 1405 4242 1475 4296; x_wconf 84' lang='lat' dir='ltr'><strong>bono</strong></span> <span class='ocrx_word' id='word_1_654' title='bbox 1486 4260 1496 4308; x_wconf 90' lang='lat'><strong>,·</strong></span> <span class='ocrx_word' id='word_1_655' title='bbox 1509 4247 1538 4295; x_wconf 89' lang='lat' dir='ltr'><strong>ut</strong></span> <span class='ocrx_word' id='word_1_656' title='bbox 1562 4254 1613 4296; x_wconf 90' lang='lat' dir='ltr'><strong>nec</strong></span> <span class='ocrx_word' id='word_1_657' title='bbox 1637 4238 1746 4294; x_wconf 83' lang='grc' dir='ltr'>(ιιιεειιε</span> <span class='ocrx_word' id='word_1_658' title='bbox 1757 4239 1843 4294; x_wconf 89' lang='lat' dir='ltr'><strong>amici</strong></span> 
     </span>
     <span class='ocr_line' id='line_1_47' title="bbox 184 4325 1842 4400; baseline -0.001 -18"><span class='ocrx_word' id='word_1_659' title='bbox 184 4325 498 4400; x_wconf 86' lang='lat' dir='ltr'><strong>gulisumusmembra,</strong></span> <span class='ocrx_word' id='word_1_660' title='bbox 515 4328 627 4394; x_wconf 89' lang='lat' dir='ltr'><strong>adhoc,</strong></span> <span class='ocrx_word' id='word_1_661' title='bbox 649 4338 739 4386; x_wconf 86' lang='lat' dir='ltr'><strong>autam</strong></span> <span class='ocrx_word' id='word_1_662' title='bbox 764 4347 858 4386; x_wconf 87' lang='lat' dir='ltr'><strong>sumus</strong></span> <span class='ocrx_word' id='word_1_663' title='bbox 880 4331 985 4388; x_wconf 90' lang='lat' dir='ltr'><strong>hahen-</strong></span> <span class='ocrx_word' id='word_1_664' title='bbox 1036 4331 1114 4388; x_wconf 90' lang='lat' dir='ltr'><strong>iaciat</strong></span> <span class='ocrx_word' id='word_1_665' title='bbox 1138 4329 1238 4386; x_wconf 88' lang='lat' dir='ltr'><strong>malum</strong></span> <span class='ocrx_word' id='word_1_666' title='bbox 1276 4345 1380 4396; x_wconf 90' lang='lat' dir='ltr'><strong>amare,</strong></span> <span class='ocrx_word' id='word_1_667' title='bbox 1412 4345 1463 4385; x_wconf 90' lang='lat' dir='ltr'><strong>nec</strong></span> <span class='ocrx_word' id='word_1_668' title='bbox 1490 4328 1593 4384; x_wconf 89' lang='lat' dir='ltr'><strong>malurn</strong></span> <span class='ocrx_word' id='word_1_669' title='bbox 1616 4327 1697 4383; x_wconf 88' lang='lat' dir='ltr'><strong>iaciat</strong></span> <span class='ocrx_word' id='word_1_670' title='bbox 1736 4327 1842 4382; x_wconf 85' lang='lat' dir='ltr'><strong>bonrun</strong></span> 
     </span>
     <span class='ocr_line' id='line_1_48' title="bbox 185 4409 1842 4489; baseline 0.002 -19"><span class='ocrx_word' id='word_1_671' title='bbox 185 4421 227 4472; x_wconf 91' lang='grc' dir='ltr'><strong>ιεε</strong></span> <span class='ocrx_word' id='word_1_672' title='bbox 243 4416 411 4472; x_wconf 85' lang='lat' dir='ltr'><strong>donationes</strong></span> <span class='ocrx_word' id='word_1_673' title='bbox 438 4415 612 4488; x_wconf 73' lang='lat' dir='ltr'><strong>differentes,</strong></span> <span class='ocrx_word' id='word_1_674' title='bbox 638 4417 721 4474; x_wconf 90' lang='lat' dir='ltr'><strong>idest</strong></span> <span class='ocrx_word' id='word_1_675' title='bbox 735 4420 808 4475; x_wconf 89' lang='lat' dir='ltr'><strong>dona</strong></span> <span class='ocrx_word' id='word_1_676' title='bbox 823 4409 1022 4476; x_wconf 52' lang='lat' dir='ltr'><strong>differentiam</strong></span> <span class='ocrx_word' id='word_1_677' title='bbox 1037 4419 1192 4489; x_wconf 89' lang='lat' dir='ltr'><strong>dimittere,</strong></span> <span class='ocrx_word' id='word_1_678' title='bbox 1218 4426 1245 4475; x_wconf 93' lang='grc' dir='ltr'><strong>ει</strong></span> <span class='ocrx_word' id='word_1_679' title='bbox 1266 4419 1325 4474; x_wconf 85' lang='grc' dir='ltr'>ειιιε</span> <span class='ocrx_word' id='word_1_680' title='bbox 1349 4419 1500 4489; x_wconf 73' lang='lat' dir='ltr'><strong>diligentes</strong></span> <span class='ocrx_word' id='word_1_681' title='bbox 1519 4418 1642 4474; x_wconf 67' lang='lat' dir='ltr'><strong>inanem</strong></span> <span class='ocrx_word' id='word_1_682' title='bbox 1665 4416 1842 4474; x_wconf 83' lang='lat' dir='ltr'><strong>charitatem</strong></span> 
     </span>
     <span class='ocr_line' id='line_1_49' title="bbox 187 4503 1841 4582; baseline -0.001 -22"><span class='ocrx_word' id='word_1_683' title='bbox 187 4504 326 4560; x_wconf 88' lang='lat' dir='ltr'><strong>Habentes</strong></span> <span class='ocrx_word' id='word_1_684' title='bbox 338 4503 401 4561; x_wconf 91' lang='lat' dir='ltr'><strong>dico</strong></span> <span class='ocrx_word' id='word_1_685' title='bbox 411 4505 568 4562; x_wconf 77' lang='lat' dir='ltr'><strong>secandam</strong></span> <span class='ocrx_word' id='word_1_686' title='bbox 582 4507 718 4578; x_wconf 81' lang='lat' dir='ltr'><strong>pretinm,</strong></span> <span class='ocrx_word' id='word_1_687' title='bbox 728 4508 865 4581; x_wconf 85' lang='lat' dir='ltr'><strong>qnoedntn</strong></span> <span class='ocrx_word' id='word_1_688' title='bbox 879 4511 922 4565; x_wconf 88' lang='lat' dir='ltr'><strong>est</strong></span> <span class='ocrx_word' id='word_1_689' title='bbox 938 4525 988 4564; x_wconf 90' lang='lat' dir='ltr'><strong>no·</strong></span> <span class='ocrx_word' id='word_1_690' title='bbox 1038 4509 1246 4582; x_wconf 81' lang='lat' dir='ltr'><strong>fraternitatis,</strong></span> <span class='ocrx_word' id='word_1_691' title='bbox 1271 4507 1299 4563; x_wconf 93' lang='lat' dir='ltr'><strong>id</strong></span> <span class='ocrx_word' id='word_1_692' title='bbox 1323 4515 1363 4562; x_wconf 90' lang='lat' dir='ltr'><strong>est</strong></span> <span class='ocrx_word' id='word_1_693' title='bbox 1396 4506 1470 4579; x_wconf 87' lang='lat' dir='ltr'><strong>quod</strong></span> <span class='ocrx_word' id='word_1_694' title='bbox 1483 4506 1580 4562; x_wconf 87' lang='lat' dir='ltr'><strong>iratres</strong></span> <span class='ocrx_word' id='word_1_695' title='bbox 1603 4505 1762 4562; x_wconf 82' lang='lat' dir='ltr'><strong>charitatem</strong></span> <span class='ocrx_word' id='word_1_696' title='bbox 1786 4505 1841 4559; x_wconf 84' lang='lat' dir='ltr'><strong>ha-</strong></span> 
     </span>
     <span class='ocr_line' id='line_1_50' title="bbox 182 4593 1841 4670; baseline -0.002 -20"><span class='ocrx_word' id='word_1_697' title='bbox 182 4593 233 4650; x_wconf 83' lang='lat' dir='ltr'><strong>tis.</strong></span> <span class='ocrx_word' id='word_1_698' title='bbox 250 4593 300 4649; x_wconf 87' lang='lat' dir='ltr'><strong>Vel</strong></span> <span class='ocrx_word' id='word_1_699' title='bbox 315 4593 352 4649; x_wconf 92' lang='lat' dir='ltr'><strong>ita</strong></span> <span class='ocrx_word' id='word_1_700' title='bbox 367 4593 440 4668; x_wconf 90' lang='lat' dir='ltr'><strong>lege,</strong></span> <span class='ocrx_word' id='word_1_701' title='bbox 456 4594 534 4667; x_wconf 90' lang='lat' dir='ltr'><strong>quasi</strong></span> <span class='ocrx_word' id='word_1_702' title='bbox 553 4595 625 4651; x_wconf 93' lang='lat' dir='ltr'><strong>dicat</strong></span> <span class='ocrx_word' id='word_1_703' title='bbox 642 4596 768 4670; x_wconf 87' lang='lat' dir='ltr'><strong>:Singuli</strong></span> <span class='ocrx_word' id='word_1_704' title='bbox 787 4613 881 4652; x_wconf 88' lang='lat' dir='ltr'><strong>sumus</strong></span> <span class='ocrx_word' id='word_1_705' title='bbox 902 4613 988 4652; x_wconf 90' lang='lat' dir='ltr'><strong>mem·</strong></span> <span class='ocrx_word' id='word_1_706' title='bbox 1037 4598 1103 4654; x_wconf 89' lang='lat' dir='ltr'><strong>hent</strong></span> <span class='ocrx_word' id='word_1_707' title='bbox 1117 4599 1189 4653; x_wconf 88' lang='lat' dir='ltr'><strong>inter</strong></span> <span class='ocrx_word' id='word_1_708' title='bbox 1203 4613 1253 4665; x_wconf 77' lang='grc' dir='ltr'><strong>εες</strong></span> <span class='ocrx_word' id='word_1_709' title='bbox 1270 4596 1314 4652; x_wconf 87' lang='lat' dir='ltr'><strong>vel</strong></span> <span class='ocrx_word' id='word_1_710' title='bbox 1324 4595 1383 4650; x_wconf 86' lang='lat' dir='ltr'><strong>sitis</strong></span> <span class='ocrx_word' id='word_1_711' title='bbox 1397 4595 1520 4651; x_wconf 88' lang='lat' dir='ltr'><strong>volentes</strong></span> <span class='ocrx_word' id='word_1_712' title='bbox 1535 4609 1552 4649; x_wconf 85' lang='lat' dir='ltr'><strong>a</strong></span> <span class='ocrx_word' id='word_1_713' title='bbox 1565 4593 1694 4649; x_wconf 85' lang='lat' dir='ltr'><strong>fratribus</strong></span> <span class='ocrx_word' id='word_1_714' title='bbox 1708 4593 1841 4666; x_wconf 76' lang='lat' dir='ltr'><strong>rediligi3</strong></span> 
     </span>
     <span class='ocr_line' id='line_1_51' title="bbox 189 4681 1842 4760; baseline 0.001 -23"><span class='ocrx_word' id='word_1_715' title='bbox 189 4682 249 4738; x_wconf 90' lang='lat' dir='ltr'><strong>bra.</strong></span> <span class='ocrx_word' id='word_1_716' title='bbox 274 4682 370 4755; x_wconf 88' lang='lat' dir='ltr'><strong>igitur,</strong></span> <span class='ocrx_word' id='word_1_717' title='bbox 385 4683 414 4738; x_wconf 91' lang='lat' dir='ltr'><strong>in</strong></span> <span class='ocrx_word' id='word_1_718' title='bbox 434 4681 622 4740; x_wconf 81' lang='lat' dir='ltr'><strong>differentibus</strong></span> <span class='ocrx_word' id='word_1_719' title='bbox 645 4685 725 4740; x_wconf 87' lang='lat' dir='ltr'><strong>donis</strong></span> <span class='ocrx_word' id='word_1_720' title='bbox 749 4686 801 4742; x_wconf 92' lang='lat' dir='ltr'><strong>hoc</strong></span> <span class='ocrx_word' id='word_1_721' title='bbox 823 4693 930 4760; x_wconf 89' lang='lat' dir='ltr'><strong>agatur.</strong></span> <span class='ocrx_word' id='word_1_722' title='bbox 954 4687 987 4742; x_wconf 88' lang='lat' dir='ltr'><strong>Et</strong></span> <span class='ocrx_word' id='word_1_723' title='bbox 1038 4694 1064 4742; x_wconf 88' lang='lat' dir='ltr'><strong>et</strong></span> <span class='ocrx_word' id='word_1_724' title='bbox 1079 4686 1138 4741; x_wconf 89' lang='lat' dir='ltr'><strong>sitis</strong></span> <span class='ocrx_word' id='word_1_725' title='bbox 1152 4685 1489 4757; x_wconf 84' lang='lat' dir='ltr'><strong>inuicemproecenientes</strong></span> <span class='ocrx_word' id='word_1_726' title='bbox 1505 4698 1554 4738; x_wconf 86' lang='lat' dir='ltr'><strong>ros</strong></span> <span class='ocrx_word' id='word_1_727' title='bbox 1578 4683 1692 4744; x_wconf 73' lang='lat' dir='ltr'><strong>horrore,</strong></span> <span class='ocrx_word' id='word_1_728' title='bbox 1706 4681 1735 4736; x_wconf 92' lang='lat' dir='ltr'><strong>id</strong></span> <span class='ocrx_word' id='word_1_729' title='bbox 1754 4691 1798 4737; x_wconf 88' lang='grc' dir='ltr'><strong>εει</strong></span> <span class='ocrx_word' id='word_1_730' title='bbox 1814 4683 1842 4738; x_wconf 91' lang='lat' dir='ltr'><strong>in</strong></span> 
     </span>
     <span class='ocr_line' id='line_1_52' title="bbox 182 4769 1842 4848; baseline 0 -22"><span class='ocrx_word' id='word_1_731' title='bbox 182 4773 236 4828; x_wconf 91' lang='lat' dir='ltr'><strong>hoc</strong></span> <span class='ocrx_word' id='word_1_732' title='bbox 250 4779 292 4827; x_wconf 92' lang='grc' dir='ltr'><strong>εει</strong></span> <span class='ocrx_word' id='word_1_733' title='bbox 307 4772 380 4844; x_wconf 90' lang='lat' dir='ltr'><strong>quod</strong></span> <span class='ocrx_word' id='word_1_734' title='bbox 395 4772 443 4842; x_wconf 94' lang='lat' dir='ltr'><strong>ait,</strong></span> <span class='ocrx_word' id='word_1_735' title='bbox 465 4773 527 4845; x_wconf 88' lang='lat' dir='ltr'><strong>quia</strong></span> <span class='ocrx_word' id='word_1_736' title='bbox 548 4790 642 4829; x_wconf 89' lang='lat' dir='ltr'><strong>sumus</strong></span> <span class='ocrx_word' id='word_1_737' title='bbox 665 4774 799 4830; x_wconf 90' lang='lat' dir='ltr'><strong>membra.</strong></span> <span class='ocrx_word' id='word_1_738' title='bbox 826 4774 911 4848; x_wconf 87' lang='lat' dir='ltr'><strong>igitur</strong></span> <span class='ocrx_word' id='word_1_739' title='bbox 935 4775 987 4830; x_wconf 89' lang='lat' dir='ltr'><strong>ha·</strong></span> <span class='ocrx_word' id='word_1_740' title='bbox 1037 4774 1157 4848; x_wconf 91' lang='lat' dir='ltr'><strong>qualibet</strong></span> <span class='ocrx_word' id='word_1_741' title='bbox 1171 4772 1335 4830; x_wconf 89' lang='lat' dir='ltr'><strong>reverentia.</strong></span> <span class='ocrx_word' id='word_1_742' title='bbox 1351 4769 1534 4845; x_wconf 80' lang='lat' dir='ltr'><strong>[Ambrosius]</strong></span> <span class='ocrx_word' id='word_1_743' title='bbox 1550 4770 1637 4826; x_wconf 82' lang='lat' dir='ltr'><strong>Aliter</strong></span> <span class='ocrx_word' id='word_1_744' title='bbox 1659 4785 1713 4826; x_wconf 93' lang='lat' dir='ltr'><strong>non</strong></span> <span class='ocrx_word' id='word_1_745' title='bbox 1730 4778 1772 4826; x_wconf 87' lang='lat' dir='ltr'><strong>est</strong></span> <span class='ocrx_word' id='word_1_746' title='bbox 1787 4771 1842 4826; x_wconf 87' lang='lat' dir='ltr'><strong>tra-</strong></span> 
     </span>
     <span class='ocr_line' id='line_1_53' title="bbox 185 4859 1840 4936; baseline -0.001 -20"><span class='ocrx_word' id='word_1_747' title='bbox 185 4859 282 4916; x_wconf 88' lang='lat' dir='ltr'><strong>hentes</strong></span> <span class='ocrx_word' id='word_1_748' title='bbox 296 4859 460 4917; x_wconf 90' lang='lat' dir='ltr'><strong>donationes</strong></span> <span class='ocrx_word' id='word_1_749' title='bbox 485 4863 637 4918; x_wconf 88' lang='lat' dir='ltr'><strong>secundum</strong></span> <span class='ocrx_word' id='word_1_750' title='bbox 658 4862 773 4936; x_wconf 87' lang='lat' dir='ltr'><strong>gratiam</strong></span> <span class='ocrx_word' id='word_1_751' title='bbox 788 4879 849 4934; x_wconf 75' lang='lat' dir='ltr'><strong>quie</strong></span> <span class='ocrx_word' id='word_1_752' title='bbox 870 4863 932 4918; x_wconf 89' lang='lat' dir='ltr'><strong>data</strong></span> <span class='ocrx_word' id='word_1_753' title='bbox 946 4870 988 4918; x_wconf 89' lang='grc' dir='ltr'><strong>εει</strong></span> <span class='ocrx_word' id='word_1_754' title='bbox 1037 4873 1130 4920; x_wconf 84' lang='grc' dir='ltr'>ιειεεε</span> <span class='ocrx_word' id='word_1_755' title='bbox 1144 4878 1229 4929; x_wconf 92' lang='lat' dir='ltr'><strong>amor,</strong></span> <span class='ocrx_word' id='word_1_756' title='bbox 1246 4861 1298 4917; x_wconf 91' lang='lat' dir='ltr'><strong>nisi</strong></span> <span class='ocrx_word' id='word_1_757' title='bbox 1321 4861 1422 4916; x_wconf 88' lang='lat' dir='ltr'><strong>mutuis</strong></span> <span class='ocrx_word' id='word_1_758' title='bbox 1443 4876 1473 4916; x_wconf 89' lang='lat' dir='ltr'><strong>se</strong></span> <span class='ocrx_word' id='word_1_759' title='bbox 1494 4859 1663 4931; x_wconf 83' lang='lat' dir='ltr'><strong>praeveniant</strong></span> <span class='ocrx_word' id='word_1_760' title='bbox 1686 4859 1840 4930; x_wconf 88' lang='lat' dir='ltr'><strong>ohsequiis,</strong></span> 
     </span>
     <span class='ocr_line' id='line_1_54' title="bbox 185 4947 1841 5021; baseline 0 -17"><span class='ocrx_word' id='word_1_761' title='bbox 185 4947 275 5017; x_wconf 91' lang='lat' dir='ltr'><strong>nohis,</strong></span> <span class='ocrx_word' id='word_1_762' title='bbox 299 4948 404 5006; x_wconf 87' lang='lat' dir='ltr'><strong>scilicet</strong></span> <span class='ocrx_word' id='word_1_763' title='bbox 426 4950 512 5005; x_wconf 91' lang='lat' dir='ltr'><strong>simus</strong></span> <span class='ocrx_word' id='word_1_764' title='bbox 534 4951 656 5006; x_wconf 88' lang='lat' dir='ltr'><strong>mambra</strong></span> <span class='ocrx_word' id='word_1_765' title='bbox 676 4951 745 5008; x_wconf 92' lang='lat' dir='ltr'><strong>alter</strong></span> <span class='ocrx_word' id='word_1_766' title='bbox 769 4951 893 5008; x_wconf 91' lang='lat' dir='ltr'><strong>alterius.</strong></span> <span class='ocrx_word' id='word_1_767' title='bbox 919 4949 987 5020; x_wconf 78' lang='lat' dir='ltr'><strong>Quae</strong></span> <span class='ocrx_word' id='word_1_768' title='bbox 1037 4962 1063 5009; x_wconf 91' lang='lat' dir='ltr'><strong>et</strong></span> <span class='ocrx_word' id='word_1_769' title='bbox 1078 4953 1137 5010; x_wconf 89' lang='lat' dir='ltr'><strong>sitis</strong></span> <span class='ocrx_word' id='word_1_770' title='bbox 1151 4953 1183 5007; x_wconf 88' lang='lat' dir='ltr'><strong>in</strong></span> <span class='ocrx_word' id='word_1_771' title='bbox 1195 4951 1388 5008; x_wconf 76' lang='lat' dir='ltr'><strong>sollicitudine</strong></span> <span class='ocrx_word' id='word_1_772' title='bbox 1404 4965 1461 5006; x_wconf 88' lang='lat' dir='ltr'><strong>non</strong></span> <span class='ocrx_word' id='word_1_773' title='bbox 1474 4949 1561 5021; x_wconf 72' lang='lat' dir='ltr'><strong>pigri,</strong></span> <span class='ocrx_word' id='word_1_774' title='bbox 1577 4948 1605 5004; x_wconf 95' lang='lat' dir='ltr'><strong>id</strong></span> <span class='ocrx_word' id='word_1_775' title='bbox 1628 4955 1669 5003; x_wconf 90' lang='lat' dir='ltr'><strong>est</strong></span> <span class='ocrx_word' id='word_1_776' title='bbox 1683 4947 1707 5002; x_wconf 89' lang='lat' dir='ltr'><strong>si</strong></span> <span class='ocrx_word' id='word_1_777' title='bbox 1729 4947 1841 5004; x_wconf 85' lang='lat' dir='ltr'><strong>solliciti</strong></span> 
     </span>
     <span class='ocr_line' id='line_1_55' title="bbox 183 5035 1839 5112; baseline -0.002 -18"><span class='ocrx_word' id='word_1_778' title='bbox 183 5047 273 5096; x_wconf 88' lang='lat' dir='ltr'><strong>autem</strong></span> <span class='ocrx_word' id='word_1_779' title='bbox 287 5037 342 5095; x_wconf 84' lang='lat' dir='ltr'><strong>illae</strong></span> <span class='ocrx_word' id='word_1_780' title='bbox 358 5038 411 5094; x_wconf 89' lang='lat' dir='ltr'><strong>sint</strong></span> <span class='ocrx_word' id='word_1_781' title='bbox 426 5039 531 5112; x_wconf 72' lang='lat' dir='ltr'><strong>gratiae,</strong></span> <span class='ocrx_word' id='word_1_782' title='bbox 549 5056 702 5112; x_wconf 91' lang='lat' dir='ltr'><strong>exquarum</strong></span> <span class='ocrx_word' id='word_1_783' title='bbox 718 5040 875 5097; x_wconf 76' lang='lat' dir='ltr'><strong>diversitate</strong></span> <span class='ocrx_word' id='word_1_784' title='bbox 887 5039 985 5096; x_wconf 91' lang='lat' dir='ltr'><strong>dicun·</strong></span> <span class='ocrx_word' id='word_1_785' title='bbox 1037 5041 1102 5098; x_wconf 85' lang='lat' dir='ltr'><strong>eatis</strong></span> <span class='ocrx_word' id='word_1_786' title='bbox 1122 5041 1206 5098; x_wconf 92' lang='lat' dir='ltr'><strong>corde</strong></span> <span class='ocrx_word' id='word_1_787' title='bbox 1229 5056 1284 5096; x_wconf 91' lang='lat' dir='ltr'><strong>non</strong></span> <span class='ocrx_word' id='word_1_788' title='bbox 1308 5038 1367 5094; x_wconf 93' lang='lat' dir='ltr'><strong>sitis</strong></span> <span class='ocrx_word' id='word_1_789' title='bbox 1389 5037 1460 5111; x_wconf 89' lang='lat' dir='ltr'><strong>pigri</strong></span> <span class='ocrx_word' id='word_1_790' title='bbox 1475 5052 1568 5109; x_wconf 90' lang='lat' dir='ltr'><strong>opere.</strong></span> <span class='ocrx_word' id='word_1_791' title='bbox 1585 5035 1745 5092; x_wconf 87' lang='lat' dir='ltr'><strong>llaledictus</strong></span> <span class='ocrx_word' id='word_1_792' title='bbox 1764 5037 1839 5091; x_wconf 88' lang='lat' dir='ltr'><strong>enim</strong></span> 
     </span>
     <span class='ocr_line' id='line_1_56' title="bbox 185 5124 1840 5201; baseline -0.001 -19"><span class='ocrx_word' id='word_1_793' title='bbox 185 5135 229 5184; x_wconf 87' lang='lat' dir='ltr'><strong>tur</strong></span> <span class='ocrx_word' id='word_1_794' title='bbox 244 5128 378 5196; x_wconf 89' lang='lat' dir='ltr'><strong>membra,</strong></span> <span class='ocrx_word' id='word_1_795' title='bbox 395 5136 420 5184; x_wconf 91' lang='lat' dir='ltr'><strong>et</strong></span> <span class='ocrx_word' id='word_1_796' title='bbox 436 5127 553 5201; x_wconf 88' lang='lat' dir='ltr'><strong>qualiter</strong></span> <span class='ocrx_word' id='word_1_797' title='bbox 567 5128 595 5183; x_wconf 91' lang='lat' dir='ltr'><strong>in</strong></span> <span class='ocrx_word' id='word_1_798' title='bbox 610 5129 664 5184; x_wconf 91' lang='lat' dir='ltr'><strong>illis</strong></span> <span class='ocrx_word' id='word_1_799' title='bbox 686 5129 766 5185; x_wconf 89' lang='lat' dir='ltr'><strong>nohis</strong></span> <span class='ocrx_word' id='word_1_800' title='bbox 787 5129 903 5186; x_wconf 89' lang='lat' dir='ltr'><strong>invicem</strong></span> <span class='ocrx_word' id='word_1_801' title='bbox 919 5129 986 5185; x_wconf 91' lang='lat' dir='ltr'><strong>sub·</strong></span> <span class='ocrx_word' id='word_1_802' title='bbox 1036 5139 1088 5199; x_wconf 87' lang='lat' dir='ltr'><strong>est,</strong></span> <span class='ocrx_word' id='word_1_803' title='bbox 1106 5130 1174 5187; x_wconf 90' lang='lat' dir='ltr'><strong>sicut</strong></span> <span class='ocrx_word' id='word_1_804' title='bbox 1188 5128 1321 5185; x_wconf 80' lang='lat' dir='ltr'><strong>ieremias</strong></span> <span class='ocrx_word' id='word_1_805' title='bbox 1333 5127 1379 5194; x_wconf 90' lang='lat' dir='ltr'><strong>ait,</strong></span> <span class='ocrx_word' id='word_1_806' title='bbox 1391 5126 1437 5199; x_wconf 91' lang='lat' dir='ltr'><strong>qui</strong></span> <span class='ocrx_word' id='word_1_807' title='bbox 1446 5142 1515 5197; x_wconf 91' lang='lat' dir='ltr'><strong>opus</strong></span> <span class='ocrx_word' id='word_1_808' title='bbox 1525 5125 1575 5181; x_wconf 86' lang='lat' dir='ltr'><strong>[tei</strong></span> <span class='ocrx_word' id='word_1_809' title='bbox 1583 5124 1675 5181; x_wconf 88' lang='lat' dir='ltr'><strong>iecerit</strong></span> <span class='ocrx_word' id='word_1_810' title='bbox 1689 5124 1840 5198; x_wconf 85' lang='lat' dir='ltr'><strong>negligen-</strong></span> 
     </span>
    </p>
   </div>
   <div class='ocr_carea' id='block_1_3' title="bbox 182 5213 1840 5384">
    <p class='ocr_par' dir='ltr' id='par_1_5' title="bbox 182 5213 1840 5384">
     <span class='ocr_line' id='line_1_57' title="bbox 184 5213 1840 5292; baseline -0.001 -21"><span class='ocrx_word' id='word_1_811' title='bbox 184 5217 446 5273; x_wconf 83' lang='lat' dir='ltr'><strong>serviredeheamus</strong></span> <span class='ocrx_word' id='word_1_812' title='bbox 461 5217 549 5289; x_wconf 88' lang='lat' dir='ltr'><strong>aperit</strong></span> <span class='ocrx_word' id='word_1_813' title='bbox 564 5217 658 5274; x_wconf 88' lang='lat' dir='ltr'><strong>diceas</strong></span> <span class='ocrx_word' id='word_1_814' title='bbox 676 5235 682 5273; x_wconf 95' lang='lat'><strong>:</strong></span> <span class='ocrx_word' id='word_1_815' title='bbox 698 5221 755 5275; x_wconf 85' lang='lat' dir='ltr'><strong>stac</strong></span> <span class='ocrx_word' id='word_1_816' title='bbox 770 5219 904 5274; x_wconf 86' lang='lat' dir='ltr'><strong>hahentes</strong></span> <span class='ocrx_word' id='word_1_817' title='bbox 917 5235 986 5292; x_wconf 87' lang='lat' dir='ltr'><strong>pm-</strong></span> <span class='ocrx_word' id='word_1_818' title='bbox 1036 5227 1078 5277; x_wconf 90' lang='lat' dir='ltr'><strong>ter</strong></span> <span class='ocrx_word' id='word_1_819' title='bbox 1091 5219 1159 5291; x_wconf 80' lang='lat' dir='ltr'><strong>(ter.</strong></span> <span class='ocrx_word' id='word_1_820' title='bbox 1175 5217 1284 5288; x_wconf 80' lang='grc' dir='ltr'>ιιιιιιι),</span> <span class='ocrx_word' id='word_1_821' title='bbox 1300 5213 1418 5291; x_wconf 86' lang='lat' dir='ltr'><strong>[licimo]</strong></span> <span class='ocrx_word' id='word_1_822' title='bbox 1427 5214 1490 5287; x_wconf 90' lang='lat' dir='ltr'><strong>quia</strong></span> <span class='ocrx_word' id='word_1_823' title='bbox 1505 5213 1577 5286; x_wconf 86' lang='lat' dir='ltr'><strong>pigri</strong></span> <span class='ocrx_word' id='word_1_824' title='bbox 1588 5213 1614 5268; x_wconf 91' lang='lat' dir='ltr'><strong>in</strong></span> <span class='ocrx_word' id='word_1_825' title='bbox 1630 5213 1840 5269; x_wconf 80' lang='lat' dir='ltr'><strong>mnversationc</strong></span> 
     </span>
     <span class='ocr_line' id='line_1_58' title="bbox 182 5301 1840 5384; baseline 0 -25"><span class='ocrx_word' id='word_1_826' title='bbox 182 5303 324 5377; x_wconf 73' lang='lat' dir='ltr'><strong>plistiam,</strong></span> <span class='ocrx_word' id='word_1_827' title='bbox 335 5306 363 5361; x_wconf 96' lang='lat' dir='ltr'><strong>id</strong></span> <span class='ocrx_word' id='word_1_828' title='bbox 373 5314 415 5362; x_wconf 91' lang='grc' dir='ltr'><strong>εει</strong></span> <span class='ocrx_word' id='word_1_829' title='bbox 425 5307 620 5366; x_wconf 88' lang='lat' dir='ltr'><strong>revelationem</strong></span> <span class='ocrx_word' id='word_1_830' title='bbox 627 5306 787 5376; x_wconf 82' lang='lat' dir='ltr'><strong>futurorum,</strong></span> <span class='ocrx_word' id='word_1_831' title='bbox 800 5307 844 5365; x_wconf 87' lang='lat' dir='ltr'><strong>vel</strong></span> <span class='ocrx_word' id='word_1_832' title='bbox 858 5323 987 5384; x_wconf 89' lang='lat' dir='ltr'><strong>quorum·</strong></span> <span class='ocrx_word' id='word_1_833' title='bbox 1036 5309 1129 5366; x_wconf 82' lang='lat' dir='ltr'><strong>divina</strong></span> <span class='ocrx_word' id='word_1_834' title='bbox 1143 5307 1202 5364; x_wconf 90' lang='lat' dir='ltr'><strong>sine</strong></span> <span class='ocrx_word' id='word_1_835' title='bbox 1218 5323 1267 5380; x_wconf 90' lang='lat' dir='ltr'><strong>spe</strong></span> <span class='ocrx_word' id='word_1_836' title='bbox 1282 5314 1354 5362; x_wconf 90' lang='lat' dir='ltr'><strong>sunt.</strong></span> <span class='ocrx_word' id='word_1_837' title='bbox 1370 5305 1445 5377; x_wconf 79' lang='grc'>(353)</span> <span class='ocrx_word' id='word_1_838' title='bbox 1462 5305 1495 5360; x_wconf 80' lang='lat' dir='ltr'><strong>lit</strong></span> <span class='ocrx_word' id='word_1_839' title='bbox 1506 5303 1569 5359; x_wconf 93' lang='lat' dir='ltr'><strong>ideo</strong></span> <span class='ocrx_word' id='word_1_840' title='bbox 1584 5301 1738 5374; x_wconf 85' lang='lat' dir='ltr'><strong>utpigritiae</strong></span> <span class='ocrx_word' id='word_1_841' title='bbox 1748 5301 1840 5375; x_wconf 83' lang='lat' dir='ltr'><strong>trigas</strong></span> 
     </span>
    </p>
   </div>
   <div class='ocr_carea' id='block_1_4' title="bbox 218 5481 1634 5557">
    <p class='ocr_par' dir='ltr' id='par_1_6' title="bbox 218 5481 1634 5557">
     <span class='ocr_line' id='line_1_59' title="bbox 218 5481 1634 5557; baseline -0.004 -19"><span class='ocrx_word' id='word_1_842' title='bbox 218 5481 288 5550; x_wconf 75' lang='lat' dir='ltr'><strong>(aaa)</strong></span> <span class='ocrx_word' id='word_1_843' title='bbox 305 5483 464 5554; x_wconf 70' lang='grc' dir='ltr'>Διςιιιιιεεε,</span> <span class='ocrx_word' id='word_1_844' title='bbox 478 5489 513 5541; x_wconf 85' lang='lat' dir='ltr'><strong>lte</strong></span> <span class='ocrx_word' id='word_1_845' title='bbox 526 5487 626 5543; x_wconf 83' lang='lat' dir='ltr'><strong>ctritata</strong></span> <span class='ocrx_word' id='word_1_846' title='bbox 635 5487 693 5540; x_wconf 83' lang='lat' dir='ltr'><strong>hel.</strong></span> <span class='ocrx_word' id='word_1_847' title='bbox 1069 5485 1139 5557; x_wconf 70' lang='lat' dir='ltr'><strong>(hta)</strong></span> <span class='ocrx_word' id='word_1_848' title='bbox 1157 5489 1205 5556; x_wconf 74' lang='lat' dir='ltr'><strong>ld..</strong></span> <span class='ocrx_word' id='word_1_849' title='bbox 1217 5489 1253 5542; x_wconf 90' lang='lat' dir='ltr'><strong>lta</strong></span> <span class='ocrx_word' id='word_1_850' title='bbox 1263 5485 1416 5554; x_wconf 82' lang='lat' dir='ltr'><strong>blasphemia</strong></span> <span class='ocrx_word' id='word_1_851' title='bbox 1427 5483 1533 5552; x_wconf 80' lang='lat' dir='ltr'><strong>sptrton</strong></span> <span class='ocrx_word' id='word_1_852' title='bbox 1543 5484 1634 5543; x_wconf 76' lang='grc' dir='ltr'>εειιειι.</span> 
     </span>
    </p>
   </div>
   <div class='ocr_carea' id='block_1_5' title="bbox 0 0 1958 6056">
    <p class='ocr_par' dir='ltr' id='par_1_7' title="bbox 0 0 1958 6056">
     <span class='ocr_line' id='line_1_60' title="bbox 0 0 1958 6056; baseline 0 0"><span class='ocrx_word' id='word_1_853' title='bbox 0 0 1958 6056; x_wconf 95' lang='lat' dir='ltr'><strong> </strong></span> 
     </span>
    </p>
   </div>
  </div>
 </body>
</html>
