3878 6322
112 174 180 228 1583
786 168 886 224 PETRI
900 163 1079 222 nouatum
1687 169 1758 223 isat
1815 185 1834 222 r

113 312 175 353 cum
190 311 243 368 quo
259 301 300 349 est
314 309 384 348 unus
399 293 519 366 spirituS,
545 308 600 348 non
624 292 782 348 substantiae
803 292 941 354 ideali-A
956 288 991 344 ita
1006 287 1134 356 efficiunt,
1150 287 1311 344 obstrictum
1326 295 1352 344 ει
1374 287 1532 354 obnoxium,
1553 288 1622 346 sicut
1641 277 1682 345 in'
1692 290 1754 347 solo

113 392 174 439 tato.
191 383 312 437 Diversae
328 381 398 437 enim
415 381 571 436 substantiae
596 389 658 438 sunt
681 381 791 453 spiritus
814 380 905 436 homi·
956 392 1040 448 opere
1054 376 1242 432 fornicationis
1259 375 1407 448 corporalis
1432 375 1461 432 fit
1480 393 1542 434 cum
1563 378 1674 434 misceri
1686 379 1753 434 facit

110 566 154 614 tus
167 558 202 613 ud
216 558 452 631 participationem
475 567 579 614 naturae
600 557 720 615 veritatis
740 565 767 613 ει
788 558 905 612 beatitu-
955 569 1016 608 cum
1030 553 1090 624 ipso
1106 553 1308 625 quodammodo
1323 553 1367 610 cui
1382 553 1578 627 agglutinatur,
1596 555 1669 612 unde
1683 555 1754 611 sub·

115 647 186 702 dinis
200 646 284 701 illius.
301 645 491 720 [Augustinus]
505 648 580 702 Unus
588 661 655 718 ergo
670 646 780 718 spiritus
795 655 905 701 estcum
954 641 993 695 dit
1011 659 1017 695 :
1036 641 1089 708 Qui
1102 643 1383 713 ancemsorm'catur,
1394 644 1426 698 in
1436 657 1537 714 ΜΡΝ
1547 648 1751 715 *flammicul-

111 735 211 809 Spiritu
234 735 294 802 Dei,
318 751 379 791 cum
404 735 429 790 ci
455 735 495 790 sic
518 735 639 792 adbaeret
662 742 691 789 ut
710 734 745 790 sit
768 733 906 805 particeps
955 729 1144 803 [Augustinus]
1159 730 1210 786 Hic
1225 730 1298 786 enim
1312 729 1617 803 proprieservitanima
1630 732 1750 804 corpori,

110 824 283 880 beatitudinis
299 841 305 878 :
322 823 394 895 quod
416 822 496 896 plene
516 823 568 878 crit
591 838 651 879 cum
675 822 815 877 satiabitur
829 822 905 877 desi·
954 817 982 872 in
996 824 1109 886 tantum,
1126 826 1155 872 ut
1168 817 1236 872 nibil
1250 818 1324 874 aliud
1338 817 1365 872 in
1380 817 1440 891 ipso
1454 827 1592 876 momento
1615 827 1642 876 ει
1664 836 1752 892 expe-

110 913 216 968 dcrium
231 913 289 982 eJus
304 912 330 966 in
345 911 425 967 bonis
448 911 669 978 immutabilibus,
685 911 788 966 scilicet
803 910 829 964 in
845 910 906 981 ipsa
954 906 1079 973 cimento,
1093 906 1173 975 bujus
1189 914 1243 961 tam
1266 906 1360 980 magni
1384 906 1479 980 flagitii
1503 907 1625 981 cogitare
1648 909 1752 965 bomini

110 1001 240 1056 Trinitate
262 1000 379 1056 Domino
399 1016 459 1064 suo,
479 1001 556 1068 quus
580 1000 673 1072 imago
693 1007 743 1054 est.
759 999 820 1054 Non
837 1014 904 1070 ergo
953 993 1044 1060 liceat,
1060 1002 1106 1049 aut
1119 994 1271 1061 intendere,
1295 994 1359 1066 quia
1373 1001 1491 1054 etenum
1509 996 1644 1066 captivam
1658 997 1752 1053 subdit

52 1119 54 1124 ·
110 1089 219 1160 spiritus
233 1089 351 1146 hominis
366 1088 401 1142 ita
417 1096 457 1143 εει
469 1104 552 1142 unum
568 1088 610 1144 vel
625 1105 695 1143 unus
711 1104 772 1143 cum
788 1087 904 1158 Spiritus
952 1081 1010 1153 ipsa
1025 1083 1179 1162 submersio
1194 1091 1221 1138 ει
1245 1083 1395 1138 absorbitio
1418 1083 1538 1139 libidinis
1553 1085 1617 1156 quia
1630 1085 1752 1140 libidinis

11 1209 13 1214 .
108 1177 178 1245 Del,
210 1177 280 1233 sicul
303 1176 385 1231 Filius
410 1192 472 1232 cum
495 1174 572 1232 Patre
594 1193 677 1230 tilium
701 1184 759 1242 est,
785 1185 811 1232 et
834 1193 904 1232 unus
953 1170 1052 1226 ardore
1067 1187 1121 1242 quo
1131 1171 1316 1240 nullusmajoi·
1326 1171 1616 1244 esl;voltipiasipsius
1625 1174 1751 1244 corporis

106 1266 190 1321 Deus.
211 1264 254 1320 Sic
275 1264 346 1319 enim
370 1263 486 1319 dicimus
509 1265 543 1319 de
568 1265 645 1320 Patre
668 1273 694 1320 et
718 1265 794 1331 lilio,
820 1281 903 1320 unum
952 1258 1073 1317 animum
1089 1275 1197 1315 servum
1212 1267 1294 1328 tenet,
1311 1258 1444 1331 efficitque
1459 1261 1604 1332 captiuum.
1620 1262 1750 1318 Liberum

107 1361 179 1420 sunt,
195 1352 259 1424 quia
274 1353 354 1408 unius
378 1351 537 1407 substantiae
556 1352 609 1410 duo
633 1361 695 1408 sunt
711 1371 718 1419 ;
735 1361 761 1408 et
776 1353 901 1419 dicimus,
953 1346 1025 1402 enim
1041 1355 1083 1402 est
1095 1347 1186 1403 auimo
1200 1347 1228 1402 in
1251 1347 1313 1403 nliis
1336 1349 1489 1420 quibusque
1513 1349 1698 1420 sacularibus,
1724 1359 1752 1408 at

107 1458 178 1496 unus
204 1449 254 1508 est,
286 1441 335 1496 sed
357 1439 483 1496 addimus
507 1440 572 1512 quid
595 1457 675 1508 unus,
709 1441 814 1498 scilicet
833 1457 903 1496 unus
952 1451 1036 1489 unum
1051 1435 1154 1507 aliquid
1170 1452 1266 1491 eorum
1277 1436 1393 1508 operari,
1406 1444 1433 1492 et
1442 1436 1541 1493 eodem
1551 1445 1674 1509 tempore
1683 1439 1751 1494 alibi

107 1531 190 1586 Deus.
209 1528 361 1601 Diligenter
384 1528 502 1598 attende,
531 1529 604 1600 quod
627 1530 735 1601 quaudo
759 1529 793 1586 de
821 1530 903 1584 rebus
952 1523 1131 1595 cogitationes
1145 1540 1239 1580 corum
1255 1525 1751 1596 distenderezquodinfornicationis

107 1618 214 1674 duabus
237 1616 280 1673 uel
303 1617 425 1688 pluribus
449 1617 556 1686 dicitur,
584 1634 654 1672 unus
669 1626 730 1684 esi;
747 1626 773 1674 ει
794 1619 937 1707 additurB
952 1627 1035 1682 opere
1049 1628 1081 1668 ac
1097 1620 1220 1684 tempore
1234 1613 1368 1669 nonlicet
1388 1613 1487 1670 animo.
1516 1613 1562 1670 Sic
1580 1615 1654 1670 enim
1677 1623 1751 1671 totus

107 1706 172 1778 quid
186 1722 257 1761 unus
271 1705 314 1760 rel
329 1705 395 1777 quid
409 1720 472 1772 una,
495 1714 521 1761 et
535 1705 569 1760 de
592 1705 635 1760 his
659 1723 719 1778 quar
734 1707 858 1772 dirersae,
876 1714 902 1763 et
952 1699 1033 1755 homo
1047 1701 1208 1757 absorbetur
1226 1717 1243 1756 a
1263 1717 1356 1768 carne,
1382 1709 1411 1756 ut
1430 1702 1487 1771 jam
1508 1701 1562 1758 dici
1576 1719 1631 1758 non
1650 1703 1748 1775 possit,

104 1794 139 1850 de
153 1794 273 1866 hisquae
286 1801 349 1849 sunt
363 1794 442 1849 unius
466 1794 623 1851 substantiae
649 1795 703 1850 dici
722 1803 820 1868 potest.
845 1795 900 1866 [ai]
952 1788 1010 1859 ipse
1034 1789 1139 1844 animus
1165 1805 1230 1844 suus
1253 1797 1304 1858 est,
1331 1789 1379 1845 scd
1403 1789 1484 1844 simul
1508 1797 1580 1846 totus
1594 1791 1676 1848 bomo
1691 1791 1747 1848 dici

105 1883 228 1939 Diversa
243 1882 315 1938 enim
330 1881 489 1938 substantia*¹
513 1890 574 1937 sunt
599 1882 708 1953 spiritus
732 1883 859 1950 bominis,
875 1892 901 1938 ει
950 1876 1036 1946 possit
1049 1892 1124 1932 caro·
1140 1877 1174 1933 Ut
1184 1877 1333 1934 secundum
1348 1878 1400 1933 hoa
1414 1884 1486 1933 recte
1500 1877 1554 1934 dici
1571 1878 1678 1950 possint
1691 1879 1749 1936 duo

107 1971 223 2044 Spiritus
238 1971 287 2026 bei
304 1990 311 2037 ;
328 1978 355 2026 et
369 1979 432 2026 tuno
447 1970 557 2037 dicitur,
575 1971 620 2042 qui
636 1971 758 2028 adiaeret
772 1971 899 2040 Domino,
951 1980 1013 2020 esse
1027 1964 1054 2019 in
1069 1980 1152 2022 carne
1167 1982 1229 2034 una,
1245 1967 1303 2022 haec
1325 1965 1436 2038 quidem
1460 1964 1531 2021 dicta
1546 1974 1608 2022 sunt
1622 1968 1657 2023 de
1680 1983 1749 2039 spe-

107 2070 177 2110 unus
192 2053 303 2126 spiritus
314 2062 364 2110 est.
381 2055 433 2109 Ubi
457 2063 547 2110 autem
571 2055 669 2112 dicitur
683 2057 718 2111 de
732 2055 840 2111 duobus
855 2065 901 2111 aut
950 2053 1011 2107 ciali
1026 2052 1204 2110 fornicatione
1219 2054 1299 2123 hujus
1321 2053 1455 2125 corporis.
1484 2054 1586 2110 Verum
1612 2055 1748 2127 quianon

106 2141 230 2214 pluribus
245 2141 369 2198 minister
382 2157 434 2198 nec
458 2143 566 2198 additur
589 2143 654 2215 quid
677 2161 769 2210 unum,
786 2160 841 2199 non
856 2144 900 2200 di·
950 2141 1031 2196 modo
1046 2140 1189 2198 fornicatio
1203 2141 1231 2196 in
1249 2141 1335 2198 sacris
1351 2141 1446 2198 litteris
1462 2143 1618 2215 specialiter
1631 2144 1680 2200 sed
1696 2161 1748 2218 ge-

104 2247 190 2286 rersae
203 2229 398 2304 intelliguntur,
428 2231 568 2288 sedonius
582 2247 644 2288 esse
659 2232 827 2301 substantiae,
844 2233 900 2290 sic·
951 2229 1077 2286 neraliter
1091 2230 1171 2285 etiam
1185 2229 1327 2302 accipitur,
1353 2246 1491 2301 conemur,
1514 2232 1572 2287 Deo
1586 2232 1745 2301 adjuvante,

104 2327 133 2374 ut
146 2319 248 2375 dictum
263 2327 304 2375 εει
318 2335 323 2373 :
342 2319 395 2387 Qui
403 2321 521 2393 plantat
533 2323 616 2394 etqui
633 2322 710 2393 riqat
723 2337 814 2377 unum
829 2325 900 2378 aunt
950 2325 977 2372 ει
990 2319 1042 2373 hoc
1056 2318 1133 2374 aliter
1147 2318 1249 2374 dicere.
1266 2319 1406 2374 Generalis
1434 2319 1507 2374 anim
1527 2318 1669 2377 fornicatio
1690 2322 1747 2376 hu-

105 2409 897 2482 litanialem:eqoeupaterunumsnmnstitor.m).
949 2421 1038 2461 manae
1052 2406 1150 2462 animae
1171 2414 1212 2462 εει
1235 2422 1295 2462 cum
1318 2406 1415 2478 aliquis
1439 2422 1494 2463 non
1519 2407 1663 2464 adhaerens
1685 2409 1747 2466 Deo

106 2496 134 2551 Si
140 2511 209 2568 ergo
219 2497 253 2551 de
263 2496 305 2552 his
316 2513 376 2568 quae
384 2497 500 2553 diversa
510 2497 668 2553 substantiae
680 2506 741 2553 sunt
752 2505 826 2554 recte
836 2498 900 2554 dici·
949 2493 1069 2550 atlhaeret
1083 2495 1193 2561 mundo,
1210 2494 1282 2550 unde
1295 2495 1394 2552 dicitur
1410 2512 1416 2548 :
1432 2496 1546 2552 Amicus
1560 2497 1672 2566 mundi,
1684 2498 1746 2552 ini-

106 2592 150 2639 tur
163 2584 236 2656 quod
250 2583 301 2638 sint
318 2600 389 2639 unus
404 2584 523 2655 spiritus,
536 2585 732 2657 quantomagis
747 2602 807 2658 quae
821 2585 899 2641 unios
949 2583 1041 2638 micut
1056 2587 1099 2639 eat
1109 2583 1158 2638 Dei
1168 2583 1238 2654 (Joc.
1260 2584 1310 2654 iv).
1326 2583 1360 2638 Et
1375 2582 1439 2638 item
1457 2598 1463 2636 :
1478 2585 1508 2640 si
1526 2585 1588 2656 quic
1606 2585 1745 2642 dilexerit

108 2671 265 2727 substantiae
280 2679 341 2726 sunt
357 2679 430 2728 recte
445 2672 572 2728 dicuntur
586 2690 656 2728 unus
671 2674 744 2729 Deus
754 2690 826 2729 esse.
948 2671 1097 2737 anundum,
1114 2671 1227 2728 ditectio
1241 2672 1336 2727 Patria
1350 2686 1409 2727 non
1423 2676 1465 2728 eat
1478 2673 1510 2728 in
1524 2673 1576 2728 ttto
1590 2674 1682 2744 (ioan.
1701 2673 1745 2746 ii).

140 2760 227 2814 Vana.
240 2761 473 2831 ibib-Fugite
483 2761 715 2831 fornicationem.
724 2763 811 2818 Omne
821 2763 899 2818 enim
948 2755 1001 2826 Qui
1015 2774 1082 2832 ergo
1096 2759 1204 2814 haerens
1218 2759 1320 2815 mundo
1334 2760 1417 2833 longe
1432 2768 1473 2814 ost
1488 2775 1504 2816 a
1518 2761 1586 2827 Deo,
1603 2761 1630 2815 in
1644 2777 1747 2833 corpus

104 2851 250 2920 peccatum
265 2847 446 2920 quodcunque
465 2849 567 2920 feccrit
581 2848 672 2915 bomo,
690 2854 775 2906 extro
797 2866 898 2922 corpus
949 2863 1027 2902 suum
1042 2855 1147 2919 peccat,
1164 2848 1227 2920 quia
1242 2847 1374 2920 corporali
1388 2847 1608 2920 concupiscentia
1622 2849 1649 2904 in
1664 2867 1745 2922 quae-

104 2940 167 3003 ect,·
182 2937 229 3008 qui
244 2941 341 2991 nutent
354 2936 568 3007 fermentante
583 2953 682 3010 corpur
697 2955 780 2995 tunm
788 2942 895 3010 peccat.
949 2951 1002 3007 que
1016 2935 1176 3007 temporalia
1191 2937 1299 2992 ammes
1320 2936 1487 3004 distrahitur,
1512 2937 1635 2994 serviens
1652 2939 1746 3010 potins

105 3025 148 3079 An
163 3023 281 3080 nescitis
296 3025 428 3095 quoniam
438 3021 565 3079 mentire
579 3029 673 3081 uestra
685 3027 897 3098 templumaunt
913 2999 1077 3080 Οεεεειιιιεε
1092 3041 1171 3096 quam
1187 3025 1320 3081 Creatori.
1346 3026 1401 3082 bed
1424 3025 1471 3098 qui
1498 3027 1582 3082 haeret
1603 3028 1661 3082 Deo
1686 3043 1745 3084 non

107 3113 231 3184 Spiritus
241 3112 345 3177 cuncti,
355 3113 403 3184 qui
413 3112 525 3168 iuvabis
534 3116 586 3179 εει,
597 3129 678 3184 quem
689 3114 796 3170 bebetis
806 3116 895 3182 abeo,
947 3113 1058 3180 mundo,
1075 3113 1255 3184 quodcunque
1270 3113 1343 3168 aliud
1357 3122 1499 3184 peccatum
1513 3129 1529 3169 a
1542 3114 1744 3188 concupiscen-

104 3205 132 3256 et
143 3214 201 3255 nou
217 3201 284 3256 eatis
298 3199 402 3256 uestri?
416 3202 512 3272 Empti
521 3203 675 3257 enimeatt's
684 3203 775 3273 pretio
783 3218 895 3274 meque.
947 3200 982 3256 tia
996 3201 1097 3258 carnali
1115 3201 1235 3258 alienum
1243 3201 1389 3273 fragilitate
1411 3203 1531 3258 bumana
1552 3203 1673 3272 incurrit,
1698 3205 1746 3261 vel

106 3288 265 3356 Glorificatc
276 3292 305 3343 et
319 3292 430 3359 portate
445 3290 534 3344 Deum
548 3289 579 3344 in
589 3294 812 3362 corporcueatro.
946 3289 1109 3362 ignorando,
1123 3289 1167 3346 vel
1190 3290 1366 3363 negligenda
1385 3290 1426 3346 rel
1453 3290 1639 3348 obliviscendo
1666 3301 1744 3348 extra

143 3378 251 3447 Fugite.
267 3374 398 3448 [llaimo]
413 3373 594 3444 Quasidicat:
611 3375 664 3446 Qui
672 3377 794 3434 adhaeret
807 3393 898 3434 mere·
947 3388 1047 3444 corpus
1061 3380 1167 3444 peceat,
1183 3382 1213 3428 ut
1226 3374 1279 3430 boc
1292 3374 1327 3430 sit
1354 3374 1427 3446 quod
1456 3373 1559 3431 dictum
1584 3383 1635 3442 est,
1660 3392 1744 3433 omna

104 3462 356 3533 triciunumcorpus
368 3461 555 3532 efficitur,ideo
565 3464 656 3535 sugite
666 3467 895 3535 fornicationem.
946 3469 1086 3530 peccatum
1100 3462 1283 3534 quodcunque
1306 3460 1402 3518 lecerit
1429 3462 1511 3519 bomo
1538 3471 1613 3518 extra
1641 3480 1743 3535 corpus

104 3551 172 3606 Cum
187 3550 246 3605 aliis
259 3565 357 3624 nempe
372 3550 444 3608 vitiis
463 3558 552 3622 potest
572 3553 725 3623 exspectari
745 3552 895 3622 conflictus,
947 3557 997 3616 est,
1014 3549 1142 3620 quianon
1156 3549 1292 3622 corporali
1312 3550 1356 3606 vel
1379 3551 1521 3621 temporali
1539 3553 1741 3623 concupiscen-

104 3639 152 3696 scd
166 3640 238 3695 hanc
265 3639 360 3712 fugite,
384 3655 419 3694 ne
442 3639 645 3711 approximetis,
671 3640 733 3712 quia
749 3657 804 3696 non
818 3641 897 3697 aliter
945 3637 981 3690 tia
994 3646 1098 3708 peccat,
1113 3637 1162 3693 scd
1180 3637 1298 3694 humana
1313 3638 1461 3694 tentatione
1483 3655 1542 3711 quae
1556 3640 1636 3696 facile
1657 3641 1741 3712 igno-

104 3727 201 3784 malius
215 3735 304 3799 potest
318 3727 399 3784 vinci.
414 3726 603 3802 [Augustinus]
619 3727 756 3802 Etfugere
772 3729 894 3786 debetis:
946 3725 1037 3781 scitur.
1067 3727 1134 3782 Cum
1157 3733 1248 3783 autem
1277 3726 1397 3782 adhaeret
1419 3727 1530 3794 mundo,
1552 3729 1742 3800 temporaliter

106 3816 279 3872 Ontncenim
288 3821 436 3888 peccatum
447 3817 629 3890 qaodcunque
639 3818 896 3887 feceritltorno,ox-
946 3813 1072 3885 diligitei
1087 3815 1262 3886 concupiscit,
1284 3815 1382 3870 merito
1399 3815 1427 3870 in
1446 3831 1546 3887 corpus
1569 3833 1648 3872 suum
1669 3833 1741 3889 pec-

103 3912 182 3975 cepia
197 3903 382 3973 fornicatione,
400 3910 591 3977 ectrocorput
606 3909 658 3972 cat,
673 3905 700 3959 id
715 3905 896 3962 estsinccor·
945 3917 1008 3958 carc
1022 3901 1128 3972 dicitur,
1145 3902 1208 3975 quia
1229 3903 1363 3960 uniuersae
1390 3903 1618 3975 concupiscentia
1638 3905 1742 3962 cunali

103 3993 177 4064 poris
190 3992 429 4050 contaminatione.
446 3993 549 4048 Caetera
564 3993 635 4048 enim
651 4002 764 4065 peccata
777 3994 895 4051 animam
944 3989 1051 4045 deditus
1074 3998 1100 4046 et
1121 3990 1243 4047 subditus
1275 3998 1317 4048 est
1353 3999 1482 4064 tanquam
1506 4001 1577 4048 totus
1607 4001 1741 4050 creaturae

103 4089 206 4136 tantum
221 4081 367 4137 maculant.
384 4081 437 4148 Qui
452 4085 549 4137 autent
566 4084 735 4153 fornicatur,
752 4083 782 4137 iu
796 4098 896 4156 corpus
944 4093 1039 4134 servus
1052 4079 1086 4133 ab
1101 4079 1161 4152 ipso
1174 4080 1303 4136 ornatore
1326 4079 1441 4136 alienus.
1458 4081 1503 4137 Sic
1518 4097 1594 4154 ergO,
1610 4089 1741 4154 quantum

101 4186 185 4226 suum
198 4173 306 4241 pcccnt,
323 4169 385 4240 quia
399 4169 541 4225 fornicatio
555 4169 896 4238 nonmodoanimam,sed
944 4166 1010 4220 mihi
1035 4167 1150 4236 ridetur,
1183 4168 1258 4224 salva
1280 4166 1334 4224 fide
1351 4167 1466 4240 intelligi
1488 4177 1577 4240 potest
1599 4171 1740 4242 utriusque

103 4259 185 4313 etiam
197 4273 297 4330 corpus
311 4257 487 4314 contaminat.
502 4259 563 4312 Non
590 4258 663 4314 enim
685 4259 744 4315 sine
757 4259 895 4317 desiderio
944 4253 1133 4312 fornicationis
1147 4256 1260 4326 malum,
1286 4255 1389 4314 scilicet
1413 4257 1539 4330 specialis
1554 4265 1579 4314 ει
1593 4258 1740 4314 universa-

102 4345 191 4402 carnis
206 4361 266 4418 quae
280 4345 363 4401 habet
385 4344 524 4417 proprium
544 4352 662 4413 motum,
688 4346 776 4402 anima
790 4353 929 4413 conca-D
943 4342 976 4398 lis
990 4344 1018 4398 in
1029 4343 1081 4400 hoc
1095 4344 1223 4416 capitulo.

102 4433 182 4504 piscit
196 4433 348 4496 carnaliter,
365 4433 489 4505 quamvis
503 4449 567 4490 caro
582 4433 640 4489 sine
655 4433 743 4488 anima
752 4435 892 4508 nilpossit.
981 4431 1030 4488 Vel
1038 4431 1075 4487 ita
1084 4441 1172 4504 potest
1180 4432 1254 4506 legi:
1268 4433 1355 4490 Omne
1366 4435 1452 4500 enirn,
1465 4442 1517 4490 etc.
1534 4433 1739 4507 [Hieronymus]

101 4523 151 4578 Vel
165 4523 212 4593 ita,
230 4539 312 4578 omne
326 4530 476 4593 peccatum.
493 4520 576 4592 Quasi
593 4522 664 4577 dicat
681 4523 764 4579 :Ideo
789 4524 895 4580 debetis
945 4517 1030 4587 Quasi
1045 4521 1116 4577 dicat
1131 4538 1137 4575 :
1154 4521 1218 4577 ideo
1242 4521 1327 4595 fugite
1342 4521 1559 4588 fornicationem,
1575 4523 1639 4594 quia
1653 4539 1739 4578 omne

100 4611 196 4684 lugere
219 4610 435 4680 fornicationem,
461 4611 524 4682 quia
547 4627 627 4666 omne
651 4621 793 4682 peccatum
820 4612 893 4669 aliud
944 4607 1016 4662 aliud
1023 4614 1173 4680 peccatum
1184 4609 1366 4682 quodcunque
1373 4611 1475 4681 [eterit
1484 4610 1739 4678 bomo,ectrocor·

99 4700 280 4772 quodcunque
294 4699 388 4756 fecerit
402 4701 484 4755 homo
512 4708 588 4756 extra
614 4716 712 4771 corpus
728 4708 779 4766 est,
811 4700 838 4756 id
853 4710 893 4756 εει
941 4712 996 4768 pttt
1010 4701 1062 4767 cat,
1079 4697 1106 4752 id
1121 4705 1163 4753 est
1178 4705 1254 4753 extra
1268 4698 1422 4769 conjugem,
1450 4715 1511 4770 quae
1525 4698 1625 4755 dictur
1637 4713 1739 4770 corpus

100 4795 176 4843 extra
190 4787 326 4844 uinculum
336 4788 455 4844 carnalis
469 4789 696 4860 concupiscentiae
719 4797 781 4845 sunt
795 4798 893 4846 caeiera
943 4784 994 4839 viri
1009 4785 1054 4858 qui
1069 4793 1110 4840 εει
1123 4785 1182 4855 ejus
1196 4793 1275 4857 caput
1292 4802 1298 4842 :
1314 4786 1389 4841 aliud
1402 4796 1545 4857 peccatum
1558 4802 1614 4842 non
1627 4785 1657 4841 fit
1670 4802 1738 4843 con-

98 4883 211 4940 peccota
234 4876 436 4947 comparatione
459 4876 549 4945 hujus,
576 4877 627 4932 etsi
652 4893 703 4949 per
725 4893 825 4949 corpus
840 4894 892 4950 ge·
943 4878 982 4926 tra
998 4873 1131 4930 honorem
1148 4874 1278 4947 coniugii.
1294 4874 1352 4946 (63)
1364 4875 1416 4942 Qui
1426 4879 1523 4932 autern
1529 4876 1691 4947 fornicatur
1703 4876 1737 4930 in

98 4973 203 5021 rantur.
221 4966 277 5037 (62)
292 4965 342 5021 llic
356 4964 428 5020 enim
444 4963 535 5020 anima
556 4965 606 5020 sub
629 4981 742 5036 corpore
761 4974 815 5022 est.
831 4966 892 5021 Alia
942 4976 1044 5034 corpus
1058 4979 1143 5018 suurn
1155 4967 1263 5035 peccat,
1279 4962 1307 5017 id
1322 4970 1364 5018 εει
1378 4970 1474 5020 contra
1484 4963 1613 5020 honorem
1623 4963 1736 5019 sulcor-

97 5053 170 5108 enim
192 5061 317 5125 peccata,
343 5053 394 5109 etsi
416 5069 465 5124 per
487 5069 585 5124 corpus
608 5054 820 5122 committantur,
837 5071 892 5112 non
941 5049 1015 5122 poris
1030 5049 1134 5106 scilicet
1143 5051 1267 5122 conjugis
1282 5067 1339 5108 suae
1354 5051 1421 5125 agit.
1436 5051 1479 5108 An
1494 5054 1622 5109 nescitis.
1649 5049 1736 5120 Quasi

98 5148 187 5198 tamen
212 5141 331 5197 animum
358 5143 506 5198 humanum
533 5142 761 5213 concupiscentiae
789 5143 891 5200 carnali
941 5137 1014 5195 dicat
1030 5139 1113 5195 :ideo
1131 5138 1194 5195 item
1214 5137 1342 5212 fugienda
1366 5146 1408 5195 est
1433 5139 1584 5208 fornicatio,
1600 5141 1733 5214 quoniam

130 5316 184 5383 (til)
203 5319 358 5383 Augustinus,
372 5318 632 5373 contraitaiiminun.
974 5317 1026 5392 [65]
1045 5317 1206 5382 Atinatibus,
1219 5319 1305 5371 conba
1316 5317 1484 5370 iluimtnum.

131 5383 186 5450 (ιε)
205 5385 252 5450 ld,
264 5386 289 5435 in
301 5398 414 5438 sermone
425 5386 457 5438 da
470 5386 553 5439 eadem
566 5399 604 5438 re.
