3906 6056
129 212 199 268 tlte
462 208 773 267 conmutassent
791 206 900 265 netss.
922 209 955 264 D.
976 207 1088 266 PAULI.
1104 238 1138 250 -
1157 210 1195 266 IN
1212 209 1267 266 ΕΡ.
1292 209 1340 266 AD
1359 208 1444 267 ΗΘΜ.
1713 213 1782 266 tttt

131 333 175 388 bis
190 333 249 390 haec
263 333 361 390 malai
375 333 537 405 Responsio.
553 333 652 405 Utique
666 333 718 388 ista
728 331 870 387 malasunt
886 347 936 386 no·
951 335 1066 404 Aquam
1081 331 1109 386 in
1133 331 1273 404 diligendo
1296 348 1467 405 praeponere.
1491 331 1614 389 Charitas
1635 331 1720 406 igitur
1733 330 1784 389 Dei

130 420 184 487 bis,
206 421 276 478 sicut
296 421 490 492 scriptumest,
513 422 573 494 quia
598 429 712 493 propter
736 430 761 476 te
783 419 934 476 mortifica·
986 419 1030 476 hic
1057 420 1130 476 dicta
1151 427 1192 474 est
1215 421 1298 476 virtus
1329 437 1388 493 quae
1411 421 1493 477 animi
1523 421 1609 477 nostri
1630 420 1786 477 rectissima

133 526 196 565 mur
210 517 264 566 tota
277 509 322 565 die
338 510 422 582 (267).
449 512 518 566 Nota
541 511 614 582 quod
635 510 673 565 ait
686 517 797 581 propter
817 517 852 575 te,
887 525 936 580 per
986 506 1094 565 allectio
1109 516 1160 578 est,
1183 525 1243 580 quae
1265 508 1404 580 conjungit
1425 526 1476 565 nos
1498 511 1574 576 Deo;
1590 525 1651 583 quoe
1665 510 1783 566 charitas

134 601 188 654 hoc
202 613 314 654 causam
339 606 421 666 notat,
448 598 507 653 sine
533 615 585 670 qua
609 613 711 654 corona
734 597 857 668 martyrii
881 613 936 652 non
986 601 1028 653 est
1055 597 1144 663 nobis,
1162 613 1217 652 non
1233 597 1340 668 quidem
1356 614 1371 651 a
1385 598 1473 666 nobis,
1486 598 1533 654 sed
1548 599 1580 653 in
1597 597 1705 654 Christo
1719 599 1785 653 teau

133 686 268 742 redditur.
285 687 433 758 Martyrem
448 687 520 742 enim
535 701 590 741 non
600 685 662 742 tacit
672 701 763 757 poena,
775 685 824 741 sed
834 700 934 751 causa;
986 686 1103 754 Domine
1117 689 1224 751 nostro,
1241 684 1269 739 id
1283 692 1323 740 est
1337 701 1352 739 a
1367 685 1481 740 Christo.
1497 685 1546 741 Vel
1561 685 1717 742 charitatem
1733 685 1784 741 Dei

132 790 197 830 narn
214 781 239 830 et
255 774 294 830 rei
313 791 376 831 curn
394 774 503 830 Christo
525 774 600 847 passi
627 783 698 843 sunt,
724 773 821 848 quibus
841 772 936 827 similis
986 773 1060 842 dicit,
1073 790 1124 845 qua
1139 775 1213 829 Deus
1228 773 1317 844 diligit
1331 789 1420 842 nos,a
1437 789 1553 844 quanon
1565 780 1715 844 separatur,
1732 773 1785 828 uisi

133 870 192 918 erat
205 863 328 918 Christus
342 863 369 917 in
385 879 474 934 poena,
492 862 540 918 sed
554 861 693 918 dissimilis
714 862 741 916 iu
764 877 855 931 causa,
873 861 936 933 quia
986 862 1033 933 qui
1047 878 1063 917 a
1076 864 1135 917 Deo
1149 861 1296 928 dividitur;
1313 878 1373 933 quae
1387 862 1505 917 charitas
1520 861 1598 917 nobis
1612 870 1722 916 ostensa
1732 869 1783 928 est,

132 959 246 1022 propter
260 967 311 1006 nos
326 967 424 1023 passus
439 958 490 1018 est,
506 958 535 1006 ut
550 959 578 1006 et
592 967 643 1006 nos
657 959 767 1022 propter
785 951 873 1022 ipsum
887 965 936 1021 pe·
981 949 1012 1003 in
1028 950 1136 1005 Christo
1150 950 1215 1006 taso
1229 949 1346 1005 Domino
1360 957 1465 1006 nostro.
1484 951 1559 1005 Deus
1580 949 1653 1004 enirn
1667 947 1783 1004 charita-

133 1039 243 1107 tiarnur,
268 1047 296 1094 et
318 1039 347 1094 in
369 1047 486 1112 utraque
509 1055 592 1096 causa
616 1055 673 1107 sue,
700 1039 801 1094 scilicet
823 1045 937 1110 propter
987 1045 1041 1094 tem
1056 1054 1134 1093 suam
1157 1038 1184 1093 in
1209 1037 1316 1093 Christo
1330 1037 1410 1093 nobis
1424 1037 1553 1106 ostendit,
1569 1053 1650 1110 quern
1665 1052 1716 1108 pro
1730 1051 1782 1093 no-

126 1143 187 1184 ·nos
202 1135 229 1184 et
242 1135 345 1196 nostra,
370 1135 483 1200 propter
501 1127 600 1199 ipsum,
617 1127 771 1184 consultum
785 1134 826 1182 est
840 1126 932 1182 nobis.
987 1125 1029 1182 bis
1044 1126 1164 1182 tradidit.

138 1217 287 1274 AEate'moti
296 1233 405 1283 sumna,
417 1216 475 1272 sine
487 1224 611 1287 respectu
619 1215 825 1284 misericordis,
836 1219 936 1272 ntovca
1305 1196 1418 1252 CAPUT
1433 1197 1482 1252 ῙΧ·

139 1305 300 1374 occisionis,
326 1319 386 1376 quse
411 1304 514 1361 scilicet
539 1319 594 1359 non
617 1312 731 1375 prosunt
751 1303 804 1357 nisi
827 1303 935 1360 occisae.
1022 1303 1108 1358 Vsus.
1134 1306 1186 1358 l-5.
1209 1332 1244 1342 -
1260 1323 1271 1353 ι
1288 1301 1436 1358 Veritatem
1457 1301 1519 1358 dico
1537 1301 1566 1356 in
1589 1302 1695 1360 Christo
1709 1303 1782 1372 Jesu,

136 1393 210 1450 Ecce
224 1393 297 1448 mala
311 1393 369 1449 haec
385 1400 446 1448 sunt
459 1391 548 1447 nobis.
559 1391 612 1448 Sed
625 1393 657 1448 in
673 1391 716 1448 his
731 1393 868 1458 omnbus,
884 1391 938 1447 soi·
990 1411 1001 1442 ι
1028 1407 1083 1446 non
1105 1389 1232 1458 mentior,
1258 1389 1441 1446 testimonium
1464 1389 1530 1445 mihi
1544 1391 1704 1461 perhibente
1718 1408 1784 1448 con-

135 1481 199 1538 licet
214 1481 441 1549 tribulationibus,
453 1481 647 1553 tormentisque
657 1480 747 1552 positi,
759 1496 935 1552 superemus,
990 1502 1002 1531 ‹
1019 1479 1130 1535 scientia
1143 1495 1204 1535 mea
1218 1480 1245 1533 in
1266 1478 1367 1550 Spiritu
1390 1486 1484 1534 sancto
1500 1493 1506 1532 :
1524 1476 1659 1546 Quoniam
1674 1479 1785 1536 tristitia

136 1569 254 1642 thaimo,
280 1567 451 1642 Ambrosius]
476 1569 504 1624 id
528 1575 569 1624 est
582 1569 740 1639 superiores
754 1566 895 1635 efficimur,
911 1575 938 1624 et
990 1590 1001 1612 «ι
1018 1567 1085 1622 mihi
1107 1575 1149 1623 est
1171 1583 1271 1641 magna
1296 1575 1322 1622 et
1344 1567 1488 1623 continuus
1512 1566 1590 1622 dolor
1611 1567 1687 1624 cordi
1710 1584 1783 1625 meo.

137 1658 189 1714 hoc
205 1673 259 1713 non
274 1666 386 1729 propter
404 1673 465 1726 nos,
492 1656 541 1712 sed
558 1660 675 1730 propter
689 1673 754 1712 eum
770 1657 818 1729 qui
833 1655 938 1712 ditescit
951 1679 1001 1746 B«
1020 1655 1152 1726 Optabam
1177 1655 1249 1710 enim
1267 1670 1319 1728 ego
1334 1655 1393 1726 ipse
1407 1655 1552 1710 anathema
1567 1671 1628 1712 esse
1644 1671 1660 1711 a
1679 1656 1787 1713 Christo

137 1762 199 1814 nos,
215 1747 292 1816 cujus
306 1744 468 1802 beneficium
482 1753 595 1816 superat
612 1745 753 1815 praedicta.
770 1743 937 1815 Superamus
989 1767 1000 1793 a
1018 1760 1069 1815 pro
1093 1743 1222 1799 tratribus
1241 1744 1320 1813 meis,
1343 1743 1390 1816 qui
1409 1750 1471 1798 sunt
1492 1743 1601 1815 cognati
1615 1744 1669 1800 mei
1686 1760 1786 1802 secun-

135 1835 197 1891 dico
212 1841 238 1890 et
253 1851 327 1890 vere.
344 1835 439 1891 Certus
460 1834 533 1890 enirn
556 1849 626 1903 sum,
646 1849 679 1888 ex
693 1832 873 1904 promissione
887 1833 938 1888 Dei
989 1855 1000 1880 a
1020 1837 1081 1888 dum
1095 1848 1215 1900 carnem,
1238 1831 1285 1904 qui
1308 1839 1370 1886 sunt
1392 1831 1530 1898 lsraelitae,
1547 1848 1661 1904 quorum
1676 1833 1786 1905 adoptio

135 1923 252 1980 dicentis
267 1939 274 1979 ε
289 1925 349 1980 lton
364 1927 391 1980 tc
406 1923 535 1980 deserum
542 1938 631 1995 neque
641 1922 935 1995 deretinquemfflebr.
989 1943 1000 1970 a
1019 1929 1061 1976 est
1074 1919 1202 1986 filiorum,
1219 1927 1246 1975 et
1258 1919 1356 1992 gloria,
1372 1927 1399 1975 et
1413 1927 1614 1988 testamentum,
1630 1928 1657 1976 et
1670 1920 1785 1994 legisla-

136 2014 209 2082 snt).
231 2012 300 2080 Quia
315 2027 404 2084 neque
418 2027 504 2076 mors,
522 2026 603 2082 quam
618 2009 754 2064 minentur
767 2010 937 2083 3nequeoitc
989 2009 1066 2080 «tio,
1082 2016 1108 2065 et
1130 2008 1303 2080 obsequium,
1329 2016 1355 2063 et
1376 2008 1521 2080 promissa,
1544 2025 1659 2081 quorum
1681 2017 1787 2082 patres,

136 2100 425 2172 promissateperebit
441 2115 486 2154 mc
506 2116 523 2155 u
543 2099 606 2165 Deo,
623 2115 712 2171 neque
727 2099 830 2170 capeti,
847 2097 938 2155 minor
989 2118 1001 2148 ι
1031 2113 1063 2153 ex
1088 2096 1186 2170 quibus
1210 2105 1251 2152 est
1273 2096 1398 2151 Christus
1421 2097 1571 2152 secundum
1594 2113 1716 2161 carnem,
1741 2098 1789 2171 qui

136 2189 213 2253 ordo,
231 2203 320 2262 nequae
341 2189 534 2259 principatus,
560 2186 664 2242 scilicet
688 2186 835 2242 mediocris
849 2187 935 2254 ord03
989 2193 1060 2242 aest
1090 2201 1173 2256 super
1204 2185 1293 2240 omnia
1331 2185 1404 2241 Deus
1431 2185 1591 2241 benedictus
1619 2185 1647 2241 in
1676 2187 1785 2244 secula.

135 2293 225 2349 raeque
238 2277 369 2343 virtutes,
386 2275 491 2332 scilicet
505 2275 590 2345 major
605 2275 685 2341 ordo,
701 2275 747 2347 qui
762 2275 843 2330 etiam
858 2274 937 2329 mira·
988 2296 1000 2322 u
1017 2275 1114 2329 Amen.
1134 2297 1145 2322 n

136 2364 200 2420 cula
214 2364 277 2420 tacit
292 2382 299 2419 :
316 2363 497 2437 [Ambrosius]
520 2363 548 2418 hi
565 2371 656 2419 autern
669 2363 780 2418 ordines
795 2363 936 2434 accipian·
1026 2363 1178 2419 Veritatem
1196 2361 1268 2418 dico.
1285 2359 1468 2434 [Ambrosius]
1483 2360 1551 2430 Quia
1567 2367 1663 2418 contra
1677 2361 1787 2419 tudaeos

136 2460 180 2507 tur
192 2452 227 2508 de
242 2451 321 2508 malis
344 2452 460 2525 angelis,
485 2451 529 2508 vel
552 2452 587 2507 de
612 2451 701 2518 bonis,
717 2449 808 2506 siheri
823 2459 935 2522 posset;
987 2450 1113 2521 superius
1136 2450 1211 2506 visus
1228 2457 1268 2504 est
1291 2449 1376 2521 loqui,
1400 2449 1446 2521 qui
1468 2465 1501 2505 ex
1522 2449 1586 2522 lege
1604 2448 1744 2520 justificari
1757 2467 1788 2508 se

138 2537 397 2609 eequeinstuntiu,
424 2535 686 2607 scilicetprtesentia
701 2535 934 2602 bonavelmela;
986 2547 1090 2610 putant,
1114 2555 1187 2594 nunc
1208 2545 1300 2594 votum
1330 2546 1356 2593 et
1378 2535 1504 2593 affectum
1535 2554 1614 2593 suurn
1637 2537 1710 2596 circa
1739 2556 1787 2597 eos

133 2627 344 2698 neqncsnturo,
356 2625 428 2680 bona
439 2625 481 2680 vel
492 2623 579 2690 mala;
591 2640 681 2696 neque
694 2624 843 2696 tortitudo,
858 2623 937 2678 idest
986 2627 1115 2693 ostendit,
1131 2626 1203 2700 quod
1215 2625 1333 2696 jurando
1355 2624 1452 2692 firmat,
1474 2633 1504 2681 ut
1526 2625 1629 2682 firmius
1649 2627 1785 2696 credatur,

132 2714 247 2783 alicujus
261 2713 409 2780 violentia;
424 2729 513 2785 neque
529 2713 650 2769 attitndo
673 2713 798 2768 humanae
813 2719 936 2783 potesta·
985 2730 1017 2772 ac
1032 2731 1081 2786 per
1094 2715 1146 2771 hoc
1161 2715 1235 2770 dolet
1247 2730 1335 2786 genus
1349 2730 1429 2769 suum
1443 2715 1592 2770 secundum
1605 2729 1718 2771 carnem
1736 2716 1786 2772 be-

133 2803 178 2870 tis,
196 2803 238 2858 vel
253 2802 369 2858 elevatio
384 2801 500 2867 Satanae,
516 2799 706 2875 [Augustinus]
722 2801 825 2856 scilicet
839 2801 863 2855 si
877 2801 937 2856 dia·
985 2801 1082 2859 neficio
1101 2803 1199 2859 Christi
1218 2802 1331 2874 privari.
1348 2801 1433 2873 Quasi
1447 2802 1517 2859 dicat
1535 2821 1541 2858 :
1557 2805 1661 2876 Aspera
1680 2804 1787 2860 locutus

135 2891 214 2947 bolus
227 2891 255 2946 in
280 2889 448 2946 altitudinem
468 2905 498 2945 se
520 2889 600 2944 nobis
623 2889 747 2945 ostendat
771 2889 936 2944 subornatus
986 2907 1045 2946 sum
1060 2899 1155 2948 contra
1180 2891 1298 2959 tudaeos,
1322 2891 1374 2948 hoc
1399 2899 1489 2947 autem
1513 2890 1563 2946 tuit
1584 2907 1616 2947 ex
1629 2891 1785 2960 dilectione,

133 2979 348 3051 tutaciispanis
364 2978 463 3047 sui,ad
479 2977 667 3034 seducendum
682 2993 748 3044 nos,
764 2994 853 3050 neque
867 2993 935 3050 pro·
985 2993 1040 3033 non
1065 2995 1098 3034 ex
1122 2978 1273 3034 inimicitia.
1308 2979 1457 3035 Veritatem
1480 2979 1552 3034 enirn
1576 2978 1647 3048 dico,
1679 2985 1708 3037 et
1730 2997 1789 3038 non

131 3069 266 3139 fundum,
282 3067 309 3122 id
319 3074 360 3123 est
370 3067 635 3139 sapientiaalicujus;
651 3065 704 3131 vel,
717 3067 930 3138 neqneprosun-
946 3040 1116 3134 cruentior,
1142 3067 1170 3121 in
1192 3065 1282 3138 aliqua
1296 3074 1374 3137 parte
1398 3067 1512 3137 positus,
1529 3068 1561 3122 in
1577 3067 1686 3122 Christo
1709 3069 1785 3136 teau,

133 3157 211 3221 dnm,
229 3157 256 3212 id
271 3163 313 3212 est
327 3156 350 3210 si
368 3155 491 3212 diabolus
514 3161 646 3210 monstret
661 3152 807 3221 internum,
823 3152 866 3208 vel
880 3153 932 3207 mi·
983 3155 1160 3211 conscientie
1175 3154 1247 3210 mihi
1256 3153 1420 3226 perhibente
1436 3156 1641 3221 testimonium,
1658 3155 1722 3211 etsi
1737 3173 1787 3212 vos

133 3253 214 3302 netur
229 3243 421 3316 praecipitium;
438 3243 492 3308 vel,
508 3259 597 3316 neque
610 3242 744 3308 altitudo,
761 3257 850 3314 neque
863 3258 932 3314 pro·
983 3259 1039 3298 non
1062 3242 1181 3312 creditis,
1208 3241 1383 3310 conscientia,
1400 3242 1471 3312 dice,
1488 3242 1607 3312 tundata,
1624 3243 1656 3298 in
1680 3243 1787 3316 spiritu

128 3334 254 3406 fundum
269 3332 298 3387 id
312 3341 354 3388 est
367 3348 457 3404 neque
467 3348 607 3404 prospera,
618 3347 706 3403 neque
717 3331 842 3386 adversa.
855 3330 932 3386 Unde
984 3335 1092 3388 anneto.
1119 3329 1205 3400 Quasi
1227 3331 1298 3386 dicat
1313 3349 1319 3384 :
1335 3331 1369 3386 Et
1384 3330 1443 3403 ipse
1468 3329 1578 3402 spiritus
1593 3330 1670 3386 testis
1685 3340 1736 3399 est,
1752 3332 1787 3389 de

135 3423 263 3479 Salomon
270 3421 308 3476 ait
319 3439 326 3476 ε
338 3421 683 3492 Diuitiesetpcupertctea
691 3436 726 3476 ne
735 3419 932 3485 dederisntihi,
984 3422 1036 3477 hoc
1051 3419 1155 3477 scilicet
1170 3420 1303 3494 quoniam
1320 3419 1393 3475 mibi
1407 3423 1450 3476 est
1468 3437 1573 3491 meque
1597 3421 1729 3492 tristitie,
1757 3421 1787 3478 id

130 3512 302 3583 nerepletna
310 3509 436 3566 mendae
449 3509 527 3579 fiunt,
537 3510 580 3566 rtet
587 3525 697 3581 pauper
705 3510 827 3581 raptem,
835 3511 864 3563 ct
869 3524 933 3580 per·
985 3517 1025 3564 est
1041 3517 1137 3580 stupor
1147 3507 1256 3578 mentis,
1269 3511 1296 3564 et
1309 3511 1463 3566 continuus
1473 3508 1637 3566 datorcordi
1646 3525 1717 3579 meo,
1731 3525 1786 3566 non

125 3600 224 3670 jurem
238 3614 341 3654 nomen
362 3599 411 3656 Dei
437 3598 530 3669 (Pron.
547 3597 626 3668 xxx).
642 3596 718 3652 blulti
733 3595 805 3651 enirn
819 3601 934 3666 peccent
985 3604 1076 3668 specie
1098 3605 1186 3664 tenus,
1211 3597 1260 3654 sed
1283 3597 1378 3652 intimo
1401 3596 1493 3654 corde.
1519 3597 1596 3653 Unde
1620 3605 1662 3652 est
1682 3597 1786 3656 dolor?

131 3687 283 3756 altitudine,
308 3686 386 3741 multi
406 3686 578 3742 necessitate.
596 3685 694 3740 Contra
709 3687 760 3740 hoc
774 3681 935 3755 proponitur
985 3701 1033 3756 pro
1048 3683 1178 3740 tratribus
1192 3685 1271 3752 meis,
1292 3685 1320 3739 id
1335 3692 1375 3740 est
1390 3685 1491 3739 ludaeis
1512 3684 1650 3741 eGhristo
1665 3686 1786 3741 erranti-

129 3777 220 3832 Achas
235 3776 262 3830 in
277 3776 355 3842 lsaia,
372 3774 537 3848 quinalebat
547 3781 641 3845 petere
655 3789 672 3829 a
686 3773 803 3828 Domino
813 3773 932 3844 signum,
985 3773 1047 3841 bus,
1070 3781 1097 3830 et
1117 3789 1180 3830 vere
1200 3773 1290 3840 doleo,
1307 3773 1370 3844 quia
1385 3773 1465 3840 adeo,
1481 3772 1564 3844 quod,
1591 3771 1722 3845 optabam
1737 3789 1786 3845 eqo

129 3879 220 3937 neque
233 3864 267 3936 in
277 3863 340 3931 alto,
365 3879 455 3935 neque
470 3863 497 3917 in
516 3861 652 3934 profundo
675 3862 740 3932 (lac.
757 3869 816 3932 vrit,
842 3877 934 3916 reme·
985 3863 1045 3935 ipsc
1065 3878 1123 3918 esse
1146 3861 1310 3928 anathemo,
1326 3860 1353 3914 id
1369 3867 1410 3916 est
1424 3867 1564 3931 separatus
1578 3875 1594 3914 a
1610 3860 1720 3917 Christo
1735 3875 1787 3933 pro

130 3953 206 4009 diurn
231 3953 265 4008 de
288 3952 398 4008 Christo
425 3951 471 4023 qui
485 3967 575 4023 neque
591 3951 676 4006 elatus
688 3948 738 4004 fuit
752 3949 787 4005 de
801 3957 935 4020 potestate
985 3949 1089 4005 eisdem
1104 3951 1244 4023 frutribus
1258 3949 1338 4017 meis,
1355 3946 1473 4021 [Haimol
1489 3947 1517 4003 id
1531 3953 1573 4004 est
1583 3947 1605 4002 si
1615 3948 1785 4020 lieriposset,

130 4058 183 4115 qua
209 4041 321 4113 aequalis
351 4046 409 4096 erat
439 4040 523 4109 Patri,
553 4054 604 4095 nec
635 4039 755 4094 turbatus
783 4037 935 4107 dejectione
986 4037 1085 4094 vellem
1099 4038 1135 4093 ad
1148 4038 1256 4105 horam,
1277 4037 1321 4094 vel
1339 4037 1368 4092 in
1386 4036 1436 4091 hac
1451 4037 1517 4104 vita,
1534 4035 1579 4092 vel
1592 4045 1654 4109 post
1667 4045 1785 4094 mortem

129 4130 225 4186 mortis
242 4147 249 4184 :
265 4130 337 4201 quod
357 4137 397 4184 est
420 4129 528 4202 siguum
553 4127 581 4182 in
605 4127 668 4194 alto,
690 4135 715 4182 et
736 4127 764 4181 in
787 4125 934 4214 protunda,
986 4126 1142 4198 separaris
1162 4126 1277 4195 Christo,
1303 4133 1332 4180 ut
1347 4124 1444 4181 tratres
1459 4123 1542 4181 44
1561 4124 1616 4182 mei
1630 4125 1785 4182 crederent.

129 4218 233 4285 ncilla,
251 4217 294 4274 uel
310 4217 386 4289 regia
402 4225 537 4288 potestate
552 4215 740 4283 extolleretur,
750 4214 794 4270 vel
814 4229 939 4270 aerumna
986 4213 1167 4288 [Ambrosius]
1182 4214 1297 4270 Attende
1319 4215 1391 4287 quod
1415 4214 1551 4286 optabam,
1576 4214 1624 4281 ait,
1640 4230 1695 4271 non
1710 4222 1785 4287 opto,

128 4307 295 4373 turbaretur,
321 4305 388 4362 sicut
411 4314 475 4361 tunc
502 4311 567 4361 erat·
582 4319 631 4377 pro
655 4303 727 4360 bello
750 4303 935 4375 Assyriorum.
987 4304 1050 4376 quia
1066 4304 1116 4361 soit
1132 4303 1195 4371 tale,
1220 4303 1304 4360 idest
1324 4303 1363 4358 ita
1384 4304 1529 4358 honestum
1543 4303 1697 4360 membrum
1711 4303 1786 4360 nullo

129 4397 222 4470 Neque
235 4398 370 4452 creatura
392 4393 528 4466 quelibet,
544 4394 603 4449 ulia
617 4409 631 4447 a
646 4391 795 4462 praedictis,
808 4391 852 4448 vel
867 4391 930 4462 alia,
946 4392 1157 4464 Dpraecedente
1177 4391 1253 4460 vitio,
1278 4407 1333 4448 non
1355 4408 1438 4464 posse
1458 4391 1580 4464 separari
1594 4407 1609 4446 a
1624 4391 1730 4448 Christo
1745 4399 1787 4448 ta-

125 4486 211 4542 idest
226 4500 306 4552 nova,
327 4482 431 4540 scilicet
454 4491 548 4540 contra
561 4489 685 4537 naturam
701 4480 781 4547 tacta,
799 4489 828 4535 ut
843 4496 930 4552 equus
979 4497 1043 4536 men
1066 4480 1193 4537 allectum
1218 4489 1245 4537 et
1268 4481 1442 4538 dilectionem
1474 4480 1548 4537 circa
1572 4478 1633 4535 illos
1657 4479 1784 4549 ostendit,

127 4574 216 4646 bipes,
237 4573 261 4628 si
283 4572 329 4628 frat
347 4580 376 4628 ut
396 4570 459 4628 tecit
477 4572 587 4626 tamnes
606 4577 633 4625 et
652 4568 798 4638 llnmbres‚
815 4567 860 4640 qui
873 4555 930 4624 iue-
979 4569 1126 4642 dequibus
1148 4569 1231 4625 multa
1254 4568 1392 4641 praeconia
1414 4575 1615 4640 consequenter
1631 4576 1783 4640 enumerat,

119 4670 189 4718 ‚rant
203 4661 277 4734 magi
291 4660 448 4717 Pharaonis.
472 4660 516 4716 Nil
543 4659 653 4730 iuquam
675 4658 800 4725 istorum,
822 4657 929 4729 poterit
978 4665 1007 4712 ut
1021 4657 1149 4714 omnibus
1163 4675 1212 4730 pro
1227 4657 1267 4713 eis
1283 4657 1406 4714 dolorem
1419 4657 1548 4727 incutiat,
1564 4657 1626 4728 quie
1640 4673 1696 4714 non
1709 4657 1781 4714 reci-

127 4767 321 4824 eosaepurcre
334 4748 504 4806 octontuta
521 4747 590 4813 Dei,
620 4761 755 4819 quaeum
777 4744 925 4817 dngimus,
977 4746 1078 4818 piendo
1103 4747 1281 4813 salvatorem,
1302 4745 1513 4818 praerogativam
1535 4753 1642 4818 patrum
1666 4753 1693 4802 et
1714 4761 1781 4817 pro·

127 4841 192 4912 quia
207 4838 332 4896 omnibus
345 4838 443 4895 melior
456 4845 496 4892 est
510 4836 595 4908 (268).
614 4835 642 4890 Si
657 4850 724 4908 ergo
745 4833 816 4890 nulla
831 4849 876 4888 res
891 4833 927 4888 ab
977 4835 1116 4891 missionis
1128 4835 1316 4907 perdiderunt,
1342 4835 1451 4906 pejores
1466 4833 1547 4890 etiam
1562 4834 1689 4907 gentibus
1704 4833 1779 4906 lacti,

128 4929 188 4999 ejus
201 4928 332 4986 charitate
347 4943 397 4983 nos
412 4933 530 4998 separat,
546 4923 611 4997 quid
625 4939 754 4980 essenon
769 4921 857 4977 solum
872 4937 927 4977 me·
977 4937 1044 4994 quas
1059 4921 1133 4992 prius
1148 4919 1386 4976 abominabantur.
1409 4919 1576 4990 Propensius
1591 4919 1662 4976 enim
1678 4920 1779 4975 malurn

127 5017 190 5084 lius,
216 5017 264 5074 sed
284 5017 365 5074 etiam
386 5015 487 5072 certius
508 5014 561 5070 hoc
579 5012 651 5068 bono
665 5011 778 5084 potest?
792 5011 822 5064 ld
837 5010 926 5082 ipsum
977 5017 1018 5064 est
1054 5008 1212 5082 dignitatem
1249 5007 1412 5079 perdidisse,
1449 5023 1530 5080 quam
1557 5023 1612 5063 non
1637 5007 1777 5064 habuisse.

128 5107 201 5162 enim
220 5105 293 5179 quod
311 5105 450 5178 dihgimus
471 5105 559 5159 Deum
580 5101 651 5157 mori
674 5116 729 5156 non
751 5106 849 5171 potest,
873 5099 926 5154 nisi
976 5096 1081 5152 Deinde
1095 5097 1193 5152 merito
1208 5096 1302 5152 dolere
1316 5096 1435 5152 ostendit
1447 5112 1488 5166 se,
1505 5095 1640 5163 subdens;
1654 5098 1777 5170 quisunt

125 5196 191 5252 dum
205 5193 266 5267 quis
284 5209 338 5250 non
362 5193 451 5266 diligit
472 5192 569 5258 Deum,
594 5188 638 5247 oui
652 5204 727 5244 mors
740 5188 799 5260 ipsa
814 5194 926 5243 estnon
975 5185 1091 5257 coqnett
1101 5186 1158 5242 mei
1167 5185 1323 5242 secundum
1337 5201 1463 5251 earnem,
1478 5192 1504 5240 et
1526 5183 1588 5241 ideo
1602 5185 1716 5256 amplius
1727 5185 1775 5255 ju·

121 5283 242 5356 ¹diligere
261 5285 360 5351 Deum,
383 5282 457 5355 quod
481 5279 548 5336 nihil
562 5279 636 5335 aliud
650 5286 693 5334 est
707 5292 790 5350 quam
804 5277 830 5332 ei
845 5275 925 5349 quid·
974 5273 1067 5332 vendi.
1098 5274 1150 5341 Qui
1164 5276 1235 5331 aunt
1261 5275 1400 5330 tarcetitoe
1423 5273 1490 5340 veri,
1508 5273 1659 5330 secundum
1673 5274 1772 5343 bonos,

160 5458 230 5528 (267)
249 5459 397 5525 Augustinus
408 5459 434 5511 tu
445 5470 559 5512 sumena
572 5457 598 5511 in
608 5455 686 5511 natali
699 5455 806 5510 nantul-
1009 5451 1078 5520 (268)
1096 5453 1332 5520 ld.,1telloralibua
1343 5452 1475 5507 catholica
1486 5452 1612 5507 llcclesle.
