3938 6068
110 171 170 224 805
557 167 840 224 COMMENTARJUX
858 169 891 224 ΙΝ
907 167 1065 226 PSALMOS
1089 199 1123 209 -
1142 170 1236 226 PSAL.
1249 171 1396 228 LXXXVJ.
1722 177 1773 228 806

102 301 154 346 cat
170 309 177 344 ε
195 290 257 363 Ego
273 291 356 356 Deus,
374 299 462 346 tecum
479 289 557 347 lucia.
575 292 646 347 Nam
671 291 796 348 Christus
818 307 918 348 secun·
928 293 954 356 Α
969 307 1041 347 ruam
1057 308 1138 347 unam
1149 292 1211 348 iacit
1225 293 1346 348 omnium
1360 293 1489 360 fidelium,
1507 295 1535 349 in
1559 294 1675 352 Domino
1700 311 1771 368 gau-

111 380 186 434 dum
201 378 276 450 quod
290 379 364 434 Deus
379 378 551 435 resuscitavit
567 394 596 434 se
611 379 758 446 hominem,
776 380 918 436 iacentem
971 363 1104 432 dentium,
1122 379 1155 420 θ)
1169 363 1336 434 plenitudine
1352 365 1504 420 ⁰0fflffl¹1¹¹i⁵
1520 365 1630 421 ‘immis-

112 467 242 538 signum,
261 469 292 523 in
307 467 375 525 bono
386 468 429 524 vel
444 483 525 534 nuno,
543 467 571 523 id
586 475 628 523 εει
641 476 671 523 ιιι
685 468 746 524 aliis
756 469 853 540 prosit.
865 469 921 525 Re·
971 435 1670 577 quovffflgggffisszmnnffiffffiffiffl'
1683 439 1774 564 lm}

115 555 258 612 ὃῦΐῖθθῑῑθ
273 554 346 610 enlm
370 555 480 628 Signum
503 563 544 611 ‘³⁵‘
564 555 592 611 in
615 556 697 622 h0¹¹⁰s
721 572 771 628 Fer
794 573 874 628 luam
896 564 922 612 θῑ
971 576 1171 646 fortitudinem
1189 577 1522 647 tuametsequunturalii
1536 580 1773 663 pauzanahlire

113 644 207 700 virtus
231 643 281 698 Dei
303 643 465 710 declaratur,
489 652 515 700 et
540 661 603 716 spes
627 644 794 702 credentium
818 643 921 702 coufir-
972 663 1137 718 contendum
1153 663 1240 718 pape,
1255 672 1279 718 θ)
1296 665 1400 730 effla,
1417 671 1445 718 ut
1465 663 1594 736 deinceps
1619 681 1674 721 non
1697 667 1772 738 psal.

114 739 223 788 matur.
241 731 335 805 lang„
351 730 486 805 Cassiodl.
506 734 541 788 Et
563 733 625 788 ideo
649 733 691 790 iac
714 743 743 788 ut
765 733 852 790 Judaei
876 732 921 805 qui
972 731 1051 799 latur,
1061 734 1096 788 da
1104 735 1267 806 imperium,
1280 735 1337 799 sed,
1351 735 1387 790 dc
1392 735 1607 859 (artitudinem,
1620 736 1698 816 quasi
1706 753 1772 794 cau-

115 822 238 876 oderunt
249 837 292 875 rue
308 820 426 886 videant,
444 821 505 888 hoc,
522 823 702 893 quoniamtu,
720 823 848 887 Domine,
869 822 921 878 ad·
972 811 1061 858 ‘emus
1076 812 1171 860 ⁰⁰¹¹ll³
1185 811 1305 860 mentem
1319 806 1354 859 ¹³¹*
1355 822 1390 875 01)
1411 813 1472 871 elien
1489 806 1545 886 ‚qni
1564 806 1607 860 hle
1627 807 1774 862 lflifflduffl

105 911 219 982 jasan
229 925 283 978 mc,
299 907 327 963 iu
340 907 499 975 certamine,
516 909 544 964 in
559 909 600 964 his
616 926 676 982 quac
691 909 752 976 teci,
779 914 807 966 ct
821 926 921 967 conso·
972 875 1298 1001 telgffitffleprgffiffllnn
1300 877 1359 1001 &³10¹ss
1359 884 1416 1002 Ἐξ
1431 875 1776 1019 {gglfflinssgsslalgffpffij

115 1001 235 1054 1⁰¹¹&ss
246 1013 290 1052 'me
301 996 328 1050 ln
344 996 448 1051 [fmilia
463 1014 524 1068 ‘1¹¹ae
539 997 583 1053 hic
598 1005 648 1065 est,
672 997 701 1052 5¹¹
721 998 763 1054 his
778 1015 839 1071 <111ae
854 1013 921 1068 1³³⁵·
973 1023 1090 1088 euntque
1107 1017 1179 1087 quod
1194 1025 1252 1071 oret
1268 1017 1392 1072 Christus
1414 1017 1442 1071 in
1466 1017 1624 1084 humilitate,
1652 1019 1696 1074 cui
1720 1033 1774 1074 non

112 1103 165 1142 sus
184 1103 263 1150 sum3
279 1086 332 1141 hoc
353 1085 473 1152 videant,
496 1091 524 1142 ct
542 1086 759 1158 confundantur
772 1087 798 1140 in
818 1086 921 1154 judicio
971 1095 1135 1158 congrueret
1151 1087 1201 1142 hac
1212 1087 1316 1142 ratione
1332 1088 1546 1160 supremaregui
1557 1095 1688 1160 potestas.
1699 1091 1774 1162 Ergo

115 1174 287 1246 perniciose,
304 1172 350 1246 qui
365 1174 447 1229 modo
463 1174 557 1230 nolunt
581 1174 725 1230 salubriter
745 1173 883 1230 conlundi.
974 1157 1142 1238 Ᾱῦἔυῦῑῑῦῑῐὲ
1157 1157 1241 1237 “lilim
1255 1157 1344 1230 magis
1360 1157 1541 1238 llflllllcissaffls
1556 1167 1607 1224 ‘³⁵¹0
1624 1160 1670 1230 (lui
1693 1164 1774 1232 ime·

972 1232 1075 1283 statem
1088 1228 1162 1298 legat,
1182 1237 1251 1284 sicut
1265 1229 1454 1298 etpsalmodra
1469 1229 1600 1296 Romana,
1626 1237 1653 1284 et
1684 1237 1774 1286 tamen

111 1295 290 1336 0⁰¹·Lffl0ffl
310 1293 438 1336 PWW
461 1295 578 1335 lfflvi
601 1301 612 1330 ,
632 1294 756 1350 tantast,
774 1295 919 1345 ⁰⁰M¹N³vl
972 1298 1165 1368 intorpretatur·
1179 1297 1214 1353 de
1237 1300 1364 1370 irnperio.
1386 1297 1529 1368 Quomodo
1555 1299 1587 1354 da
1612 1307 1773 1370 potestatem

495 1359 548 1408 9¹⁰·
972 1384 1056 1438 puero
1071 1377 1117 1424 tuo
1138 1369 1153 1424 i
1168 1371 1322 1425 Paternum
1333 1371 1447 1441 judicat
1474 1369 1774 1441 uemquam,sedomne

151 1441 241 1494 Vsus.
262 1443 304 1494 ιθ.
317 1469 351 1479 -
362 1441 649 1496 Laeteturccrmeum
660 1440 803 1496 ultimant
819 1454 921 1495 nomen
973 1441 1110 1504 iudicium
1118 1439 1195 1495 dedit
1204 1440 1275 1496 Filio
1285 1439 1377 1520 (loon.
1399 1441 1438 1511 v).
1455 1387 1508 1496 tille
1523 1455 1680 1513 resurgens,
1697 1448 1723 1496 et
1744 1441 1773 1496 in

114 1515 214 1566 tunm.
227 1511 419 1582 Hieronymus,
436 1511 555 1567 unicum
583 1511 629 1581 suc
640 1527 802 1566 cormeum.
826 1509 875 1565 Vel
894 1518 922 1563 ut
973 1517 1070 1564 terram
1085 1510 1143 1580 ipse
1159 1509 1273 1566 veniens
1285 1511 1462 1579 judicaturus,
1479 1511 1538 1581 ipse
1557 1511 1695 1567 videbitur
1714 1519 1772 1566 ter-

111 1581 160 1635 alii
176 1580 271 1638 volunt
286 1583 372 1637 unius
387 1597 435 1637 cor
452 1592 608 1642 arcannm
620 1595 716 1636 muso.
740 1581 803 1636 Haec
830 1589 920 1635 autem
975 1579 1080 1646 ribilrs,
1107 1581 1153 1652 qui
1178 1580 1254 1636 visus
1281 1581 1559 1652 estcontemptihilis3
1576 1580 1775 1638 demonstrabit

111 1651 193 1718 unio,
211 1651 342 1732 quidnam
357 1659 383 1707 et
403 1659 504 1722 praeter
527 1651 602 1706 illam
626 1651 764 1707 charitatis
788 1649 916 1731 letitiam,
933 1645 960 1706 B
971 1651 1128 1722 potentiam,
1147 1651 1193 1722 qui
1212 1651 1408 1706 demonstravit
1433 1651 1598 1722 patientiam.
1621 1653 1655 1707 Et
1678 1653 1772 1724 plera-

109 1737 170 1794 qua
181 1737 263 1778 unice
277 1723 365 1779 Deum
380 1737 511 1789 ornamus,
529 1729 555 1778 et
569 1738 630 1792 quas
645 1737 692 1778 cor
705 1737 788 1776 unum
805 1729 831 1778 et
854 1737 915 1776 am-
969 1737 1021 1793 que
1036 1722 1090 1777 alia
1104 1721 1132 1775 in
1147 1737 1209 1776 cum
1220 1737 1330 1778 sensum
1346 1721 1520 1794 persequitur
1534 1723 1710 1796 Augustinus.

687 1928 973 2033 PSALMUS
999 1929 1271 2033 LXXXVI.

112 2137 216 2176 ΝΜ
232 2135 347 2176 ”TUUS
365 2137 370 2175 ²
386 2135 489 2175 “ffiflss
510 2133 591 2174 ⁰⁰⁸2·
617 2133 740 2175 PWUS
765 2133 884 2176 ΟᾸΝΤΙΟῙ·
905 2140 916 2170 ’
969 2137 1161 2206 fundamentis,
1177 2145 1205 2193 ut
1220 2137 1342 2194 soliditas
1366 2138 1446 2194 totius
1468 2137 1582 2194 civitatis
1606 2145 1723 2205 notetur,
1744 2145 1772 2194 et

151 2228 353 2294 Fundamenta
370 2229 440 2298 ejus.
460 2224 564 2280 Titulus
591 2226 671 2281 Filitc
701 2225 766 2282 dore
789 2226 919 2298 psalmus
969 2225 1046 2297 quasi
1062 2225 1123 2297 quis
1137 2234 1281 2296 quaereret,
1299 2227 1376 2296 cujus
1398 2228 1456 2298 ejus
1480 2225 1655 2284 fundamenta
1674 2226 1771 2284 dicis?

113 2316 236 2372 cantici.
252 2314 348 2387 lang,
358 2311 445 2386 Hier]
457 2313 578 2370 Psalmus
588 2313 639 2369 iste
648 2313 739 2370 brevis
749 2319 790 2368 est
804 2329 919 2370 numero
969 2313 1015 2382 ait,
1033 2313 1107 2369 Sion.
1121 2315 1154 2368 Et
1168 2315 1304 2370 Dorninus
1318 2315 1413 2385 diligit
1426 2319 1525 2387 portua
1537 2315 1596 2384 ejus
1607 2317 1685 2372 Sion.
1695 2315 1769 2370 idern

112 2405 273 2471 uerborum,
291 2417 407 2475 magnus
421 2403 544 2474 pondere
559 2402 764 2470 sententiarum,
793 2401 839 2474 qui
862 2402 919 2476 agit
969 2409 1031 2457 suut
1054 2409 1140 2472 portae
1159 2402 1250 2472 quiet
1269 2401 1456 2458 fundamenta.
1475 2402 1569 2476 Diligit
1594 2401 1656 2458 dico
1684 2417 1769 2474 cuper

112 2493 147 2548 de
163 2491 270 2548 coelesti
287 2491 449 2559 Jerusalem,
466 2489 494 2546 id
509 2498 551 2546 εει
564 2490 701 2560 Ecclesia,
718 2506 779 2562 quae
793 2498 834 2546 εει
849 2489 918 2546 civi-
968 2491 1073 2556 omnin
1089 2489 1260 2563 imaginaria,
1274 2491 1458 2548 tabernaculo
1469 2491 1564 2550 Jacob.
1581 2489 1667 2560 Quasi
1675 2489 1768 2547 dicat:

111 2589 156 2636 tas
180 2579 337 2652 spiritualis,
359 2580 437 2649 cujus
465 2595 531 2651 pars
552 2579 649 2635 militat
678 2577 819 2645 interris,
852 2593 918 2651 pars
968 2579 1062 2650 Diligit
1076 2578 1213 2635 civitatem
1229 2579 1406 2650 spiritualem,
1426 2595 1508 2652 super
1527 2578 1572 2634 illa
1587 2579 1771 2651 vquihusprte·

113 2668 309 2740 triumphalia
324 2668 411 2734 coelis,
427 2684 509 2740 quam
523 2667 574 2723 iste
588 2667 711 2739 psalmus
734 2667 916 2736 commendat,
970 2667 1140 2739 signabatur.
1158 2667 1264 2724 Deinde
1279 2669 1403 2740 sequitur
1416 2668 1476 2724 laus
1490 2669 1524 2725 de
1539 2667 1621 2734 lama,
1636 2683 1653 2723 0

116 2756 272 2813 secundum
299 2764 464 2828 presentem
493 2763 593 2810 statum
620 2762 646 2811 et
675 2755 805 2811 futurum.
839 2755 917 2812 Unde
1004 2757 1089 2813 Vsus.
1105 2759 1132 2814 2.
1148 2783 1183 2796 —
1200 2778 1212 2804 ι
1231 2755 1356 2813 Gloriosa
1371 2757 1443 2813 dicta
1466 2765 1527 2812 sunt
1551 2756 1586 2826 de
1612 2764 1648 2820 te.
1674 2755 1770 2814 civitas

113 2854 233 2916 utroque
247 2845 275 2900 in
287 2844 366 2900 titulo
379 2844 525 2917 apponitur
538 2863 548 2900 .·
562 2845 693 2901 Ριαὶηιιιι
708 2847 736 2900 et
747 2844 865 2900 cantici.
883 2843 917 2899 Et
971 2865 982 2896 ι
999 2845 1060 2902 Dei.
1079 2866 1090 2896 ι

115 2943 156 2990 εει
171 2949 271 2989 sensus
287 2951 295 2987 ι
311 2933 502 2990 Psalmusiste
517 2933 562 3005 qrri
576 2933 675 2990 dicitur
696 2931 829 3004 psalmus,
853 2933 918 3005 quia
1005 2935 1109 2991 dicitur
1123 2936 1175 2992 Dei
1185 2935 1306 3007 gloriosa
1320 2938 1388 2991 sunt
1403 2935 1483 2992 dicta
1497 2933 1530 2990 de
1541 2938 1578 3001 te,
1603 2932 1698 3006 [ιιιιιιΗ
1718 2930 1768 2988 Al·

114 3022 173 3097 agit
188 3023 223 3078 de
238 3020 362 3078 Ecclesia
378 3021 529 3078 secundum
551 3029 714 3092 praesentem
737 3028 846 3088 statum,
871 3021 915 3075 ubi
967 3022 1052 3095 cuin]
1066 3024 1139 3094 quod
1154 3039 1207 3079 uon
1223 3023 1257 3079 de
1272 3023 1319 3078 illa
1342 3022 1460 3096 figurali,
1487 3039 1547 3094 quae
1570 3021 1677 3079 cecidit.
1704 3021 1769 3076 llaec

113 3110 170 3183 agit
185 3126 270 3182 opera
278 3111 387 3168 cantici
396 3109 458 3183 quia
478 3109 534 3184 agit
544 3109 579 3165 de
598 3109 693 3165 eadem
705 3109 856 3166 secundum
874 3109 932 3164 ιιι·Δ
968 3119 1031 3166 sunt
1045 3111 1089 3167 illa
1107 3129 1168 3184 quae
1182 3111 1314 3168 Dominus
1336 3127 1387 3182 per
1408 3110 1556 3183 prophetas
1579 3109 1614 3166 de
1638 3125 1671 3166 ea
1692 3125 1767 3180 prra-

115 3207 206 3255 turunt
229 3206 338 3266 statum,
368 3199 415 3254 ubi
439 3198 564 3256 exsultat.
599 3197 744 3271 [Cassiod.,
778 3197 821 3253 Gl.
854 3197 914 3265 int,
968 3199 1043 3256 dixit.
1108 3223 1113 3232 ·

113 3287 198 3361 Aug]
213 3289 270 3344 lloc
285 3287 348 3344 ideo
362 3287 446 3355 addit,
464 3295 493 3342 ut
507 3287 541 3344 de
556 3285 692 3356 saeculari,
716 3287 745 3342 id
768 3294 818 3354 est,
841 3285 916 3342 mili·
1002 3289 1086 3344 Pars.
1102 3304 1132 3344 ιι.
1149 3291 1234 3345 Vnus.
1251 3293 1277 3345 3.
1289 3317 1324 3330 -
1341 3311 1352 3336 ι
1368 3289 1534 3345 Memorem
1548 3286 1625 3344 llaah
1638 3293 1666 3343 ει
1679 3285 1764 3357 Baby,

114 3377 181 3432 tanti
197 3374 359 3445 Jerusalem,
376 3376 411 3431 ad
425 3375 631 3448 intelligentiam
647 3391 773 3447 supemae
787 3375 913 3442 eleveris,
933 3397 982 3461 Cu
1000 3376 1070 3434 lonis
1084 3377 1226 3434 scientium
1241 3393 1295 3434 me.
1314 3398 1326 3428 ι

116 3465 223 3522 scilicet
237 3465 272 3521 dc
287 3465 394 3522 actione
408 3465 444 3520 ad
466 3464 616 3521 theoricam
639 3463 808 3536 proponitur.
834 3466 916 3522 Filita
1003 3467 1105 3524 Memor
1120 3483 1177 3524 ero.
1195 3466 1340 3540 [Cassiod.,
1367 3465 1450 3540 Aug]
1473 3466 1601 3523 Secunda
1624 3481 1698 3537 pars,
1719 3466 1767 3522 uhi

117 3556 222 3612 Gorcut
236 3553 400 3610 habitantia
416 3553 490 3610 Sion.
507 3553 557 3610 ilic
571 3569 620 3625 per
644 3552 745 3621 fidem;
767 3553 794 3608 in
816 3553 914 3620 futuro,
968 3555 1100 3611 Dominus
1113 3554 1173 3626 ipsc
1186 3555 1222 3611 de
1236 3555 1332 3611 eadem
1345 3555 1498 3610 Jerusalem
1512 3554 1579 3626 agit,
1598 3559 1625 3610 et
1648 3554 1766 3610 ostendit

115 3659 165 3716 per
180 3642 311 3716 speciem.
327 3643 393 3698 Pars
416 3642 493 3712 cujus
516 3642 544 3697 in
567 3641 637 3699 coelo
659 3642 827 3714 triumphat3
851 3657 916 3714 pars
967 3660 1029 3716 quae
1043 3643 1097 3698 sint
1110 3643 1155 3699 illa
1170 3643 1304 3717 gloriosa.
1324 3645 1389 3700 Erec
1404 3650 1467 3698 sunt
1480 3642 1551 3698 illa:
1573 3644 1602 3698 ln
1625 3642 1674 3699 ‘dle
1696 3642 1766 3702 civi·

113 3733 140 3788 in
154 3732 237 3789 terris
251 3731 361 3788 militat.
380 3731 519 3788 intentio:
542 3732 633 3788 Monet
656 3731 690 3786 ad
714 3747 835 3787 amorem
857 3745 916 3787 coe-
967 3739 1030 3798 tate,
1046 3731 1133 3804 inquit
1148 3733 1282 3803 Propheta
1303 3748 1336 3787 ex
1360 3745 1480 3802 persona
1503 3731 1563 3798 Dei,
1588 3747 1696 3788 memor
1719 3747 1767 3788 ero

110 3821 187 3878 lestis
209 3820 372 3878 Jerusalem.
397 3820 517 3876 Modus:
542 3819 705 3893 Tripartitus
726 3826 768 3876 est
782 3819 914 3892 psalmus.
966 3822 1040 3877 Rnah
1055 3821 1252 3893 etBahylonic,
1269 3835 1330 3892 quae
1342 3835 1398 3874 non
1420 3819 1555 3890 pertinent
1576 3819 1611 3874 ad
1633 3819 1764 3891 populum

113 3909 261 3984 [Cassiod]
276 3907 366 3966 Primo
377 3910 513 3982 Propheta
527 3909 658 3981 praedicat
673 3907 811 3965 coelestem
836 3908 915 3964 Jeru·
965 3908 1132 3964 Judaeorum.
1149 3909 1223 3965 Raab
1240 3909 1312 3964 enim
1327 3908 1456 3964 meretrix
1471 3906 1521 3962 luit
1536 3904 1765 3979 instinctuque

114 3999 199 4054 salem
214 3997 278 4053 liliis
292 3999 372 4066 Cora,
388 4014 471 4070 quam
486 3997 657 4055 commendat
672 4013 721 4070 per
738 3997 915 4054 fundamenta
966 3997 1084 4069 suscepit
1099 3997 1285 4070 exploratores
1300 4013 1314 4052 a
1327 3998 1410 4053 Josue
1426 3995 1536 4062 missos,
1558 4003 1585 4052 et
1603 4011 1666 4052 com
1688 4013 1764 4068 quar·

114 4091 140 4140 et
153 4091 251 4155 portas
266 4089 292 4138 ει
316 4082 417 4138 famam
435 4089 465 4137 ιιι
488 4083 528 4138 eis
553 4089 687 4156 augeatur
710 4080 832 4138 affectus.
862 4083 913 4138 Se·
965 4095 1089 4142 rorantur
1116 4087 1258 4143 abscondit
1283 4093 1309 4142 et
1332 4085 1383 4140 alia
1406 4085 1449 4141 via
1468 4085 1571 4154 ejecit:
1596 4084 1640 4142 cui
1663 4085 1764 4142 dictum

113 4172 204 4229 cundo
219 4171 278 4244 ipse
293 4171 426 4227 Dominus
441 4171 497 4244 agit
512 4171 545 4227 de
561 4171 659 4227 cadem
679 4170 839 4238 Jerusalem,
863 4169 912 4238 ibi,
965 4183 1049 4230 estut
1072 4176 1213 4232 coccinum
1237 4191 1287 4246 per
1314 4174 1463 4230 fenestram
1489 4175 1633 4245 emitteret,
1654 4175 1763 4248 quando

111 4277 219 4318 memor
229 4277 286 4317 ero.
301 4261 390 4316 Tertio
401 4260 486 4333 tangit
501 4259 535 4315 de
550 4259 640 4315 lutura
663 4259 838 4326 beatitudine,
865 4259 913 4325 ibi,
964 4263 1060 4320 civitas
1075 4272 1221 4336 caperetur
1235 4265 1327 4334 (Josue
1343 4265 1385 4335 ιι).
1401 4263 1462 4332 Quo
1482 4263 1561 4336 signo
1585 4265 1683 4322 domus
1705 4265 1764 4335 ejus

5 4425 7 4430 Ι
112 4351 187 4407 sicut
198 4349 372 4405 tutantium.
389 4346 483 4421 [aug]
499 4349 633 4419 Pmpheta
648 4363 714 4421 ergo
728 4347 826 4418 plenus
850 4346 913 4418 Spi·
964 4367 981 4407 a
994 4353 1141 4410 victoribus
1156 4360 1380 4426 cognosceretur,
1397 4362 1423 4407 ει
1438 4353 1477 4408 sie
1492 4354 1642 4410 salvaretur
1658 4370 1664 4408 :
1690 4353 1763 4426 quod

113 4439 165 4493 ritu
182 4445 285 4499 sancto,
302 4436 387 4492 multa
401 4437 514 4493 volvens
528 4436 599 4507 apud
621 4453 651 4492 se
674 4436 709 4491 de
732 4436 784 4492 hac
806 4435 913 4491 civitate
964 4440 1001 4496 ita
1015 4440 1087 4508 lecit,
1105 4441 1182 4497 etsie
1197 4441 1298 4498 salvata
1313 4449 1354 4497 est
1369 4441 1430 4513 ipsa
1452 4450 1478 4496 ct
1500 4442 1599 4497 domus
1621 4441 1688 4511 ejus.
1713 4442 1764 4497 Per

111 4527 145 4582 de
161 4541 217 4598 qua
230 4525 297 4581 nihil
310 4526 397 4582 adhuc
411 4525 516 4580 dixerat
535 4525 666 4597 psalmus,
691 4525 720 4579 in
742 4525 794 4581 hoc
819 4539 913 4580 erum-
964 4546 1044 4604 quam
1067 4529 1198 4603 figuratur
1223 4530 1346 4587 Ecclesia
1367 4529 1498 4601 gentium,
1529 4546 1589 4601 quae
1621 4529 1762 4586 coccinum

113 4614 177 4686 pit:
963 4619 1044 4674 habet
1058 4619 1086 4674 in
1100 4618 1229 4686 fenestra,
1252 4619 1279 4673 id
1302 4627 1343 4674 est
1361 4618 1470 4690 signum
1494 4618 1636 4690 sanguinis
1661 4618 1762 4674 Christi

147 4711 234 4766 Vens.
252 4713 319 4766 l.—
332 4731 343 4762 ι
361 4710 547 4766 Fundamenta
562 4711 619 4780 ejus
640 4710 669 4765 in
691 4708 829 4766 montibus
850 4727 912 4765 san·
925 4755 952 4816 D
963 4708 1044 4763 habet
1058 4709 1086 4764 in
1100 4707 1197 4764 fronte.
1213 4707 1290 4764 Unde
1306 4705 1450 4763 Pharisaeis
1465 4707 1684 4778 superbientibus
1703 4709 1761 4764 Do·

113 4823 124 4850 «
142 4799 217 4855 ctis:
244 4798 331 4870 diligit
352 4800 485 4854 Dominus
508 4806 602 4870 portas
626 4798 691 4855 Sion
714 4814 795 4870 super
819 4799 911 4854 omnia
962 4796 1051 4852 minus
1066 4796 1131 4852 dicit
1148 4814 1154 4851 :
1170 4797 1319 4853 Publiceni
1333 4800 1362 4852 et
1373 4797 1537 4853 meretrices
1543 4795 1761 4868 procedentem

113 4913 124 4934 u
143 4886 320 4944 tabernacula
336 4888 459 4944 Jacob.»
962 4888 993 4941 in
1017 4902 1136 4958 regnunt
1160 4885 1294 4941 calorum
1313 4883 1426 4956 (llottlt.
1448 4885 1521 4957 ιιι).
1552 4885 1647 4958 [Ηίει.,
1677 4889 1759 4958 Aug„

146 4976 345 5032 Fundamenta
358 4978 428 5049 ejus.
449 4975 543 5049 [hug]
564 4977 626 5032 Non
648 4974 766 5031 refertur
784 4975 851 5044 ejus,
877 4975 912 5031 ad
962 4973 1071 5047 lisym]
1082 4975 1160 5030 Juxta
1170 4990 1278 5046 quoque
1290 4973 1407 5029 nominis
1417 4973 1670 5045 interpretationem
1687 4973 1761 5030 idem

110 5064 212 5137 aliquid
227 5065 411 5135 praemissum,
427 5064 476 5121 sed
490 5065 525 5120 ad
540 5065 631 5121 cordis
641 5064 784 5136 Prophetae
794 5063 911 5119 medita-
962 5061 1141 5134 significatur.
1150 5062 1226 5119 Raab
1239 5061 1312 5118 enirn
1321 5061 1512 5133 interpretatur
1523 5061 1646 5120 latitudo
1656 5063 1761 5120 velinn-

109 5155 220 5220 tionem,
238 5153 285 5226 qui
300 5170 438 5226 nunquam
453 5155 487 5210 de
511 5153 560 5208 illa
583 5153 664 5209 corde
688 5159 815 5220 tacuerat,
840 5159 867 5208 et
888 5153 911 5208 si
958 5155 1051 5224 petas.
1063 5151 1110 5206 liae
1121 5159 1183 5205 sunt
1191 5159 1288 5224 gentes
1297 5167 1357 5222 quaa
1365 5149 1419 5208 late
1430 5159 1455 5206 et
1465 5151 1616 5222 impetuose
1626 5159 1761 5228 vagantur

109 5259 157 5299 ore
171 5244 203 5298 in
213 5244 354 5300 montibus
365 5244 475 5300 sanctis
486 5251 548 5298 sunt
563 5241 591 5297 in
605 5242 754 5314 prophetis,
766 5241 907 5313 apostolis,
959 5239 1220 5311 pernitia.¹Bahylon
1233 5245 1322 5295 autem
1333 5236 1430 5296 civitas
1446 5247 1487 5294 est
1504 5240 1651 5296 secundum
1669 5256 1760 5298 saecu·

108 5333 168 5402 ipso
183 5347 290 5387 summo
305 5329 433 5404 angulari
446 5331 537 5402 lapide
550 5330 657 5387 Christo
668 5330 731 5386 Jesu
741 5330 853 5404 (Epiros.
865 5330 908 5401 u),
960 5328 1024 5394 lom,
1042 5328 1077 5384 ad
1092 5344 1173 5400 quarn
1188 5327 1324 5399 pertinent
1338 5343 1435 5383 omnes
1449 5327 1523 5396 mali,
1540 5335 1569 5383 ut
1588 5330 1622 5384 ad
1645 5330 1758 5386 Jerusa-

110 5419 156 5492 qui
170 5419 244 5476 solus
258 5426 301 5476 est
314 5419 522 5476 fundamentum
537 5420 610 5492 quod
631 5433 712 5475 nemo
735 5425 825 5490 potest
846 5435 909 5474 mu-
959 5415 1013 5472 lem
1028 5432 1123 5472 omnes
1137 5414 1233 5471 sancti.
1250 5413 1333 5484 Quasi
1349 5415 1419 5472 dicat
1436 5416 1584 5472 :Gloriosa
1603 5417 1674 5475 dicta
1696 5426 1759 5474 sunt

111 5516 169 5565 tare
182 5508 208 5580 (J
217 5508 278 5566 cor.
290 5509 343 5580 ιιι).
359 5507 504 5581 [Cassiod.,
525 5507 609 5581 Aug]
631 5507 704 5565 Ecce
727 5507 803 5580 prior
815 5506 874 5562 laus
894 5523 910 5562 a
960 5504 995 5560 de
1011 5511 1047 5572 te,
1065 5504 1160 5561 civitas
1176 5511 1278 5573 senen,
1296 5504 1342 5558 uhi
1357 5519 1413 5560 non
1427 5504 1501 5561 solus
1524 5513 1565 5561 est
1585 5505 1694 5562 Judaeus
1709 5507 1759 5564 sed
