3938 6068
177 263 228 315 973
599 261 880 320 commentantem
905 261 940 316 IN
969 259 1136 318 PSthiOS.
1166 293 1200 304 -
1225 264 1318 320 esst.
1335 267 1402 322 cvl.
1775 273 1828 327 i'll

182 399 243 456 quse
262 384 290 439 in
314 383 489 456 sequentibus
512 383 727 440 describuntur:
751 386 785 441 de
807 385 906 458 quibus
929 385 1095 456 perAquia
1109 394 1135 442 et
1149 385 1178 440 in
1196 385 1308 460 reliquis
1322 389 1514 467 tentationibus
1535 392 1579 447 tric
1600 393 1669 448 ordo
1693 402 1826 461 servatur,

181 487 232 527 nos
247 471 358 527 liberari
372 487 426 527 non
439 472 572 529 valemus.
589 473 714 528 Intentio.
740 475 830 529 blonet
854 473 889 528 ad
910 489 978 530 oon-

181 559 339 616 sessionem.

214 649 321 704 ltlodus.
337 647 483 725 [Cassiod.,
498 649 581 722 hug]
596 649 706 722 Septem
727 658 789 706 sunt
809 651 977 722 partitiones.

180 735 271 793 Primo
285 744 378 793 monet
390 737 545 810 redemptos
559 737 693 794 conliteri.
719 739 846 794 Secundo
869 739 980 810 ponitur

179 826 268 897 prima
282 825 403 891 tentatio,
420 841 480 898 quae
495 835 538 882 est
551 841 638 892 error,
656 827 701 880 ubi
717 835 759 881 est
771 835 798 882 et
812 826 908 894 sames,
931 827 978 893 ibi,

1028 473 1104 544 prius
1118 481 1159 530 est
1172 475 1365 531 tentationibus
1379 477 1520 548 expositio,
1537 488 1598 549 post
1613 480 1718 538 clamor
1732 480 1831 538 libera·

1029 561 1128 629 tionis3
1154 563 1250 630 tertio,
1283 565 1420 620 exauditio
1452 566 1600 633 clamoris;
1633 577 1743 641 quarto,
1777 585 1829 640 pro

1029 651 1200 707 exauditione
1226 652 1374 719 consessio,
1390 653 1474 708 idest
1494 653 1621 722 laudatio,
1646 657 1724 727 quasi
1748 657 1829 714 rede·

1029 737 1088 805 mit,
1105 741 1293 812 congregavit,
1310 742 1384 812 quod
1398 758 1511 798 necesse
1527 751 1594 810 erat,
1618 744 1691 815 quia,
1716 761 1829 800 errave—

1029 833 1102 892 runt,
1127 842 1181 883 non
1204 827 1336 884 hahentes
1367 829 1438 884 viam
1458 829 1587 886 veritatis.
1611 831 1666 902 lpsi
1689 831 1750 888 dico
1774 832 1832 888 exi·

179 919 359 971 emanarunt.
375 913 466 970 Tertio
480 915 590 986 ponitur
600 915 718 971 secunda
728 915 850 981 tentatio,
863 931 924 987 quae
939 923 980 970 est
1030 921 1141 982 stentes,
1158 917 1190 970 in
1205 917 1369 984 solitudine,
1386 917 1413 972 id
1428 926 1469 973 est
1484 918 1543 974 sine
1567 919 1636 986 Deo,
1662 927 1689 975 et
1712 920 1743 976 in
1763 921 1830 976 iuu-

179 1001 321 1059 diffieultas
336 1002 533 1060 vincendarum
548 1002 837 1074 concupiscentiarum,
855 1003 910 1074 ibi,
934 1021 980 1060 se·
1028 1019 1121 1076 quoae,
1138 1003 1231 1078 theg,
1257 1004 1394 1079 Cassiod]
1408 1005 1436 1060 id
1461 1014 1503 1062 est
1526 1007 1584 1063 sine
1605 1023 1671 1064 vera
1693 1008 1828 1076 doctrina,

179 1091 277 1148 dentes
289 1093 320 1148 iu
336 1091 468 1148 tenebris.
492 1089 595 1160 Quarto
620 1091 731 1163 ponitur
754 1092 832 1148 tertia
857 1093 977 1160 tentatio,
1030 1091 1092 1162 quia
1106 1108 1165 1147 nou
1179 1093 1352 1150 inuenerunt
1367 1095 1451 1160 viane
1469 1102 1586 1167 quaeest
1602 1095 1735 1152 Christus.
1753 1097 1832 1152 Viam

178 1196 239 1252 quae
254 1187 295 1236 est
310 1179 417 1236 taedium
441 1179 640 1244 benefaciendi,
663 1179 710 1246 ibi,
739 1197 851 1242 omnem
875 1197 977 1236 eseam.
1029 1179 1102 1245 dieo,
1117 1181 1245 1236 ciuitatis
1261 1181 1426 1250 habitaculi,
1442 1183 1469 1238 id
1484 1193 1525 1239 est
1548 1202 1609 1256 quae
1622 1185 1696 1242 ducit
1711 1186 1745 1240 ad
1761 1185 1831 1242 eivi-

179 1265 281 1336 Quinto
294 1267 404 1339 ponitur
418 1275 516 1339 quarta
531 1267 653 1330 tentatio,
680 1284 742 1340 quae
765 1276 807 1322 est
831 1275 980 1339 tempestas
1029 1273 1112 1324 tutem
1126 1285 1284 1339 supernam,
1299 1270 1394 1344 [hug]
1409 1270 1514 1328 seilicet
1533 1273 1699 1344 Jerusalem,
1725 1274 1753 1328 in
1778 1291 1831 1347 qua

178 1355 281 1417 saectdi,
297 1356 423 1428 quatiens
437 1355 599 1427 Eccelsiam,
626 1355 740 1411 turbans
767 1365 911 1423 rectorem,
929 1355 978 1422 ibi,
1029 1356 1207 1413 habitandum
1232 1368 1282 1414 est.
1308 1359 1353 1416 Sic
1376 1367 1546 1416 erraverunt.
1569 1362 1604 1416 Et
1624 1369 1725 1432 praeter
1749 1378 1830 1419 erro-

177 1446 225 1518 qui
239 1445 422 1500 descendunt.
439 1445 521 1500 Sexto
536 1444 740 1500 commendatur
763 1445 895 1513 Ecclesia,
919 1461 979 1517 quae
1030 1459 1099 1513 rem,
1117 1455 1176 1500 erat
1190 1446 1230 1502 eis
1244 1447 1346 1519 inopia,
1362 1448 1426 1520 quia
1441 1448 1493 1520 ipsi
1508 1457 1583 1504 erant

177 1533 358 1606 pergratiam
372 1533 422 1588 Dei
437 1533 510 1588 salva
527 1533 597 1588 lacta
612 1541 664 1600 est,
676 1532 722 1598 ibi,
736 1535 829 1605 posuit
844 1534 976 1602 [luminu.
1065 1551 1150 1608 vm,
1167 1554 1193 1608 5·
1210 1583 1245 1593 ..
1261 1579 1272 1604 .
1288 1554 1446 1610 Esuriens&
1461 1563 1488 1610 02
1502 1555 1640 1622 sagense„
1666 1557 1757 1613 anima
1779 1575 1829 1614 00.

178 1621 300 1692 Septimo
314 1621 371 1694 agit
385 1621 419 1676 de
439 1620 582 1686 haereticis,
600 1621 697 1691 quibus
721 1621 867 1677 destructis
891 1620 978 1693 erigi-
1031 1660 1042 1686 ,.
1060 1655 1120 1694 rum
1135 1639 1162 1694 i„
1178 1639 1244 1712 ipsis
1258 1641 1365 1698 defecit·
1384 1663 1395 1694 ,

178 1717 224 1764 ‘¹1¹'
236 1710 368 1778 Eflsslesiax
385 1709 434 1776 ibi,
450 1713 478 1765 et
484 1712 570 1782 latii
580 1710 653 1780 simii
663 1712 742 1764 Wil-
753 1711 831 1766 1¹¹¹ssss
841 1709 975 1781 Pssilfflum
989 1735 1016 1796 Β
1062 1729 1227 1786 Esurientes
1243 1733 1272 1786 et
1283 1732 1424 1798 sitientes,
1438 1731 1585 1806 [Cassiod]
1600 1733 1663 1806 quia
1678 1743 1755 1790 erant
1770 1735 1829 1791 sine

177 1798 294 1869 parlim?
308 1800 380 1869 ¹¹⁰8·
404 1805 433 1853 ¹¹²
458 1797 575 1852 diiifflus
588 1798 673 1869 (¹¹¹5i·
695 1797 772 1854 Unde
795 1798 976 1854 ⁰⁸⁸⁸i⁰d⁰fl¹⁸
1026 1815 1110 1871 verbo
1125 1815 1178 1872 cibi
1193 1817 1252 1884 Dei,
1270 1825 1295 1873 et
1310 1827 1374 1889 potu
1386 1820 1490 1892 gratiae.
1508 1821 1560 1876 Per
1574 1822 1626 1877 hoc
1644 1830 1732 1878 autem
1755 1823 1829 1894 quod

178 1885 294 1984 dicitlse
321 1886 423 1942 babere
447 1885 635 1942 auctoritatem
656 1885 741 1984 3¹¹⁰?
756 1886 877 1984 psalmos
905 1885 976 1942 divi·
1027 1903 1092 1960 dicit
1108 1905 1259 1960 esurientes
1274 1914 1301 1962 gt
1321 1907 1453 1976 sitientes,
1479 1909 1601 1965 curiosos
1625 1910 1718 1966 mun
1741 1911 1829 1984 gigni.

177 1973 977 2073 dessdl·Hunc2³11]sssspsalmulssfllstflfffliiffllillli·[Auis]
1027 1990 1100 2060 fleat,
1128 1993 1174 2065 qui
1199 1994 1340 2050 veritatem
1366 1995 1482 2051 diversis
1504 1997 1678 2068 opinionibus
1701 1999 1830 2071 exquire-

177 2063 314 2134 PfOPh‘iii
328 2078 396 2136 er8⁰
410 2063 650 2119 fflmmffldffllffus
664 2063 879 2118 m¹⁸⁰s¹⁰⁰id¹³m
908 2063 976 2128 ⁰0¹»
1026 2078 1103 2148 bant,
1120 2097 1172 2137 nec
1186 2081 1361 2140 inveniebant
1377 2102 1383 2140 ε
1399 2083 1464 2141 ideo
1478 2088 1577 2142 auimo
1592 2103 1688 2144 aarum
1699 2088 1829 2158 deserite

176 2151 211 2206 de
227 2159 343 2222 quatuor
355 2151 549 2206 tentationibus
562 2150 712 2217 liberantis,
733 2150 808 2222 prius
832 2166 928 2206 omnes
942 2149 977 2204 sr-
1026 2167 1099 2224 bono
1113 2168 1242 2226 interiori·
1269 2171 1363 2244 tang,
1386 2173 1493 2244 ΗΜ..
1510 2173 1596 2247 hug]
1620 2175 1656 2230 Ep
1679 2175 1730 2230 hoe
1753 2175 1826 2242 ideo,

177 2239 254 2294 deles
268 2247 362 2296 ¹11⁰¹1et
377 2240 412 2294 ad
426 2237 636 2304 ⁰0¹¹s0⁵⁵i⁰¹¹⁰¹ffl
653 2239 748 2295 dicens
765 2255 771 2292 ²
1027 2235 1090 2325 guia
1104 2258 1213 2323 mansit,
1229 2259 1261 2313 in
1276 2259 1356 2331 ipsis,
1371 2261 1398 2316 id
1423 2269 1463 2316 est
1487 2261 1551 2334 quia
1571 2278 1626 2317 non
1648 2279 1678 2318 εε
1700 2262 1827 2331 excessit,

213 2355 299 2409 unns,
318 2357 421 2408 1,...
439 2352 610 2410 eonfitemint
636 2353 752 2409 Domino
777 2353 902 2425 quonjam
928 2354 977 2409 bo.
1007 2343 1075 2398 ·sed
1090 2360 1121 2400 se
1135 2345 1186 2400 sibi
1202 2345 1324 2403 sufficere
1339 2349 1451 2419 putavit.
1477 2351 1547 2404 Nota
1571 2350 1642 2422 quod
1668 2366 1731 2406 curn
1751 2351 1826 2416 dicit,

179 2465 190 2492 ι
208 2459 269 2507 nus,
287 2443 417 2514 quoniam
430 2443 459 2496 in
473 2442 601 2498 saeculum
614 2441 801 2498 misericordia
816 2442 882 2510 ejus.
902 2463 913 2492 s
1027 2431 1118 2488 anima
1133 2433 1160 2487 in
1174 2433 1242 2504 ipsis
1257 2435 1365 2502 deiecit,
1392 2453 1447 2492 non
1461 2437 1613 2494 ostenditur
1630 2439 1684 2494 Dei
1709 2438 1827 2496 crudeli-

214 2549 395 2618 Confiteruini
409 2550 536 2617 homino,
559 2547 707 2622 [Cassiod]
734 2555 849 2620 utroque
874 2548 977 2604 scilicet

175 2638 258 2693 modo
272 2645 384 2708 peccata
399 2643 425 2692 et
438 2636 543 2692 laudes.
559 2637 617 2692 Hoc
639 2636 733 2707 nequit
753 2636 853 2707 optime
874 2635 974 2702 lacere,

176 2726 293 2798 quinon
308 2724 436 2798 gustavit.
452 2724 547 2798 [hug]
562 2725 640 2780 Unde
654 2724 718 2779 alibi
734 2741 741 2780 :
761 2726 875 2781 tutata
890 2729 918 2780 et
932 2727 977 2784 vl-

175 2811 978 2886 dete,qu0niurnsuuvlsestllominusll’sol.xxxru'JCon-

175 2901 290 2957 fitemini
304 2902 376 2968 dieo,
402 2902 525 2958 dieentes
550 2901 625 2957 hoc:
653 2901 792 2969 Quoniam
819 2902 907 2957 bonus
935 2909 977 2956 εει

174 2990 319 3056 Dominus,
335 2990 363 3045 id
379 2998 423 3045 εει
440 2990 512 3061 quod
527 2989 618 3044 suavis
633 2997 684 3054 est,
701 2997 727 3044 et
741 3005 818 3056 vere,
843 2990 976 3060 quonium

1026 2528 1077 2586 tas,
1094 2519 1143 2575 sed
1156 2532 1324 2578 monstratur
1339 2526 1475 2596 quomodo
1491 2541 1520 2582 se
1544 2526 1717 2582 commendat
1741 2528 1825 2594 Deus,

1026 2607 1053 2662 id
1069 2617 1110 2665 est
1123 2611 1369 2668 commendabilem
1383 2613 1502 2670 ostendit
1524 2631 1564 2678 se,
1589 2614 1749 2686 permittens
1772 2616 1825 2672 ho-

1026 2695 1128 2753 minem
1156 2696 1283 2764 delicere,
1324 2701 1397 2774 quod
1425 2701 1505 2758 nobis
1531 2703 1657 2774 expedit‚·
1685 2702 1826 2762 deficimus

1026 2785 1097 2841 enirn
1112 2794 1141 2842 ut
1156 2802 1296 2861 rogemus,
1313 2797 1340 2846 et
1363 2799 1392 2846 ut
1410 2790 1615 2847 subvenientem
1635 2807 1767 2848 amemus.
1793 2792 1828 2848 Et

1026 2872 1088 2930 ideo
1103 2884 1165 2945 post
1180 2876 1252 2934 hunc
1270 2893 1399 2949 errorem,
1430 2887 1456 2934 et
1480 2877 1580 2935 samem
1601 2887 1628 2935 et
1651 2879 1733 2946 sitim,
1758 2877 1826 2936 sub-

1025 2961 1099 3016 ditur
1116 2981 1123 3017 ε

175 3078 371 3154 inisericordiu
388 3080 449 3150 ejus
464 3085 505 3134 est
524 3079 555 3133 tu
568 3079 714 3146 saeculum,
727 3075 846 3150 [haym]
857 3076 885 3133 id
895 3084 935 3132 est
945 3076 972 3131 in
988 3083 1011 3144 0
1061 3068 1146 3122 Vsstts·
1163 3073 1188 3124 6.
1206 3099 1240 3110 -
1257 3094 1267 3118 t
1285 3073 1321 3126 Et
1335 3071 1521 3128 clamaverunt
1539 3074 1574 3128 ad
1595 3073 1741 3129 Dominum
1763 3089 1824 3130 eum

174 3174 316 3235 aeternum,
333 3174 359 3222 et
374 3165 448 3244 quod
463 3166 525 3222 dico
539 3165 574 3222 de
595 3163 782 3220 misericordia
797 3164 865 3232 eius.

210 3283 296 3338 Vaas.
312 3285 339 3339 ι.
356 3303 417 3332 -a
450 3282 547 3337 Dicunt
570 3297 642 3337 nunc
657 3296 752 3336 omnes
780 3280 826 3352 qui
842 3279 975 3351 redempti

173 3392 185 3422 a
205 3379 294 3426 sunta
309 3370 444 3438 Domiuo;
461 3384 530 3441 quos
557 3369 672 3427 redemit
696 3371 730 3425 de
755 3383 839 3424 manu
853 3367 972 3435 inimici,

171 3481 183 3510 ι
201 3460 236 3515 de
251 3459 411 3532 regionibus
424 3459 613 3531 congregavit,
640 3473 698 3514 eos.
717 3479 728 3508 s

207 3550 313 3606 Dicunt
327 3563 405 3603 nunc
420 3563 517 3602 omues
527 3548 809 3619 quiredernptisunt,
825 3545 973 3619 [Cassiod]

172 3636 306 3708 sanguine
322 3635 430 3705 Christi,
446 3653 464 3691 n
480 3637 605 3700 Domino,
618 3635 712 3708 [hug]
726 3652 792 3709 quos
807 3636 927 3692 redemit
941 3633 974 3691 cle

171 3741 263 3782 mauu
282 3725 404 3790 inimici,
420 3725 448 3780 id
462 3731 504 3779 εει
513 3723 624 3791 diaboli,
641 3724 675 3779 de
686 3722 845 3795 ropionibus
859 3739 974 3796 emigre-

171 3815 250 3885 gouit
264 3831 319 3878 eos,
344 3813 475 3884 paulatim
496 3829 551 3868 non
574 3828 669 3868 omnes
693 3812 773 3868 simul
797 3812 975 3884 congregavit

171 3902 201 3957 in
228 3919 311 3958 unam
338 3901 483 3966 civitatem,
514 3899 662 3973 [Cassiod]
675 3898 703 3954 in
732 3917 815 3956 unum
843 3899 975 3972 populum

170 3991 232 4058 Dei,
249 3989 295 4062 qai
309 3990 386 4061 prius
400 4006 450 4061 per
470 4005 531 4044 aras
554 3997 580 4044 et
601 3989 679 4045 lucos
703 3989 856 4044 daemonm
879 3995 974 4060 rapta-

170 4079 279 4134 bantur.
296 4079 373 4135 Unde
387 4077 587 4151 congregavit?

207 4176 297 4230 Vaxs.
317 4180 342 4230 3.
358 4207 393 4216 -
410 4200 420 4223 «ι
440 4174 543 4230 Aeolis
567 4181 627 4230 ortu
651 4182 677 4230 et
700 4189 818 4240 occasus
834 4174 869 4228 ab
892 4173 973 4245 equi-

171 4286 183 4314 «
201 4264 265 4320 lone
281 4272 308 4319 et
323 4265 403 4319 mari.
423 4284 434 4314 x

204 4354 226 4407 A
243 4353 309 4410 solis
319 4356 385 4409 ortu
399 4355 428 4408 et
439 4368 557 4419 occusu,·
573 4353 746 4424 ahoquiloue
762 4353 879 4420 elmeri,
897 4349 973 4423 [Cas-

1025 3178 1036 3202 s
1055 3154 1264 3224 tribularentur;
1279 3167 1306 3214 et
1321 3159 1356 3214 de
1377 3161 1586 3217 necessitatibus
1609 3177 1703 3217 eorum
1727 3161 1827 3234 eripuit

1026 3265 1037 3294 a
1055 3258 1113 3298 eos.
1133 3265 1144 3294 a

1058 3338 1093 3393 lit
1102 3338 1299 3392 clamaverunt
1316 3335 1408 3408 ldug„
1430 3336 1539 3410 Haym.]
1554 3335 1638 3406 Quasi
1660 3337 1754 3394 dicat:
1779 3339 1825 3406 et,

1023 3424 1051 3481 id
1065 3432 1106 3480 est
1121 3423 1184 3498 quia
1198 3423 1288 3478 anima
1302 3440 1395 3480 eorum
1411 3425 1518 3490 deiecit,
1535 3425 1597 3480 ideo
1608 3425 1665 3495 jam
1679 3425 1825 3496 conjuncti,

1023 3514 1220 3570 clamaverunt
1228 3512 1265 3568 ud
1277 3503 1429 3569 hominurn
1436 3529 1500 3570 cunt
1510 3514 1722 3572 tribularentur
1730 3531 1827 3571 errore

1023 3608 1050 3656 et
1064 3601 1146 3666 lame,
1163 3605 1192 3658 et
1206 3602 1239 3657 de
1254 3601 1469 3658 necessitutibus
1479 3618 1586 3669 eorum,
1601 3601 1627 3657 id
1644 3611 1684 3659 est
1700 3603 1779 3660 malis
1790 3603 1828 3658 in-

1024 3689 1198 3746 evitabilibus
1214 3689 1319 3762 eripuit
1335 3706 1390 3745 eos.
1402 3688 1473 3758 Quid
1487 3691 1558 3744 enim
1575 3690 1615 3746 eis
1631 3690 1715 3748 lecit?
1735 3708 1801 3748 ecoe
1819 3708 1826 3746 τ

1060 3798 1145 3852 vaes.
1162 3798 1188 3850 t.
1205 3826 1239 3835 -
1257 3815 1268 3844 x
1286 3796 1319 3850 ttt
1335 3795 1428 3850 eduxit
1442 3810 1490 3850 eos
1511 3795 1538 3850 in
1563 3796 1636 3851 viam'
1648 3805 1774 3862 rectam;
1797 3805 1826 3852 ut

1025 3906 1036 3931 u
1055 3882 1126 3938 irent
1140 3882 1168 3936 in
1182 3882 1319 3939 civitatem
1340 3882 1525 3938 habitationis.
1544 3906 1554 3930 υ

1059 3991 1094 4046 tt
1110 3988 1212 4044 eduxit
1223 4003 1268 4043 eos
1283 3987 1329 4059 qui
1341 3986 1467 4042 errabant
1476 3987 1506 4044 in
1516 3988 1591 4043 oium
1600 3993 1719 4056 rectam,
1730 3989 1825 4064 [hug]

1024 4083 1134 4148 quaeest
1143 4075 1274 4143 Christus,
1287 4074 1333 4146 qui
1343 4074 1408 4130 dicit
1423 4093 1431 4129 ε
1446 4077 1500 4148 ligo
1510 4078 1631 4132 sumuiu
1648 4078 1739 4147 (loun.
1751 4079 1823 4148 xxv).

1023 4163 1109 4233 Quasi
1123 4163 1196 4220 dieat
1213 4162 1338 4233 :Eripuit
1348 4179 1398 4218 eos
1408 4164 1442 4218 de
1453 4164 1616 4235 ignorantia,
1629 4165 1825 4222 ostendenseis

1024 4251 1160 4308 Christum
1174 4251 1257 4319 viem,
1272 4255 1306 4307 ut
1316 4267 1366 4322 per
1379 4253 1451 4308 hano
1465 4253 1537 4307 viam
1560 4253 1638 4310 irent
1661 4255 1732 4312 bene
1755 4270 1824 4326 ope-

1023 4339 1120 4406 rand0,
1136 4343 1167 4397 in
1176 4342 1320 4396 ciuitatem
1340 4339 1524 4398 hahitatio-nis
1535 4342 1611 4410 cuius
1621 4341 1738 4399 civitatis
1752 4343 1825 4398 viam

170 4438 254 4512 simp]
283 4440 311 4495 id
338 4447 380 4495 est
402 4441 437 4494 ab
467 4448 570 4496 austro,
598 4440 651 4495 pro
680 4447 772 4494 austro
797 4439 869 4494 enim
897 4435 1084 4510 ponitnanto
1100 4444 1154 4484 non
1169 4429 1339 4484 invenerant.
1355 4429 1427 4486 Ecce
1442 4429 1566 4486 liberavit
1590 4445 1638 4485 eos
1660 4429 1696 4484 ab
1720 4446 1823 4500 errore,

170 4545 246 4584 mare
262 4527 504 4596 Oceanum,illius
532 4528 616 4599 partis
644 4527 810 4600 intelligens,
840 4529 892 4584 hoc
918 4543 970 4599 pro

170 4617 290 4689 qualibet
302 4624 380 4688 parte
395 4625 485 4688 potest
500 4615 596 4687 accipi.
614 4615 663 4672 llic
686 4623 776 4672 autem
799 4623 874 4687 patet
896 4615 970 4686 quod

168 4721 224 4762 non
238 4705 273 4760 de
288 4705 353 4761 solis
366 4704 467 4761 ludaeis
481 4705 556 4762 dicit.

206 4811 280 4866 ans
301 4825 335 4868 u.
353 4811 438 4867 Vsus.
459 4813 486 4866 l.
502 4840 537 4852 —
558 4835 569 4858 «ι
587 4811 753 4868 Erravexunt
773 4810 802 4865 in
824 4810 969 4870 solitudine

171 4921 183 4951 ι
200 4900 228 4954 in
242 4899 374 4972 inaquoso
387 4917 394 4966 ;
411 4899 485 4956 viam
500 4899 617 4958 civitatis
646 4898 794 4956 habitaculi
808 4913 862 4955 non
891 4901 969 4958 inve·

171 4997 338 5056 «nerone»

206 5079 381 5134 Erraverunl
408 5079 440 5134 iu
449 5078 616 5136 solitudine.
634 5073 729 5152 [hugi]
754 5079 882 5136 Secunda
894 5095 968 5151 pars,

168 5166 215 5222 ubi
231 5166 321 5238 prima
335 5167 446 5223 tentatio
471 5167 622 5239 exponitur,
651 5183 712 5240 quae
740 5176 783 5224 est
808 5183 896 5236 error,
924 5169 971 5224 ubi

169 5262 212 5311 est
226 5254 323 5311 tames.
338 5255 425 5311 Error
439 5264 529 5313 autem
543 5257 603 5324 iste,
619 5263 678 5312 erat
691 5257 725 5312 de
749 5272 783 5312 eo
809 5257 882 5328 quod
897 5255 970 5312 viam

168 5342 301 5413 veritatis,
328 5342 356 5398 id
384 5351 425 5399 est
453 5342 587 5399 Christum
615 5345 785 5410 nesciebant,
808 5345 854 5401 ubi
887 5345 970 5400 etiam

168 5439 319 5505 egestatem
347 5432 407 5488 veri
434 5432 513 5504 penis
541 5431 724 5504 patiebantur.
755 5434 788 5488 Et
822 5434 970 5490 notandum

203 5609 276 5680 (tlt)
289 5613 325 5666 lix
337 5611 459 5677 Cassiod,
473 5613 499 5664 tn
514 5612 669 5664 enuntians
680 5623 738 5678 psa.
755 5615 781 5664 et
797 5613 821 5664 in
833 5611 888 5666 titu.

1023 4517 1057 4572 de
1072 4515 1144 4572 lame
1160 4524 1251 4572 autem
1266 4524 1292 4572 et
1307 4515 1361 4584 siti,
1386 4517 1484 4589 quibus
1505 4517 1691 4590 gravabuntur
1709 4518 1826 4591 qualiter

1023 4605 1190 4675 liberaverit,
1205 4613 1268 4677 post
1296 4605 1378 4676 dicet,
1407 4605 1457 4661 sed
1484 4604 1623 4677 premittit
1650 4603 1685 4662 dc
1714 4605 1825 4663 conlas-

1022 4710 1108 4751 stone.

1059 4802 1145 4856 Vsus.
1163 4804 1189 4856 8.
1204 4831 1239 4842 -
1256 4823 1267 4849 s
1285 4798 1473 4858 confiteantur
1486 4800 1603 4858 Domino
1626 4765 1823 4860 miserioouiiae

1026 4911 1038 4940 a
1056 4889 1134 4960 ejus;
1151 4897 1178 4945 ει
1192 4887 1324 4944 mirabilia
1338 4889 1395 4958 ejus
1409 4887 1472 4945 filiis
1493 4889 1642 4949 hominum.
1661 4914 1672 4938 ι·

1064 4995 1270 5063 Confitenntur.
1287 4993 1367 5066 [Aug.
1384 4995 1474 5070 liam]
1489 4994 1575 5064 Quasi
1589 4995 1662 5054 dicat
1678 5013 1685 5051 :
1702 4994 1773 5064 Quia
1787 4995 1823 5050 li-

1026 5083 1130 5139 beravit
1145 5082 1179 5137 ab
1199 5098 1301 5138 errore.
1317 5083 1393 5154 Ergo
1406 5084 1608 5141 misericordiae
1622 5087 1682 5156 ejtts
1693 5099 1748 5140 non
1763 5100 1824 5140 nse-

1026 5171 1078 5228 rita
1092 5177 1198 5240 nostra,
1215 5185 1270 5226 non
1284 5170 1368 5240 vires,
1385 5187 1441 5228 nou
1453 5173 1595 5244 sapientia.
1625 5175 1662 5228 ut
1680 5173 1824 5230 mirabilia

1025 5262 1086 5333 ejus
1101 5259 1217 5314 exhibita
1232 5260 1300 5328 filiis
1316 5259 1473 5316 hominum.
1490 5259 1609 5333 [Herm]
1623 5260 1651 5316 id
1665 5269 1707 5317 est
1720 5262 1824 5317 cadem

1025 5347 1220 5404 misericordiae
1235 5364 1296 5419 quae
1310 5348 1381 5404 datae
1395 5356 1458 5404 sunt
1476 5347 1591 5404 mirabili
1616 5350 1698 5406 modo
1712 5349 1823 5406 redem-

1025 5435 1137 5508 ptionis,
1153 5437 1347 5506 corefiteunlur
1362 5437 1489 5505 Domino,
1515 5437 1542 5493 id
1567 5446 1608 5493 est
1632 5439 1684 5494 sint
1698 5453 1783 5496 causa
1798 5447 1824 5494 et
