3906 6056
173 179 242 236 lt'tt
853 171 955 229 PETRI
972 171 1153 230 toltbxttttt
1753 181 1826 236 ll8⁰

173 300 220 357 vit.
236 299 356 356 Audistis
376 301 546 374 propositam
570 300 746 374 quaestionem
770 305 796 354 et
811 312 892 370 quam
908 300 1009 368 pro-A
1023 295 1042 351 li
1055 313 1107 354 nec
1119 298 1171 355 boc
1186 297 1326 372 impletum
1340 307 1392 368 est,
1408 299 1457 356 sed
1467 298 1569 372 Spiritu
1580 307 1674 358 sancto
1684 301 1829 359 reuelante

172 389 255 447 frunda
275 391 309 447 sit
334 391 453 458 semitis,
479 390 528 446 sed
551 389 751 462 respondemus
775 394 804 443 ut
818 401 974 458 possumus.
1025 385 1099 441 videt
1114 386 1281 459 implendum
1296 388 1324 443 in
1339 388 1465 460 posteris.
1489 388 1620 459 Quamvis
1638 406 1707 464 ergo
1720 390 1830 447 locutus

174 479 201 535 Si
221 495 237 535 1
252 496 295 536 me
316 488 454 553 queratur
476 495 561 551 quare
586 479 699 535 credere
714 491 768 532 non
781 482 916 547 poterant,
934 489 975 529 re-
1026 475 1060 529 sit
1074 476 1204 546 praeteriti
1218 476 1349 550 temporis
1361 477 1463 543 uerbis,
1480 485 1571 534 tamen
1586 479 1660 550 quod
1679 477 1830 535 11111111-

173 568 296 640 spoudeo
314 569 377 640 quia
390 567 529 625 nolebant.
545 567 644 623 blalsm
660 565 760 638 quippe
775 578 871 620 eorum
883 562 976 617 mlun-
1025 569 1117 618 tumm
1131 565 1274 636 praedixit,
1298 581 1352 622 non
1374 566 1445 638 quod
1466 566 1522 636 jam
1542 565 1643 624 lactum
1657 575 1738 639 atque
1752 583 1831 624 com·

174 664 257 713 tatem
270 657 394 728 praevidit
415 657 498 726 Deus,
518 664 545 712 et
567 671 618 727 per
631 654 792 726 prophetam
807 649 975 722 praenuntia-
1025 651 1128 722 pletum
1150 647 1233 723 esset,
1260 653 1328 710 sicut
1351 661 1379 710 et
1401 654 1460 726 ipse
1482 654 1617 727 Propheta
1638 671 1770 728 quousus
1785 663 1831 711 est

173 745 222 803 vit.
238 745 294 802 Sed
309 745 391 802 aliam
405 760 527 811 causam,
543 744 659 815 inquies,
680 741 750 797 dixit
762 740 905 812 propbeta,
920 752 976 794 uon
1025 747 1104 808 teste,
1119 757 1173 797 non
1188 741 1226 797 ait
1249 741 1369 798 exiturus
1392 750 1443 798 εει.
1466 742 1520 800 Sed
1543 743 1608 799 exiit
1622 759 1706 799 sonus
1721 759 1829 812 eorum,

173 833 322 891 voluntatis
347 849 452 902 eorum,
477 833 548 889 banc
582 832 685 888 scilicet
708 827 855 885 excaecavit
882 825 977 883 oeulos
1025 829 1099 902 quod
1110 829 1204 901 utique
1214 830 1334 887 nondum
1345 837 1402 887 erat
1410 829 1520 887 lactum.
1533 833 1608 903 (311)
1618 831 1740 888 Dicendo
1749 847 1830 906 ergo,

175 937 272 978 eorum
287 929 313 978 ει
336 921 473 977 induravit
494 936 543 977 cor
562 935 667 976 eorum.
688 917 742 973 Sed
762 916 806 972 hic
821 913 976 986 respondeo
1026 931 1119 972 eorum
1135 933 1191 973 non
1204 917 1294 974 solum
1304 918 1338 974 de
1348 919 1487 991 apostolis,
1501 919 1550 976 sed
1564 918 1600 975 de
1610 927 1830 991 eorumpraeter·

175 1025 270 1067 eorum
294 1009 459 1066 voluntatem
479 1009 532 1063 boc
550 1007 693 1063 meruisse.
714 1005 789 1078 (311)
814 1004 888 1060 Siout
903 1002 976 1058 enim
1026 1005 1070 1061 rtis
1085 1005 1198 1078 intelligi
1214 1007 1308 1074 voluit,
1325 1008 1394 1065 siout
1409 1015 1435 1064 et
1449 1007 1516 1064 illud
1529 1023 1584 1064 uon
1599 1009 1687 1064 solum
1696 1008 1832 1080 apostolis

178 1105 296 1156 excaecst
310 1098 394 1166 Deus,
411 1097 451 1154 sic
465 1097 595 1162 obdurat,
605 1094 677 1168 quod
693 1101 735 1150 est
744 1091 908 1158 deserendo,
920 1107 975 1147 nou
1025 1093 1125 1150 dicitur
1139 1112 1147 1150 ε
1168 1097 1261 1152 Testes
1275 1095 1348 1153 mibi
1363 1098 1539 1170 ericumque
1548 1097 1585 1152 cd
1598 1098 1734 1153 ultimum
1744 1101 1831 1154 ιιι-11

173 1186 307 1252 iaciendo,
325 1196 352 1242 et
366 1187 418 1243 boc
440 1185 539 1241 meruit
561 1183 697 1240 uoluntas.
724 1183 781 1238 lloc
803 1180 875 1236 enim
889 1180 975 1236 meri·
1026 1182 1271 1254 (Act.1);etillud:
1288 1184 1429 1241 Vobiscum
1438 1201 1501 1241 ram
1512 1184 1830 1257 ttaqucadccstsummo-

174 1283 230 1332 tum
243 1274 372 1332 caecitatis
395 1281 422 1330 et
435 1273 542 1330 duritiae
564 1270 745 1344 superbientis
759 1269 872 1327 audacia
882 1276 910 1324 ει
923 1282 975 1324 vo·
1026 1271 1133 1327 tionem
1147 1273 1246 1328 secuti
1260 1273 1355 1342 (dccc.
1371 1273 1453 1344 xv1);
1469 1281 1496 1328 et
1509 1271 1576 1328 illud
1592 1288 1599 1328 :
1617 1273 1686 1330 Cum
1700 1273 1831 1331 videritis

174 1363 295 1430 luntatis,
315 1363 419 1419 intlixit.
446 1362 475 1418 Si
489 1377 555 1434 ergo
569 1361 677 1426 dicitur,
694 1375 750 1415 uon
761 1365 876 1430 possunt
887 1357 976 1412 iudei
1026 1357 1085 1416 boec
1098 1362 1206 1427 omnim
1222 1362 1322 1418 scitote
1336 1362 1403 1434 quin
1415 1376 1501 1434 prope
1516 1365 1558 1418 cst
1568 1361 1705 1432 injustitie
1714 1361 1829 1432 (natat.

175 1452 300 1518 credere,
325 1451 388 1524 quia
411 1450 497 1506 lsaias
518 1449 652 1522 praedixit,
675 1447 828 1520 respondeo
849 1446 905 1501 imo
920 1459 975 1501 non
1024 1449 1118 1518 xxxv).
1137 1449 1189 1506 Scd
1213 1449 1284 1518 dicq
1301 1448 1425 1520 probavit
1453 1464 1549 1506 omnes
1563 1449 1674 1506 audisse
1688 1449 1830 1505 1111111-

176 1548 293 1613 possunt
317 1539 381 1612 quis
405 1539 509 1606 uolunt,
532 1537 606 1611 quod
621 1539 695 1593 Deus
709 1535 847 1608 praescivit
861 1541 888 1590 et
901 1549 974 1606 prae-
1025 1536 1100 1590 dacos
1125 1536 1234 1592 audisse
1258 1544 1374 1604 constat,
1402 1537 1451 1592 sed
1474 1537 1537 1609 quia
1550 1546 1664 1609 possent
1676 1546 1704 1594 et
1717 1537 1830 1594 aumsse

176 1629 243 1686 dixit
257 1644 312 1685 non
328 1627 400 1686 iecit.
426 1625 627 1700 [Augustinus]
650 1627 712 1680 Non
727 1623 809 1697 igitur
820 1622 918 1697 mirum
932 1629 975 1678 est
988 1652 1014 1712 Β
1025 1631 1052 1678 ει
1066 1639 1121 1679 nou
1146 1624 1319 1696 cognovisse,
1342 1624 1456 1681 affinuat
1478 1624 1560 1682 etiam
1582 1641 1630 1681 eos
1644 1626 1828 1698 cognovisse;

179 1717 253 1790 quod
263 1733 317 1773 non
335 1723 460 1790 poterant
475 1716 599 1784 credere,
612 1711 861 1787 quorumvoluntas
875 1710 915 1767 sic
929 1726 975 1765 su·
1026 1711 1104 1784 qussi
1115 1712 1186 1768 dicat
1202 1730 1209 1767 :
1225 1712 1328 1772 Omnes
1338 1713 1449 1785 quidem
1461 1713 1614 1783 audierunt,
1627 1713 1830 1770 smdetudaeis

177 1806 259 1878 perba
274 1813 343 1872 erat,
367 1812 397 1861 ut
416 1811 522 1861 tantum
545 1802 603 1858 suis
622 1801 724 1858 viribus
746 1800 931 1868 attribuerent,
948 1806 976 1853 ut
1025 1800 1178 1871 specialiter
1192 1801 1253 1857 dico
1270 1819 1277 1856 ι
1293 1801 1726 1875 Nunquidlrrcclctoncopnout't
1738 1806 1750 1858 t
1761 1817 1831 1876 acg-

174 1901 308 1968 negarent
322 1893 507 1950 necessarium
521 1891 573 1947 sibi
587 1907 648 1947 esse
663 1889 785 1946 divinum
798 1887 926 1943 auxilium
941 1886 976 1941 ad
1024 1888 1210 1960 novitatique.
1222 1889 1581 1963 Qnialdopscsquiptt'mun,
1592 1889 1671 1946 idest
1681 1889 1828 1960 maximus,

177 1984 247 2040 bene
260 1983 416 2040 vivendum.
430 1980 568 2053 Quotquot
583 1979 656 2036 enim
669 1987 724 2035 tam
740 1977 857 2050 superbe
867 1974 976 2046 sapiunt
1024 1975 1073 2032 luit
1101 1977 1171 2032 inter
1200 1977 1269 2033 alios
1302 1978 1372 2034 dicit
1405 1993 1454 2035 eos
1487 1977 1661 2050 cognouisse.
1692 1977 1740 2034 Vel
1767 1979 1830 2049 pn'-

177 2087 232 2128 uon
247 2078 362 2143 possunt
384 2071 497 2126 credere
519 2069 547 2124 in
570 2067 718 2135 Christum,
733 2081 790 2122 non
804 2063 866 2138 quia
880 2062 975 2118 mutmi
1024 2081 1094 2134 mus,
1124 2065 1152 2120 id
1182 2073 1223 2121 est
1252 2073 1399 2138 antequam
1427 2065 1472 2121 alii
1486 2066 1622 2135 dicerent,
1653 2065 1717 2122 dicit
1746 2065 1824 2124 51

177 2159 303 2216 homiues
316 2158 344 2215 in
363 2158 461 2215 melius
480 2173 535 2214 non
559 2163 684 2229 possunt,
705 2155 755 2211 sed
776 2153 895 2226 quandiu
913 2149 975 2207 talia
1024 2169 1072 2209 eos
1096 2153 1260 2226 cognovisse
1296 2153 1370 2226 quod
1396 2163 1423 2211 et
1447 2154 1495 2210 alii
1518 2162 1581 2226 post
1603 2171 1666 2210 eum
1690 2155 1828 2210 dixerunt.

178 2237 295 2322 sapiunt,
310 2263 366 2304 non
385 2255 501 2320 possunt
515 2245 635 2303 credere.
653 2244 728 2301 Sicut
738 2241 888 2314 ergoquod
902 2241 975 2295 Deus
1026 2242 1111 2298 lsrael
1124 2251 1215 2299 eutem
1225 2242 1325 2300 dicitur
1335 2244 1500 2317 cognouisse
1514 2242 1663 2300 doctrinam
1673 2243 1830 2317 Evangelii,

176 2337 297 2410 seipsum
309 2351 413 2410 negare
428 2351 483 2392 non
498 2341 598 2407 potest,
614 2333 674 2389 laus
689 2340 731 2388 est
746 2329 891 2388 uoluntatis
905 2328 975 2384 divi·
1026 2339 1052 2385 et
1066 2330 1165 2386 Christi
1190 2331 1348 2400 adveutum,
1368 2331 1431 2405 quia
1456 2331 1643 2388 contradicere
1665 2347 1719 2388 non
1740 2331 1831 2402 potuit

174 2443 227 2497 nae,
241 2427 279 2482 ita
293 2426 366 2498 quod
380 2425 420 2480 illi
433 2440 489 2480 nou
504 2431 630 2496 poterent
648 2421 763 2479 credere
777 2419 856 2491 culpa
871 2425 913 2474 est
927 2431 975 2473 vo·
1025 2418 1138 2486 ratione,
1154 2419 1198 2475 rel
1221 2419 1389 2487 auctoritate,
1413 2421 1462 2478 sed
1484 2436 1540 2476 non
1563 2436 1628 2477 vere
1643 2419 1779 2491 cognorit,
1798 2427 1829 2474 nt

175 2515 287 2571 luntatis
302 2515 437 2570 bumanae.
463 2513 491 2569 Si
515 2512 576 2586 quis
590 2511 672 2567 istam
686 2509 864 2582 quaestionem
878 2505 975 2562 melius
1024 2507 1109 2564 menti
1129 2523 1224 2564 eorum
1247 2508 1316 2564 bene
1334 2509 1452 2566 sederet.
1478 2508 1583 2566 Deinde
1604 2508 1688 2564 verba
1709 2507 1778 2565 ttosi
1793 2524 1829 2564 ex

177 2603 253 2660 novit
272 2619 421 2675 exponere,
441 2600 519 2668 absit,
545 2607 574 2656 ut
591 2615 647 2655 non
669 2599 719 2654 sim
734 2596 854 2669 paratior
866 2595 975 2652 discere
1024 2610 1143 2666 persona
1158 2596 1209 2653 Dei
1224 2596 1312 2652 Patris
1325 2596 1462 2670 loquentis
1476 2596 1505 2652 in
1518 2595 1729 2652 Deuteronomio
1739 2597 1827 2668 ponit,

176 2703 257 2760 quam
273 2687 384 2743 docere.
403 2685 479 2758 Ergo
495 2683 573 2756 quasi
596 2683 667 2739 dicat
692 2681 755 2754 quia
777 2679 876 2752 aliquis
888 2677 976 2734 credit
1024 2684 1120 2741 dicens
1136 2702 1143 2740 :
1161 2686 1217 2756 ligo
1241 2685 1382 2742 adducam
1401 2702 1457 2755 oct,
1488 2685 1579 2742 idest
1600 2685 1753 2757 permittam
1776 2701 1828 2742 ros

178 2773 282 2830 111111111ιί
296 2782 322 2830 el
338 2773 361 2829 Si
377 2789 432 2829 non
446 2788 550 2828 omnes.
567 2773 638 2844 Et'yo
653 2768 732 2840 fidet,
747 2767 895 2844 aliquando
911 2775 936 2822 ei
952 2765 975 2821 Si
1025 2772 1123 2829 adduci
1139 2773 1175 2828 ad
1188 2775 1404 2831 (emulationem
1413 2773 1533 2830 habitam
1548 2777 1579 2830 in
1594 2790 1652 2830 non
1661 2779 1783 2847 gentem,
1799 2773 1828 2829 id

177 2879 233 2919 1¹0⁰
248 2862 348 2935 ubique
372 2869 423 2928 0⁵2,
439 2860 610 2930 11611άί114,
627 2867 654 2915 el
677 2857 700 2913 Si
719 2857 792 2914 enim
814 2855 975 2912 Deusinlus
1025 2869 1066 2918 est
1081 2868 1174 2918 contra
1198 2861 1327 2936 gentiles,
1358 2863 1386 2918 id
1410 2871 1452 2919 εει
1471 2863 1506 2918 11
1521 2861 1649 2919 invidiam
1663 2862 1699 2918 de
1714 2877 1830 2918 conner-

177 2952 286 3020 doceat,
302 2959 394 3006 tamen
408 2964 498 3022 praeco
513 2948 631 3006 exterius
646 2946 760 3003 nuntiat.
775 2946 898 3002 Auditus
919 2960 974 3000 nn·
1025 2949 1101 3007 sione
1127 2950 1279 3023 gentilium,
1304 2950 1350 3024 qui
1370 2949 1446 3022 prius
1479 2950 1639 3008 dicebantur
1669 2967 1724 3006 non
1745 2967 1828 3024 gens,

178 3045 347 3100 tcmcstnon
362 3046 519 3112 pernostra
528 3037 636 3106 merita,
645 3036 694 3092 sed
711 3035 885 3108 perverbum
896 3033 975 3090 Cbtt‘·
989 3007 1012 3067 ο
1026 3039 1089 3113 quia
1103 3039 1162 3097 sine
1178 3038 1240 3113 lege
1254 3047 1342 3096 erant.
1359 3039 1410 3096 Vel
1425 3040 1509 3096 modo
1524 3047 1587 3095 suut
1599 3054 1654 3096 uon
1669 3055 1748 3112 gens,
1764 3039 1831 3112 quia

176 3131 224 3200 sti,
240 3129 268 3186 id
278 3137 320 3185 est
332 3145 382 3202 per
392 3128 509 3202 gratiam
519 3126 618 3182 Christi
628 3125 754 3182 doctores
764 3122 841 3180 uerbi
849 3121 976 3195 Evange·
1025 3143 1080 3183 non
1105 3127 1242 3202 gentiliter
1279 3128 1381 3184 vivunt.
1410 3127 1593 3201 [Ambrosius]
1620 3127 1722 3184 luridis
1754 3127 1831 3184 euim

176 3217 221 3274 lici
235 3217 315 3274 nobis
330 3216 469 3273 mittentis.
491 3215 552 3271 Nisi
575 3213 648 3271 enim
666 3213 770 3270 dicatur
791 3209 903 3284 aliquid,
923 3223 976 3266 nco
1024 3215 1126 3273 iudaeis
1142 3225 1193 3286 est,
1218 3216 1282 3272 dum
1297 3225 1394 3290 gentes
1418 3232 1512 3273 corum
1526 3217 1613 3272 Deum
1627 3232 1708 3272 suurn
1720 3216 1828 3284 dicum,

175 3305 262 3363 audiri
277 3314 366 3378 potest
379 3321 431 3362 nec
446 3303 530 3361 credi.
1025 3312 1052 3360 et
1066 3305 1262 3377 promissiones
1276 3313 1303 3360 et
1318 3304 1408 3377 legem
1431 3320 1526 3361 eorum
1542 3313 1568 3361 et
1580 3305 1730 3377 propbetas
1745 3305 1780 3360 ad
1797 3322 1829 3362 se

213 3396 299 3452 Vnus.
316 3395 416 3464 18,11.
437 3413 501 3444 -ι
526 3390 580 3447 Sed
604 3389 682 3447 dico:
698 3387 827 3461 Numquid
848 3403 903 3444 non
924 3403 974 3442 au·
1025 3393 1173 3466 pertinere.
1186 3394 1219 3450 ln
1227 3397 1352 3466 pentem,
1363 3392 1391 3449 ld
1402 3401 1443 3449 est
1451 3401 1545 3450 contra
1555 3401 1675 3465 gentem,
1688 3393 1830 3466 insipien-

182 3482 341 3538 sdiemnti
355 3483 389 3537 Et
405 3481 516 3554 quidem
530 3479 557 3534 in
570 3476 976 3535 omnemterremexivitsonus
1026 3487 1094 3549 tem,
1112 3482 1140 3537 id
1163 3490 1205 3538 est
1224 3489 1316 3540 eontra
1341 3482 1468 3554 gentiles,
1492 3482 1539 3554 qui
1560 3482 1647 3538 Deum
1661 3497 1758 3538 uerum
1772 3497 1831 3538 non

179 3594 191 3625 ι
209 3587 314 3638 eorum,
332 3578 358 3626 et
372 3570 401 3624 in
409 3567 478 3625 fines
488 3568 563 3624 orbis
573 3575 655 3624 terras
664 3567 749 3624 verba
758 3581 862 3622 eorum.
873 3565 927 3621 Sed
934 3564 976 3621 di·
1025 3578 1166 3627 nouerant.
1182 3571 1295 3626 blittcm
1309 3586 1355 3629 vos
1370 3571 1402 3627 in
1415 3571 1500 3638 iram,
1519 3570 1548 3625 id
1558 3578 1600 3626 est
1608 3570 1763 3642 permittam
1777 3586 1831 3626 uos

178 3685 189 3710 ιι
208 3677 241 3718 co
256 3678 263 3715 ε
279 3658 408 3732 Nunquid
423 3657 507 3714 lsrael
521 3672 576 3713 non
589 3655 736 3730 cognouit?
751 3654 857 3710 Primus
867 3655 975 3726 bloyses
1024 3658 1109 3715 irasci
1135 3666 1161 3716 et
1188 3659 1327 3733 persequi,
1352 3666 1379 3716 et
1411 3674 1473 3716 cum
1497 3660 1549 3716 hoc
1574 3659 1676 3715 iactum
1703 3657 1828 3727 videant,

180 3775 191 3800 a
209 3747 274 3807 dicit
290 3763 296 3803 :
312 3749 373 3822 Ego
387 3747 424 3804 ad
442 3745 642 3803 aemulationem
660 3761 709 3801 ros
731 3743 863 3800 adducam
878 3743 906 3798 in
921 3757 977 3798 non
1026 3747 1167 3803 attendant
1191 3748 1263 3820 quod
1286 3747 1402 3804 venerit.
1422 3748 1457 3803 Et
1473 3763 1530 3803 non
1550 3754 1654 3802 tautum
1668 3748 1759 3802 llosas
1773 3747 1830 3804 boc

180 3836 366 3912 agentemiu
376 3843 486 3909 gentem
496 3833 793 3907 insipientem,iniram
803 3848 852 3888 ros
860 3831 974 3886 mittam.
1025 3835 1100 3906 dicit,
1122 3836 1171 3892 sed
1195 3843 1222 3892 et
1247 3835 1347 3902 111111,
1374 3843 1401 3892 et
1415 3835 1438 3891 si
1464 3835 1627 3907 previderet
1649 3835 1701 3890 eibi
1714 3851 1830 3906 poenam

177 3950 188 3976 u
207 3926 397 3984 balneantem
420 3924 503 3981 audet
517 3931 543 3981 et
556 3923 622 3980 dicit
637 3940 644 3978 ι
660 3923 789 3978 laventus
811 3937 871 3977 sum
890 3935 975 3975 anon
1025 3923 1177 3991 imminere,
1194 3925 1392 3990 emendarint,
1409 3928 1437 3980 ct
1451 3923 1564 3982 dicitnr
1579 3938 1699 3997 persona
1713 3923 1827 3980 Christi.

177 4041 188 4066 ιι
208 4014 390 4090 quaerentibus
411 4030 466 4084 me,
491 4014 581 4086 palam
606 4011 719 4084 apparui
743 4011 785 4066 his
800 4009 846 4082 qui
860 4023 904 4066 me
920 4025 976 4064 non
1061 4013 1195 4069 inventus
1210 4020 1302 4068 autem
1316 4029 1378 4068 sum
1393 4027 1480 4069 cnon
1495 4013 1685 4087 querentibus
1699 4029 1756 4081 mc,
1771 4013 1830 4070 sci·

179 4104 422 4178 uinterrogsbant.
439 4100 574 4159 Adlsrael
585 4099 769 4157 autemdicit:
785 4099 852 4155 Tota
866 4099 910 4154 die
925 4114 975 4153 ex·
1025 4101 1088 4158 licet
1096 4100 1257 4175 gentilibus,
1275 4101 1303 4157 id
1320 4109 1362 4157 est
1378 4109 1475 4174 sponte
1485 4101 1571 4158 obtuli
1580 4118 1624 4158 me
1642 4100 1697 4157 illis
1714 4099 1761 4174 qui
1776 4117 1831 4172 per

176 4214 189 4245 ι
207 4193 290 4265 pandi
305 4207 402 4247 manus
427 4205 505 4246 mets
528 4191 563 4246 cd
583 4190 714 4262 populum
737 4202 792 4245 non
807 4188 973 4256 credentem,
1026 4206 1057 4246 se
1070 4206 1126 4247 non
1139 4191 1297 4263 querebant
1311 4205 1365 4258 me,
1379 4197 1405 4247 et
1418 4189 1484 4246 inde
1498 4198 1540 4246 est
1549 4188 1828 4248 inuidialudaeornm.

176 4304 187 4330 ε
206 4282 256 4339 sed
270 4279 501 4338 contradicentem
514 4277 591 4334 milri.
611 4301 622 4328 l
1026 4280 1061 4336 nt
1074 4280 1182 4353 palam,
1198 4277 1227 4334 id
1242 4287 1285 4335 est
1298 4277 1326 4334 in
1338 4278 1492 4347 manifesto,
1512 4281 1634 4352 apparati
1647 4277 1701 4346 bic,
1717 4279 1766 4352 qui
1780 4295 1829 4336 mc

210 4367 263 4426 sed
276 4367 347 4422 dico·
364 4362 531 4434 Qussidicsx
547 4380 554 4418 =
569 4360 909 4428 Exauditueredidemnt,
927 4359 976 4416 sed
990 4366 1084 4426 neon
1098 4367 1312 4440 tntcnopatant
1326 4367 1362 4423 ab
1376 4366 1440 4422 itte.
1466 4367 1504 4424 ct
1528 4367 1616 4424 tecet
1641 4371 1751 4434 actem,
1772 4375 1828 4424 erc.

174 4455 221 4530 qui
239 4471 270 4512 se
285 4454 378 4512 volunt
393 4467 524 4510 excusare
547 4450 621 4524 quod
632 4466 688 4507 non
702 4450 884 4507 crediderunt.
902 4447 975 4517 Que—
1023 4454 1107 4525 Quasi
1121 4455 1194 4512 dicat
1211 4471 1217 4512 :
1235 4456 1275 4513 lta
1289 4455 1341 4513 hoc
1354 4456 1494 4528 pertinens
1503 4456 1539 4512 ad
1549 4463 1646 4528 gentes
1654 4455 1719 4511 dicit
1729 4456 1828 4524 lsaiss,

175 4545 200 4602 si
214 4544 285 4600 dimi
300 4560 307 4598 :
323 4544 385 4600 Non
399 4539 551 4608 audieram.
567 4539 784 4613 (1100111111ίᾶ
801 4554 859 4596 '1⁰²²
874 4537 974 4593 audit·
1023 4543 1058 4600 ed
1072 4543 1158 4600 lsrael
1182 4552 1273 4601 eutem
1296 4545 1443 4617 pertinens,
1466 4546 1519 4601 boc
1540 4545 1613 4600 alud
1634 4543 1698 4601 dicit
1716 4559 1750 4600 ex
1764 4561 1830 4615 per·

174 4637 269 4691 rant?
288 4627 405 4706 [llaimo]
427 4630 579 4688 Audierunt
600 4629 707 4701 utique,
729 4627 798 4684 sicut
819 4626 848 4681 in
867 4624 973 4698 psalmo
1023 4630 1829 4706 1111011111.111111111111111111111111.[1111111]

174 4721 292 4780 ostendit
307 4719 394 4776 David
408 4719 503 4776 dicens
519 4736 526 4775 ι
542 4720 647 4788 Sonam
660 4717 688 4772 id
703 4724 744 4773 est
759 4715 845 4783 lama,
860 4721 973 4788 aposto·
1022 4721 1080 4778 1100
1095 4737 1151 4778 non
1180 4721 1247 4778 dieis
1270 4721 1304 4778 de
1326 4722 1452 4779 menibus
1476 4721 1596 4778 extensis
1617 4721 1645 4776 in
1663 4735 1755 4788 erues,
1779 4721 1831 4777 ubi

172 4811 262 4868 lorum
277 4809 321 4869 uel
335 4825 433 4867 corum
447 4810 548 4876 exivit,
561 4806 681 4880 quidem,
692 4808 731 4873 ct,
746 4803 824 4862 idest
838 4803 972 4872 11111111
1022 4817 1080 4865 tots
1094 4809 1139 4865 die
1152 4823 1207 4864 uon
1230 4809 1291 4878 luit,
1317 4810 1366 4867 sed
1391 4811 1426 4866 de
1450 4809 1578 4881 operibus
1593 4825 1655 4882 quas
1669 4807 1709 4864 illi
1722 4809 1829 4882 populo

172 4917 285 4960 omnem
301 4903 418 4966 terram,
434 4897 463 4953 id
477 4905 586 4952 estnon
596 4893 812 4967 modoproximi,
828 4893 877 4950 sed
892 4891 973 4948 etiam
1021 4897 1153 4954 exhibuit.
1168 4897 1203 4954 Et
1217 4906 1259 4954 est
1272 4905 1329 4954 tota
1343 4899 1397 4966 die,
1410 4899 1438 4954 id
1447 4906 1489 4955 est
1498 4905 1555 4955 toto
1564 4904 1685 4970 tempore
1697 4913 1752 4970 quo
1762 4913 1829 4955 cum

172 4989 259 5046 ultimi
274 4987 428 5054 audierunt,
444 4987 519 5058 (311)
543 4983 596 5055 uel,
614 4983 739 5057 equidem
754 4983 808 5039 alia
829 4981 928 5048 littera,
944 4981 972 5038 ld
1021 4986 1062 5044 eis
1075 4994 1258 5044 commoratus
1272 5003 1342 5054 sum,
1358 4996 1385 5044 et
1398 4986 1529 5043 muudum
1552 4985 1712 5043 illuminavi.
1729 4987 1830 5042 llanua

172 5087 213 5137 est
228 5085 313 5146 certe,
338 5076 366 5132 in
389 5091 498 5132 omnem
518 5080 618 5130 terram
634 5071 715 5130 exivit
730 5087 813 5130 sonus
827 5086 930 5139 eorum,
946 5078 973 5128 et
1020 5091 1106 5144 meae,
1123 5075 1151 5130 id
1166 5083 1208 5132 est
1222 5091 1315 5149 opera,
1330 5083 1356 5132 et
1368 5071 1492 5144 affectus,
1515 5074 1631 5148 expandi
1644 5073 1679 5131 ad
1693 5074 1829 5146 populum

170 5167 205 5224 ita
219 5165 421 5225 inexcusabiles
436 5171 509 5236 sunt,
525 5167 553 5220 ct
567 5164 599 5219 in
607 5163 679 5234 fines
693 5162 767 5218 orbis
778 5164 871 5228 tctroe,
888 5159 972 5216 idest
1020 5164 1154 5233 Judaeum,
1168 5164 1197 5218 id
1219 5172 1261 5220 est
1282 5165 1415 5237 ampliora
1438 5163 1545 5221 ostendi
1558 5163 1669 5232 ludaeis,
1686 5163 1749 5236 quus
1762 5163 1828 5218 nul-

170 5271 204 5313 ex
217 5255 290 5313 omni
305 5262 383 5328 porte
397 5252 491 5311 audita
505 5259 577 5310 suut.
594 5252 729 5324 Tempore
744 5257 834 5307 auum
854 5251 971 5321 Aposto-
1020 5253 1077 5310 lum
1099 5251 1263 5312 beneficium
1295 5253 1336 5311 eis
1357 5250 1476 5328 negem.
1506 5251 1689 5327 [Ambrosius
1713 5251 1827 5327 1111111]

205 5431 263 5494 (510
292 5433 558 5499 cannamomum.
1054 5435 1126 5505 (111)
1145 5435 1344 5505 ld.,lncodent.

203 5497 262 5563 (att
295 5499 331 5552 ld.
343 5499 376 5553 ad
387 5501 513 5553 lslclrluun.
