3940 6066
117 229 189 290 lttt
546 223 830 284 COMMENTARIUH
850 221 887 281 IN
901 221 1070 282 mennon
1087 253 1122 272 ·-
1135 225 1233 284 asle.
1249 225 1342 286 CXLI.
1701 219 1783 286 qm}

113 353 235 427 ideoque
248 353 313 410 mali
338 351 478 412 sinistram
498 351 682 421 attendentes,
701 351 844 408 dexteram
858 365 914 408 non
924 351 1033 414 Aldeo
1040 351 1158 410 intende
1168 353 1205 410 ad
1215 353 1443 427 deprecationem
1451 369 1546 412 mecon
1556 357 1584 410 et
1591 363 1706 410 necmsc
1715 356 1767 416 est,

115 443 219 499 rident.
234 444 269 500 lit
282 444 335 499 boc
358 449 400 498 est
421 442 494 515 quod
509 441 633 516 sequitur
647 457 655 498 ε
670 442 707 498 lit
720 457 778 499 nan
792 443 857 499 crat
872 440 920 516 qai
970 443 1037 517 qaia
1052 441 1223 500 humiliatas
1235 458 1300 500 cont
1314 443 1412 500 nimis.
1422 443 1540 500 ilumilio
1551 442 1623 500 enim
1637 457 1682 497 me
1695 439 1769 495 intus

117 535 297 607 copncsceret
310 547 364 600 nte,
380 530 529 589 cumcuim
543 530 644 602 pateris
657 529 757 596 omnia,
769 527 830 603 quis
844 529 920 586 norit
969 530 1150 604 invisibiliter,
1166 537 1194 588 et
1207 531 1362 588 humiliore
1383 532 1612 606 persequentibus
1634 537 1711 588 extra
1724 527 1768 586 vi-

115 621 182 696 quid
196 619 330 689 attendas,
346 628 436 678 utrum
449 617 478 676 in
491 619 631 678 dexteram
645 627 692 678 aut
705 617 842 676 sinistram
854 633 921 678 ceu·
970 619 1094 678 sibiliter.
1110 621 1145 677 lit

114 710 173 768 lum
183 709 311 782 ‘5¹53'ss
438 816 454 831 ..
911 813 917 827 ⁸
1002 757 1088 812 Vane.
1104 759 1130 812 9.
1147 776 1209 804 -α
1235 753 1333 812 libera
1353 769 1399 811 me
1422 769 1439 810 a
1461 752 1689 829 persequentibus
1712 767 1767 821 me,

152 819 237 876 Vm·
263 822 289 876 6·
306 840 366 868 ··“
384 817 467 875 Piffli
490 815 557 892 fudi
573 831 590 874 ⁸
604 832 648 876 ¹¹¹⁹
664 835 672 886 i
687 823 715 876 ii
736 831 802 904 ¹¹⁰⁰,
816 823 858 873 ⁰⁸²
872 831 919 890 ‘ii1¹
972 866 985 897 c
1003 845 1068 920 quio
1080 841 1225 902 confortati
1239 849 1301 902 sunt
1314 859 1397 918 super
1409 859 1463 900 me.
1484 867 1495 894 r
1838 822 1845 835 ,

115 931 127 962 ²
145 915 268 982 requirat
284 923 403 966 “mm
418 923 519 966 meam·
538 927 550 959 ’
1004 950 1186 1010 libcramca
1192 953 1428 1026 persequentibus
1435 967 1491 1019 nra,
1502 948 1598 1025 [lup]
1606 965 1661 1008 non
1670 954 1700 1005 ut
1709 963 1769 1006 cor-

150 1016 243 1074 pmii
264 1017 345 1088 sudio
372 1013 467 1090 [Md]
491 1013 569 1090 quasi
598 1012 671 1070 ‘³5⁰⁸‘
696 1029 703 1069 ²
728 1018 919 1086 P⁰s⁸⁰⁰¹¹t⁰fe⁸
968 1057 1021 1114 pus
1035 1057 1090 1098 uon
1103 1049 1175 1109 ruat,
1191 1041 1241 1097 sed
1255 1040 1355 1097 anima.
1368 1041 1410 1097 nd
1425 1039 1559 1098 hocenim
1573 1038 1697 1097 diabolus
1720 1051 1769 1110 per

112 1105 320 1207 absconderunt
344 1103 472 1178 laqueum
495 1103 572 1172 mihi,
598 1101 648 1160 sed
672 1109 764 1204 tamen
779 1117 834 1159 non
847 1099 917 1202 supi,
968 1145 1035 1186 ma
1048 1144 1109 1196 sua,
1124 1129 1152 1186 id
1167 1137 1208 1186 esp
1221 1144 1272 1201 pe,
1294 1128 1366 1186 filios
1389 1127 1545 1186 diffideufiae
1564 1127 1622 1200 ,gip
1635 1141 1768 1200 persecu„

112 1211 169 1252 rmo
182 1194 271 1268 percit
290 1197 361 1266 supa
386 1211 405 1250 o
425 1210 480 1252 nte.
505 1195 529 1250 d
543 1191 651 1250 duobus
663 1200 734 1264 pern
750 1191 824 1292 ingo,
841 1189 918 1248 sedr-
969 1219 1070 1277 tionem
1082 1217 1219 1310 corporis,
1244 1225 1274 1274 ut
1287 1217 1360 1274 intus
1383 1215 1430 1275 liet
1445 1217 1535 1276 cordis
1554 1215 1641 1273 ruina.
1658 1215 1687 1273 Si
1702 1231 1768 1289 erpo

113 1291 188 1341 ⁰⁰¹⁸
201 1282 402 1383 ⁰0¹1⁰¹¹¹³⁰fi⁶¹
423 1299 439 1338 ⁸
463 1281 537 1338 ¹⁰³¹·
562 1281 715 1339 ⁶⁰⁰⁰¹⁰⁸¹¹⁸
734 1296 806 1338 ‘¹¹¹³'
821 1277 919 1354 subm
969 1309 1083 1366 cadente
1098 1323 1215 1381 corpore
1231 1313 1283 1364 stat
1304 1306 1405 1376 animo,
1428 1307 1581 1380 muscipula
1595 1313 1636 1362 est
1649 1303 1767 1364 commi-

111 1388 167 1430 ¹¹⁰¹²
181 1370 271 1438 ”leti
285 1371 362 1428 f⁰f⁸¹⁸
380 1387 436 1428 ¹¹⁰⁰
451 1371 517 1428 wli·
532 1370 683 1472 3²‚dup¹⁰¹
697 1377 740 1471 ⁰⁵²,
754 1369 841 1470 Q}
857 1369 919 1426 Um
968 1406 1043 1456 nuta.
1057 1400 1090 1454 Et
1106 1413 1222 1455 necesse
1236 1404 1279 1452 est
1293 1405 1323 1453 ut
1336 1395 1447 1468 liberes,
1459 1399 1525 1470 qnia
1535 1395 1690 1468 confortati
1699 1396 1769 1451 rant

113 1477 175 1536 quae
188 1459 217 1516 stt
239 1475 363 1534 corpore,
390 1476 473 1534 quam
498 1460 631 1518 Dominus
653 1465 784 1532 permrttrt
799 1459 917 1516 docens:
967 1504 1054 1562 super
1073 1503 1131 1544 m·
1160 1485 1253 1544 emi,
1274 1485 1348 1542 enim
1379 1501 1510 1542 flumem,
1534 1481 1766 1558 memmium!

117 1553 147 1610 Si
157 1549 513 1626 cclpcrrecuttsurrtnttc
526 1549 876 1622 “namviviiaitmrsiidm
886 1550 918 1606 ²¹²¹
967 1575 1232 1651 abundatiniquitas,
1244 1574 1401 1650 refrigescit
1411 1574 1528 1632 charitas
1539 1573 1653 1646 (liattit.
1671 1571 1765 1645 xxxv).

116 1642 206 1742 “Q''
221 1640 333 1741 suam·
349 1641 398 1739 ψ
414 1639 508 1740 ⁸¹¹,em’
526 1655 588 1713 ‘¹¹¹ae
602 1638 631 1740 fif
646 1638 747 1706 ‘mim’
763 1653 843 1712 ΨΜ
859 1638 918 1694 ⁰⁰·
968 1665 1074 1723 Deinde
1088 1681 1122 1722 ex
1136 1678 1256 1737 persona
1278 1665 1411 1722 Ecclesiae
1426 1663 1553 1738 loquens,
1569 1661 1680 1736 exponit
1693 1661 1767 1718 unde

113 1746 206 1786 monus
221 1746 249 1786 m
263 1729 413 1801 Evanpebc
433 1728 688 1801 vituperat,d1cens
704 1744 711 1784 :
728 1721 954 1786 llcrcenarraoB
969 1757 1004 1812 si,
1018 1755 1187 1824 liberandus,
1202 1755 1298 1812 dicens
1314 1771 1321 1810 :

112 1823 210 1876 antem
221 1820 307 1892 etqui
316 1821 538 1891 nonestpattor.
547 1817 622 1875 videt
635 1819 735 1890 lupum
744 1819 915 1884 comentem,
1490 1877 1496 1890 ,
1575 1877 1581 1890 ‚

113 1913 142 1966 et
156 1909 232 1988 sapit
250 1907 343 1980 (toan.
365 1911 407 1978 x).
423 1906 497 1963 Talis
512 1906 623 1980 quidem
638 1907 704 1981 ingo
718 1906 753 1963 ab
767 1905 820 1962 isto
834 1903 915 1978 perit.
1003 1881 1088 1938 vm·
1105 1881 1149 1937 ¹⁰·
1165 1911 1200 1924 ·“
1217 1902 1229 1931 ‘
1245 1878 1379 1980 13⁶⁰ssss
1392 1877 1515 1936 ⁰⁰⁸²⁰d¹²
1538 1892 1656 1932 immam
1676 1889 1767 1976 ”¹¹0⁸ss

114 1998 235 2070 ideoque
249 1997 296 2064 ait,
306 1995 388 2070 periit
398 1995 489 2070 ingan
504 2012 559 2064 me,
570 1995 599 2052 id
613 2003 719 2053 estnon
735 1993 801 2067 iugi.
818 1995 859 2050 Ab
869 1993 916 2052 illo
972 1971 1032 2028 ‘id
1054 1967 1240 2072 ⁰0¹¹s¹109d¹¹m
1260 1984 1365 2072 nomint
1379 1976 1445 2036 ¹¹¹⁰i
1461 1983 1505 2024 ¹¹¹0
1527 1971 1685 2040 0¹⁵P0⁰¹⁸¹²¹
1699 1971 1767 2035 pustx

114 2087 188 2144 enim
203 2085 285 2160 periit
300 2083 367 2160 iuga
382 2085 428 2159 qui
442 2100 498 2142 non
512 2085 589 2158 fugit,
607 2083 686 2159 quasi
705 2084 915 2142 circumclusum
969 2082 981 2112 '¹
999 2060 1088 2117 d⁰¹¹⁰⁰
1101 2059 1237 2116 i⁰¹³¹¹³¹¹²⁸
1250 2059 1327 2114 Μ·
1347 2081 1358 2108 ”

112 2193 143 2233 se
158 2175 233 2245 dicit,
249 2175 312 2250 quio
327 2175 396 2232 sicut
417 2174 616 2232 circumclusus
635 2190 689 2231 non
704 2173 773 2248 iugit
787 2189 914 2246 corpore,
1005 2167 1079 2225 Educ
1090 2167 1123 2224 do
1133 2165 1273 2237 custodio,
1285 2166 1328 2222 vel
1337 2179 1456 2233 carcerc,
1467 2164 1521 2222 alia
1530 2162 1765 2232 internecionem

111 2265 175 2339 quia
189 2281 246 2323 non
259 2273 358 2338 potest,
375 2253 413 2321 ita
431 2263 483 2321 iste
506 2280 561 2320 non
576 2263 645 2338 frigit
659 2271 761 2332 mente,
782 2263 916 2336 quianon
965 2273 1069 2314 meam.
1085 2254 1185 2330 [lup]
1196 2255 1260 2313 ilaec
1274 2255 1407 2322 custodia,
1419 2253 1465 2313 vel
1474 2254 1517 2311 bio
1532 2267 1627 2310 carcer
1640 2250 1710 2309 iorte
1724 2257 1766 2308 est

111 2355 179 2414 volt.
194 2353 277 2412 Periit
300 2370 369 2430 ergo
392 2352 459 2429 iupa
482 2353 516 2411 ab
532 2353 588 2422 ilio,
614 2353 676 2426 quie
691 2369 832 2426 nunquam
847 2352 916 2427 iugit
966 2346 1098 2419 spelunca
1112 2345 1168 2416 illa,
1184 2359 1265 2418 quom
1286 2344 1379 2400 titulus
1402 2343 1477 2402 dicit.
1503 2343 1553 2400 llic
1566 2349 1657 2398 autem
1670 2355 1766 2398 carcer

111 2445 214 2512 animo,
231 2443 296 2501 licet
311 2459 425 2517 corpore
442 2443 599 2518 aliquando.
616 2445 650 2499 El
665 2459 723 2502 non
747 2447 790 2499 est
812 2441 847 2499 de
862 2442 915 2499 illis
965 2435 1085 2503 mundns
1098 2441 1188 2508 potest
1202 2434 1265 2503 dici,
1290 2434 1338 2490 ubi
1351 2433 1444 2492 omnia
1458 2448 1529 2490 vana
1544 2439 1615 2498 sunt,
1628 2431 1692 2504 quia
1706 2447 1765 2487 om·
1781 2457 1784 2464 ⁴

110 2533 349 2608 persequentibus,
376 2535 424 2607 qui
446 2533 575 2607 requirat
596 2533 725 2589 animam
740 2548 845 2603 meam,
860 2548 917 2588 uon
965 2525 1012 2582 nia
1027 2525 1076 2582 sub
1089 2525 1146 2581 sole
1161 2524 1277 2580 vanitas.
1293 2521 1371 2582 Unde
1386 2523 1437 2580 iste
1451 2528 1527 2597 rogat
1542 2519 1622 2579 educi
1635 2520 1764 2593 enimam,

109 2624 172 2681 dico
188 2623 223 2680 ad
244 2621 475 2698 persequendum,
503 2621 554 2678 sed
568 2621 602 2678 ad
616 2621 786 2678 imitandum.
804 2620 914 2691 Queri·
966 2629 1028 2690 qum
1048 2613 1111 2670 inde
1133 2612 1217 2670 multa
1240 2612 1352 2685 patitur,
1374 2611 1402 2668 id
1427 2619 1470 2668 est
1494 2619 1554 2668 crat
1567 2609 1646 2668 educi
1659 2611 1695 2665 de
1713 2609 1766 2667 hoc

110 2721 153 2770 tur
168 2713 240 2770 curru
255 2713 347 2770 anima
361 2712 471 2770 duobus
483 2711 584 2780 modis,
596 2720 643 2768 cut
653 2727 668 2768 a
680 2711 912 2784 persecutoribus,
964 2703 1077 2770 mundo,
1094 2703 1129 2760 uc
1143 2702 1194 2758 suu
1209 2701 1278 2769 cole,
1294 2701 1343 2758 ubi
1368 2701 1460 2758 omnio
1474 2699 1592 2757 vanites.
1606 2698 1656 2756 Vel
1674 2713 1767 2756 carcer

111 2811 157 2860 aut
170 2819 187 2858 a
200 2803 387 2872 dilectoribus,
412 2801 482 2860 sicut
502 2799 568 2878 iuga
591 2801 662 2874 perit
680 2800 789 2858 duobus
811 2801 911 2870 modis,
964 2793 1065 2851 dicitur
1079 2807 1180 2865 corpus
1202 2792 1362 2858 humanum,
1388 2791 1438 2848 sed
1461 2806 1517 2847 non
1532 2796 1573 2847 est
1585 2805 1716 2864 magnum
1730 2788 1766 2844 de

112 2900 140 2951 et
154 2909 170 2950 a
186 2899 277 2966 capto,
292 2899 319 2950 et
333 2891 432 2950 aioni.
964 2899 1083 2956 corpore
1099 2882 1184 2951 exire,
1209 2882 1283 2956 quod
1297 2888 1325 2938 et
1348 2881 1413 2937 mali
1427 2880 1536 2949 hubent,
1559 2887 1586 2936 et
1600 2893 1697 2936 omnes
1711 2877 1765 2937 cito

146 3003 222 3060 p,ms
237 3017 267 3059 η,
284 2999 371 3060 qm·
395 2999 422 3056 7,
437 3030 473 3040 ,
498 3019 509 3052 ,
527 2995 649 3056 mamm
672 2999 708 3056 ,d
731 3005 768 3069 te,
784 2994 900 3054 Domine
963 2969 1008 3030 vel
1023 2987 1084 3028 sero
1099 2972 1152 3028 boc
1174 2971 1274 3026 habent
1288 2989 1295 3038 ;
1311 2984 1363 3027 uec
1378 2977 1420 3026 est
1433 2970 1559 3038 ebaritas,
1579 2969 1603 3026 si
1623 2969 1713 3039 J'ustus
1731 2968 1766 3024 ad

904 3040 911 3069 '
929 3089 953 3151 0
963 3060 1016 3118 hoo
1028 3058 1111 3115 nimis
1126 3057 1246 3116 festinat.
1257 3057 1344 3114 Debet
1351 3057 1424 3113 enim
1433 3057 1505 3114 velle
1513 3073 1621 3114 manere
1631 3056 1660 3112 in
1669 3071 1763 3124 carne,

962 3151 985 3206 si
1000 3165 1115 3207 necesse
1131 3155 1172 3205 est
1187 3154 1300 3220 propter
1311 3145 1417 3202 fratres.
1434 3146 1483 3203 Vel
1498 3146 1589 3218 potius
1607 3160 1708 3218 corpus
1722 3154 1764 3202 est

962 3254 1065 3308 carcer,
1088 3253 1144 3296 non
1166 3236 1260 3311 utique
1281 3235 1433 3294 secundum
1454 3235 1482 3292 id
1506 3235 1581 3308 quod
1603 3236 1677 3292 Deus
1700 3234 1764 3292 iecit

960 3331 1051 3403 ipsum
1066 3329 1177 3398 bouum,
1193 3325 1243 3383 sed
1264 3325 1415 3383 secundum
1436 3325 1464 3382 id
1479 3325 1553 3398 quod
1577 3323 1764 3412 corrumpitur

961 3428 988 3478 et
1002 3424 1136 3495 eggmvat
1149 3417 1279 3486 animam,
1295 3416 1376 3473 idest
1390 3415 1527 3488 corruptio
1538 3415 1607 3487 ejus,
1618 3431 1680 3489 quoe
1690 3413 1764 3473 veuit

113 3114 125 3145 ι
142 3089 199 3148 dixi
215 3110 222 3148 :
238 3091 279 3148 'lu
303 3107 333 3150 es
348 3105 412 3164 spes
426 3104 507 3159 mea3
533 3089 624 3162 portio
647 3104 710 3146 mea
727 3087 757 3146 in
781 3095 855 3144 terra
869 3085 913 3145 vi-

113 3181 276 3238 ncentium.
298 3201 310 3230 r

147 3287 284 3348 diamani.
310 3286 459 3362 [Cassiod.,
479 3288 563 3361 Aug,
585 3284 681 3354 llilar„
701 3281 838 3360 Cassiod]
859 3283 911 3342 Se-

110 3377 200 3436 cunda
218 3393 294 3450 pers,
310 3376 357 3434 ubi
370 3377 427 3452 agit
441 3376 477 3433 de
490 3373 543 3432 line
557 3373 703 3432 malorum.
715 3373 800 3446 Quasi
813 3374 887 3432 dicat
902 3391 910 3429 ε

110 3470 151 3524 lto
166 3467 244 3524 mibi.
260 3468 294 3524 ilt
307 3467 382 3535 ideo,
397 3464 521 3523 clamari
535 3461 571 3522 nd
595 3468 632 3532 te,
650 3465 776 3532 Domine,
789 3462 909 3522 ctdicr':

112 3560 151 3617 To
165 3574 195 3616 es
209 3572 272 3632 spes
295 3573 369 3612 men.
387 3555 437 3612 llic
459 3555 524 3612 ideo
537 3553 630 3610 omnia
652 3554 751 3610 tolero.
764 3556 801 3612 lit
818 3553 911 3627 portio

110 3672 184 3724 men,
201 3663 230 3712 tu
244 3671 285 3723 es,
298 3669 353 3712 non
368 3653 422 3718 hic,
438 3649 488 3711 sed
502 3653 535 3708 in
546 3655 624 3710 terro
634 3651 799 3718 viventium,
811 3650 858 3707 ubi
869 3667 909 3720 se,

105 3745 196 3818 ipsum
211 3743 360 3801 videndum
383 3740 468 3798 dabit.
497 3740 548 3798 Vel
563 3741 591 3796 in
611 3756 728 3813 persone
743 3737 844 3796 Christi
858 3755 911 3812 po·

109 3842 163 3891 test
178 3832 265 3905 accipi
281 3833 316 3890 ab
330 3831 377 3888 ilio
392 3830 453 3888 loco
469 3847 477 3886 ε
495 3829 720 3897 Considercbom,
741 3827 829 3902 quiin
843 3841 911 3900 pas-

109 3923 300 3980 sioneetiamn
310 3920 452 3994 discipulis
462 3916 609 3978 derelictus
619 3919 654 3975 ait
671 3935 677 3975 :
695 3915 911 3977 consideratam

109 4014 146 4071 od
173 4011 334 4078 annam,
360 4011 395 4067 ad
418 4010 546 4077 litteram,
568 4013 598 4066 et
616 4005 751 4077 mdabanr,
776 4007 800 4062 si
820 4013 912 4064 esseut

108 4102 147 4159 ibi
161 4101 278 4175 apostoli
288 4099 351 4156 urei.
368 4101 468 4157 Etnon
480 4104 543 4156 erat
553 4097 591 4154 ibi
599 4099 648 4172 qni
661 4103 839 4172 acpnosecret
855 4112 910 4154 mc.

107 4190 231 4264 Apostoli
246 4189 319 4247 enim
334 4204 388 4246 non
403 4189 511 4244 stabant
521 4188 558 4245 od
572 4188 712 4244 dexteram
725 4194 755 4244 ut
769 4184 910 4253 solebant,

108 4280 174 4352 quia
188 4278 293 4336 carnali
307 4277 402 4335 timore
426 4276 543 4349 dispersi
556 4284 637 4346 sunt;
653 4273 703 4333 sed
723 4291 777 4350 ego
789 4274 906 4347 perstiti.

107 4369 186 4428 Unde
208 4368 332 4442 sequitur
348 4385 355 4424 :
371 4367 539 4440 Periitsxpo
550 4384 568 4423 o
578 4383 633 4433 rna,
649 4365 725 4440 iupa.
736 4364 841 4424 scillcet
854 4371 911 4420 tam

108 4457 236 4532 corporis
250 4473 332 4532 quam
346 4456 440 4512 animi.
455 4458 559 4514 Etncn
575 4459 617 4512 cst
632 4457 679 4529 qni
698 4455 825 4528 requirat
844 4455 948 4517 oni-1)

108 4565 187 4606 mom
208 4563 312 4615 nocam,
336 4547 399 4619 quia
420 4544 497 4601 nulla
511 4543 662 4602 consolatio
678 4543 703 4600 ci
717 4544 780 4600 date
795 4552 847 4612 est,
862 4543 913 4601 sed

108 4637 184 4694 solus
207 4636 243 4694 ad
267 4635 422 4710 passionem
445 4633 556 4692 relictus
586 4642 637 4690 est.
663 4631 740 4690 Unde
763 4632 851 4690 alibi:
876 4635 911 4692 Εἰ

108 4726 547 4800 rmnnutqutccncotcrctor,ct
557 4722 728 4782 noninceni.
739 4721 843 4780 Etideo
853 4721 913 4780 clo·

106 4815 230 4874 moriad
242 4819 278 4881 te,
291 4816 418 4881 Domine,
429 4813 548 4870 ecdici:
563 4814 602 4870 To
620 4810 864 4886 superoccupat
878 4828 912 4870 ex

107 4905 235 4962 omnious
250 4911 276 4960 te
290 4903 373 4976 eligo,
389 4910 416 4960 et
430 4909 457 4958 tu
467 4919 497 4959 es
504 4902 600 4975 portic
610 4917 673 4958 roca
683 4903 715 4958 in
725 4905 801 4956 terro
813 4903 911 4958 vioco-

109 4995 193 5052 tium.
209 4992 355 5050 llumiliter
368 4989 434 5048 dicit
450 4996 477 5046 et
496 4989 677 5048 communiter
691 4988 845 5062 portionem
859 4988 912 5046 sibi

108 5099 170 5140 esse
185 5082 212 5138 in
227 5090 303 5138 terra
315 5079 474 5150 rirenticnn,
490 5095 553 5136 cum
567 5087 623 5136 tota
638 5079 672 5134 sit
686 5095 744 5134 sua.
760 5079 819 5136 lloo
837 5087 912 5152 patet

106 5188 140 5230 ex
154 5174 207 5230 hoc
220 5171 294 5246 quod
308 5169 375 5227 dixit
388 5168 489 5226 latroni
504 5184 511 5225 :
527 5168 613 5226 llodic
622 5184 733 5225 mecam
742 5169 800 5226 eris
809 5170 842 5226 in
854 5185 910 5244 pn·

105 5263 199 5320 radieo
214 5261 296 5334 (Luc.
315 5258 407 5332 xxm),
425 5259 471 5332 qui
485 5265 526 5316 est
541 5266 611 5316 terra
626 5257 776 5315 viventium
790 5266 909 5316 etorm-

104 5351 176 5408 liter.
193 5348 298 5408 Deinde
313 5348 434 5424 sequitur
447 5365 480 5408 ex
495 5361 615 5422 persona
630 5345 713 5403 totius
732 5345 856 5406 Christi:

140 5459 226 5518 vccs.
241 5463 267 5514 8.
283 5481 347 5506 -c
374 5456 489 5514 intende
509 5455 544 5512 ad
564 5453 786 5527 deprecationem
806 5470 907 5523 meam,

105 5572 117 5598 c
135 5547 201 5622 quia
214 5547 370 5604 humiliatus
385 5561 446 5604 sum
458 5545 552 5602 nimis.
572 5566 585 5598 r

137 5655 267 5726 intem,
284 5653 379 5730 [dap]
390 5654 469 5730 quasi
482 5653 554 5713 dicat
570 5670 579 5711 z
593 5650 664 5723 Quia
673 5660 742 5710 tneo
754 5667 820 5727 spes
834 5665 906 5710 mea.

961 3527 995 3567 ex
1009 3517 1122 3582 peccato
1136 3523 1233 3566 carcer
1247 3515 1299 3564 est.
1315 3507 1356 3563 De
1371 3522 1425 3579 qua
1445 3505 1621 3578 corruptione
1642 3505 1694 3563 iste
1707 3505 1765 3562 vnit

962 3599 1051 3668 educi,
1076 3606 1106 3656 ut
1139 3597 1185 3654 liat
1209 3595 1436 3669 incorruptibilis,
1461 3603 1488 3652 et
1514 3595 1543 3652 in
1564 3595 1764 3668 incorruptibili

961 3704 1045 3745 carne
1059 3686 1290 3760 quiescatanima,
1300 3701 1361 3758 quoe
1373 3701 1445 3741 nuuc
1460 3683 1667 3756 incorruptibili
1681 3699 1763 3740 carne
1786 3697 1789 3704 ’

962 3775 1048 3850 gemit
1060 3783 1088 3832 et
1100 3776 1281 3850 angustietur.
1295 3777 1375 3832 Nunc
1394 3789 1463 3846 ergo
1476 3789 1576 3846 corpus
1589 3772 1688 3829 anunae
1701 3787 1764 3830 car·

962 3880 1009 3922 cer
1022 3871 1074 3932 est,
1090 3872 1204 3936 propter
1216 3863 1419 3936 corruptionem
1431 3881 1438 3931 ς
1455 3862 1483 3918 in
1498 3860 1651 3918 iuturoerit
1664 3861 1762 3918 domus

962 3961 1074 4026 propter
1091 3952 1321 4025 incorruptionem
1342 3959 1369 4009 ct
1388 3951 1552 4007 libertatem.
1577 3951 1675 4007 llerita
1689 3950 1762 4008 enim

961 4057 1101 4100 carcerem
1122 4041 1234 4109 iaciunt,
1258 4041 1327 4098 sicut
1353 4057 1435 4097 uuum
1457 4041 1643 4099 habitaculum
1657 4039 1763 4099 incluso

961 4147 1057 4189 carcer
1071 4139 1122 4202 est,
1138 4129 1349 4190 custodidomus
1363 4139 1425 4198 est;
1439 4129 1550 4187 libertas
1564 4132 1676 4189 domum
1686 4129 1761 4200 iacit,

962 4221 1080 4278 servitus
1104 4235 1255 4278 carcerem.
1281 4222 1322 4276 lta
1346 4235 1412 4294 ergo
1433 4237 1490 4277 non
1504 4237 1578 4291 caro,
1594 4221 1763 4294 quam-Deus

961 4309 1036 4380 iecit,
1053 4310 1102 4366 sed
1125 4309 1264 4382 corruptio
1288 4316 1315 4366 et
1344 4310 1457 4367 tentatio
1482 4318 1641 4379 carcercst,
1658 4309 1694 4366 de
1707 4326 1763 4382 quo

961 4407 1090 4472 precatur
1107 4398 1323 4467 coactricem:
1338 4399 1415 4457 Educ
1426 4400 1554 4456 animam
1564 4399 1698 4456 cocantde
1713 4415 1762 4455 ca·

963 4490 1065 4558 stedia,
1080 4489 1125 4546 vel
1139 4505 1259 4558 carcere,
1274 4489 1302 4545 id
1320 4495 1363 4545 est
1376 4489 1412 4546 de
1433 4487 1605 4560 curmptione
1626 4485 1761 4560 comonis,

938 4579 1029 4654 ‚quia
1041 4577 1069 4635 in
1090 4579 1266 4652 corruptione
1288 4595 1349 4651 qnae
1372 4585 1413 4635 est
1436 4593 1516 4651 poeua
1530 4576 1655 4649 corporis
1670 4591 1761 4650 angn-

963 4669 1067 4738 stiotur,
1083 4677 1145 4742 post
1155 4683 1224 4742 quas
1234 4667 1376 4742 angustias
1386 4667 1414 4724 in
1423 4665 1565 4723 domoDci
1574 4673 1631 4724 tcta
1641 4667 1695 4724 rita
1708 4666 1761 4724 erit

961 4757 1108 4830 confessio,
1133 4758 1217 4816 idest
1241 4757 1301 4814 lans
1325 4757 1383 4814 Dei.
1406 4757 1485 4814 Unde
1506 4755 1598 4812 subdit
1620 4755 1657 4813 ad
1671 4757 1761 4826 coort-

962 4849 1091 4919 tcndam,
1107 4848 1135 4904 id
1148 4855 1190 4905 est
1203 4854 1231 4904 ut
1246 4845 1407 4904 confiteatur
1420 4846 1531 4905 nomini
1545 4849 1603 4903 tuo.
1615 4845 1695 4904 blodo
1711 4846 1763 4901 im-

961 4938 1036 5010 pedit
1050 4953 1145 4995 curaer
1157 4936 1287 5004 confiteri,
1303 4951 1348 4993 me
1368 4939 1537 5010 exspectant
1548 4935 1632 5009 jotti.
1650 4935 1707 4992 ilco
1726 4949 1760 4991 ex

962 5026 1059 5099 capite,
1075 5025 1102 5082 id
1117 5033 1206 5083 estex
1225 5040 1343 5098 persona
1366 5023 1463 5097 capitis
1476 5023 1580 5095 subdit,
1595 5033 1760 5081 noumutata

960 5131 1038 5184 voce,
1055 5115 1136 5188 quale
1148 5114 1199 5171 init
1211 5113 1278 5172 illud
1292 5115 1366 5189 quod
1381 5131 1463 5187 supra
1477 5113 1505 5170 in
1515 5111 1568 5170 line
1578 5114 1760 5188 precedentis

960 5205 1059 5278 psalmi
1067 5204 1142 5274 dixit,
1153 5204 1341 5279 rinpoloriter
1350 5220 1414 5262 rom
1423 5204 1510 5262 donec
1521 5207 1677 5262 transeam.
1688 5201 1762 5278 [Cus-

961 5292 1044 5367 siod.]
1060 5293 1108 5350 Vel
1124 5301 1209 5350 totum
1223 5309 1256 5349 ex
1271 5307 1388 5366 persona
1402 5291 1500 5365 cepitis
1514 5298 1604 5366 potest
1618 5293 1706 5366 accipi
1721 5293 1757 5349 ab

960 5382 1008 5440 illo
1023 5382 1084 5439 loco
1100 5383 1218 5440 :libere
1231 5399 1276 5440 mc
1292 5400 1310 5440 a
1324 5383 1554 5457 persequentibus
1569 5397 1623 5449 mc,
1646 5382 1757 5455 taleis,

960 5473 1027 5545 qaia
1040 5474 1196 5545 confortati
1209 5475 1280 5529 tant
1294 5489 1442 5547 rapcrnrc,
1454 5471 1667 5530 meoecidendo.
1684 5473 1728 5542 lit,
1741 5487 1758 5529 o

960 5561 1087 5628 Domine,
1103 5561 1172 5619 educ
1187 5561 1365 5633 decaetodio,
1382 5562 1426 5620 rel
1436 5577 1560 5632 camere,
1572 5563 1692 5636 sepulcri
1707 5559 1759 5620 sci·

959 5651 1023 5710 licet
1036 5653 1165 5712 anieron
1178 5667 1281 5722 meam,
1297 5651 1326 5710 id
1340 5657 1382 5712 est
1400 5665 1511 5712 carnem
1524 5652 1623 5714 amma
1636 5649 1758 5713 redden·
