3878 6322
432 19 649 76 inconvenientia
664 19 758 75 dicens
774 38 781 74 :
798 20 827 76 Si
842 25 938 76 nutem
954 19 1082 75 Christus
1091 34 1149 73 non
1164 35 1227 73 sur·
1277 17 1375 73 dicitur
1389 18 1520 85 Christus,
1538 20 1600 91 quia
1623 39 1630 92 p

431 110 520 174 remit,
530 109 699 180 praedicatio
708 111 807 163 nostra
818 112 860 164 est
871 108 978 172 inanis,
988 107 1015 162 id
1027 114 1068 162 est
1077 105 1188 175 inutilis,
1199 111 1227 162 et
1278 115 1330 162 tate
1345 107 1472 163 surrexit.
1499 110 1630 177 Quoniam

432 196 500 266 fides
514 201 618 263 uestra,
632 196 806 252 similiterest
818 197 925 263 inania,
942 196 1021 252 idest
1036 195 1145 264 inutilis,
1164 211 1226 252 cnm
1277 195 1414 250 Christum
1443 197 1581 251 homiuem
1612 214 1627 268 p

432 285 505 340 nulla
520 286 704 341 remuneratio
719 286 753 341 sit
771 284 869 352 sutura,
891 285 965 356 quod
988 299 1037 340 ros
1059 299 1113 340 non
1128 283 1221 340 vultis.
1274 301 1326 358 per
1338 286 1480 342 hominem
1496 286 1608 358 quidem
1626 305 1630 341 t

431 374 596 430 Invenimur
609 377 716 440 nutem,
732 381 758 430 et
773 389 827 429 non
848 373 935 429 solum
954 374 1007 429 hoc
1030 372 1226 429 inconveniens
1276 379 1302 427 et
1317 372 1340 427 si
1356 374 1408 429 hoc
1417 381 1468 441 εει,
1481 389 1548 448 ergo
1560 379 1588 430 et
1597 391 1630 446 pe

429 462 559 534 sequitur,
581 462 630 518 sed
653 462 735 518 etiam
760 463 814 518 hoc
836 461 919 529 aliud,
945 461 1007 533 quia
1031 476 1082 517 nos
1097 460 1223 532 apostoli,
1277 461 1364 518 rectio
1378 466 1566 518 mortuorum.
1583 463 1630 519 Ect

430 550 528 622 quibus
543 567 638 606 omnes
653 550 778 616 credunt,
801 550 954 606 invenimur
973 550 1043 622 [uisi
1058 554 1145 605 testes
1163 551 1223 616 Dei,
1276 548 1358 604 homo
1373 549 1407 604 ad
1434 549 1525 618 vitam,
1550 552 1630 605 homo

430 639 475 711 qui
485 639 520 695 de
530 638 745 695 iolsalnndesua
755 638 889 704 irascitur,
903 639 1036 710 qnoniam
1047 639 1224 694 dirimente·
1275 635 1368 708 homo,
1383 637 1435 692 iste
1451 639 1524 693 Deus
1539 647 1564 692 ct
1579 640 1630 694 hon

430 728 596 784 stimonium
607 728 740 784 aduersus
751 730 850 792 Deum,
863 727 967 783 scilicet
977 727 1222 800 quietsnscituuit
1275 724 1335 790 iste,
1366 727 1558 797 supponitur
1582 729 1630 783 sicr

429 817 524 872 iesum
536 815 773 890 Chriatttnu,paem
781 815 1223 882 nortruseitauit,simortainon
1274 813 1348 870 venit
1363 829 1448 880 mors,
1465 830 1608 887 perquem

427 909 591 976 resurpant.
763 903 775 928 ’
1275 917 1370 958 omnes
1384 904 1550 958 moriuntur
1567 918 1630 974 corp

466 993 541 1063 (100)
556 991 1220 1065 PerhorrendumestaliquidiaisideDeodicere,
1274 991 1333 1060 ejus
1348 987 1479 1056 filiisunt,
1512 1007 1529 1046 s
1557 1008 1611 1063 quo

426 1087 453 1134 ει
468 1080 531 1134 sind
541 1081 650 1136 laudem
661 1082 686 1136 ei
699 1082 809 1137 videant
818 1082 966 1152 pertinere,
977 1081 1100 1153 quianon
1112 1080 1221 1147 minori,
1274 1086 1422 1146 traxerunt,
1444 1081 1485 1135 ita
1505 1083 1533 1135 et
1548 1097 1628 1136 ornae

426 1169 476 1224 sed
491 1169 583 1238 majori
598 1168 721 1226 fortassis
736 1170 842 1227 scelere
857 1169 884 1224 in
895 1171 953 1226 Deo
968 1169 1093 1225 laudetur
1107 1168 1257 1258 salsitas,B
1274 1167 1336 1240 quia
1354 1168 1412 1236 ejus
1426 1165 1475 1222 filii
1490 1177 1551 1223 sunt
1567 1169 1630 1240 spiri

427 1272 509 1329 quem
529 1257 698 1328 vituperatur
721 1259 832 1314 veritas.
861 1260 991 1315 Nomai.
1022 1256 1107 1326 Quasi
1126 1257 1220 1314 dicat:
1273 1256 1354 1312 tende
1369 1257 1507 1328 quomodo
1522 1257 1557 1312 ait
1570 1274 1630 1313 omn

426 1347 499 1401 Deus
514 1361 567 1401 non
589 1347 728 1404 suscitavit
756 1348 859 1413 iesum,
881 1347 904 1402 si
928 1347 1028 1402 ruortui
1052 1362 1106 1401 non
1126 1362 1221 1402 resur·
1273 1341 1403 1400 vivificari
1419 1345 1446 1400 in
1462 1345 1578 1413 Christo,
1596 1364 1630 1418 qu

425 1442 490 1505 gunt
507 1453 515 1500 ς
531 1449 594 1490 nam
609 1451 662 1490 non
676 1436 835 1502 resurrexit,
852 1436 875 1490 si
890 1435 957 1490 illud
971 1443 1022 1504 est,
1038 1435 1111 1508 quod
1125 1435 1161 1489 ita
1176 1435 1221 1489 di·
1274 1439 1316 1487 tur
1329 1433 1381 1487 nisi
1396 1449 1445 1504 per
1460 1433 1545 1503 ilium,
1561 1450 1630 1488 nemr

425 1523 460 1578 cit
477 1539 484 1578 :
501 1525 605 1580 Nnmsi
619 1526 726 1580 mortni
736 1542 794 1580 non
809 1529 973 1595 resurpunt,
985 1541 1074 1598 neque
1091 1523 1221 1580 Christus
1274 1519 1344 1589 Quia
1360 1521 1429 1578 sicut
1442 1538 1491 1594 per
1505 1523 1592 1578 Adam
1607 1538 1630 1577 or

424 1613 594 1668 resurrexit.
613 1613 688 1680 Quod
698 1613 724 1668 id
740 1622 791 1680 est,
804 1614 862 1679 sed,
879 1614 903 1668 si
918 1613 1046 1670 Christus
1060 1630 1119 1668 non
1130 1629 1221 1670 resur·
1273 1616 1332 1663 sunt
1348 1607 1396 1664 filii
1420 1610 1521 1675 saecuii,
1546 1610 1583 1665 ita
1607 1619 1630 1666 et

423 1703 511 1766 rexit,
527 1708 591 1756 tuno
606 1701 672 1761 tides
684 1705 777 1757 uestra
791 1717 864 1757 uana
879 1707 931 1769 esi,
953 1701 981 1756 id
1007 1709 1047 1756 est
1062 1701 1139 1766 inlsa,
1165 1717 1220 1757 nou
1271 1698 1399 1753 mortales
1414 1699 1442 1752 in
1456 1699 1544 1772 gratia
1558 1697 1624 1755 fiunt

422 1796 524 1844 tantum
538 1789 650 1844 inutilis.
667 1790 762 1846 Adhuc
778 1791 864 1846 enim.
875 1790 960 1859 Quasi
970 1791 1057 1847 dicat:
1071 1791 1141 1846 Vere
1150 1789 1219 1846 fuiss
1272 1785 1339 1858 bigit
1352 1786 1404 1843 hoc
1418 1787 1452 1842 de
1468 1796 1554 1844 morte
1568 1804 1630 1860 corp

421 1885 463 1932 est
477 1876 555 1944 tides,
580 1878 603 1932 si
626 1877 749 1933 Christus
777 1895 831 1933 non
855 1879 1020 1946 resurrexit,
1038 1879 1100 1951 qnia
1115 1879 1217 1946 adhuc,
1271 1875 1440 1931 surrectione
1455 1877 1575 1948 corporis
1590 1893 1630 1950 ngr

424 1966 527 2022 scilicet
538 1973 601 2037 post
624 1967 799 2037 baptismum,
817 1969 883 2023 estis
906 1969 938 2023 in
961 1970 1085 2040 peccatis
1106 1969 1216 2036 uestris,
1271 1961 1355 2033 Quasi
1369 1963 1440 2020 dicut
1456 1982 1462 2019 :
1479 1966 1536 2021 Hoc
1549 1982 1630 2021 omna

423 2071 483 2126 quae
497 2055 613 2110 remissa
629 2054 687 2110 iore
703 2055 867 2110 credebatis.
886 2056 952 2111 Sunt
967 2057 1009 2110 hae
1026 2072 1097 2112 verae
1112 2071 1217 2112 conne-
1270 2051 1333 2108 licet
1361 2053 1434 2124 qnod
1459 2061 1616 2126 resurgent,

421 2143 515 2198 xiones
530 2143 754 2210 ratiocinationis,
778 2143 861 2198 salsas
885 2152 974 2199 tamen
998 2144 1129 2200 hahentes
1151 2161 1216 2198 sen·
1269 2143 1461 2214 unusquisque
1479 2147 1605 2214 resurpet
1620 2144 1630 2197 i

421 2230 526 2285 tentius.
553 2231 591 2300 (1)
608 2228 671 2287 Hte'c
686 2239 776 2286 autem
798 2241 824 2288 ει
838 2232 893 2287 ulia
916 2232 978 2288 ideo
1001 2231 1163 2300 inseruntur,
1190 2239 1218 2286 ut
1269 2227 1409 2302 dignitate,
1426 2239 1528 2302 martyr
1543 2239 1572 2284 ut
1587 2247 1630 2284 ms

421 2318 466 2373 hic
479 2318 633 2383 eruhescat,
655 2319 731 2387 cujus
752 2335 871 2375 errorem
896 2322 954 2376 haec
974 2329 1134 2393 sequuntur,
1156 2337 1216 2392 quae
1269 2316 1308 2372 sic
1323 2325 1349 2372 et
1364 2317 1468 2374 caeteri.
1489 2319 1628 2375 i‘rirnt'tioe

421 2405 503 2461 etiam
517 2406 576 2477 ipse
591 2407 712 2462 damnat.
731 2409 771 2462 Ne
796 2424 864 2481 ergo
885 2409 913 2462 in
938 2411 989 2463 hoc
1008 2425 1100 2463 errore
1124 2425 1215 2465 rema·
1268 2405 1302 2461 de
1318 2423 1347 2462 re
1363 2415 1448 2474 cert-n,
1465 2415 1491 2462 et
1505 2415 1626 2479 tempora

420 2500 512 2562 neant,
528 2510 600 2567 erpo.
618 2494 713 2551 Adhuc
728 2495 819 2551 subdit
829 2496 902 2551 aliud
913 2497 1119 2552 inconveniens.
1132 2497 1214 2567 Quasi
1267 2493 1388 2549 futurum
1403 2495 1437 2549 sit
1453 2504 1479 2550 ut
1495 2511 1630 2569 resurgant

418 2582 489 2639 dicat
504 2599 510 2637 :
526 2583 560 2638 Et
575 2583 640 2655 qnia
654 2599 703 2639 vos
718 2584 784 2639 estis
797 2583 825 2639 in
841 2586 969 2656 peccatis,
982 2602 1047 2657 erpo
1058 2590 1086 2642 et
1097 2557 1249 2660 quidm·-G
1268 2583 1360 2650 mitiae,
1376 2583 1405 2638 id
1420 2593 1461 2638 est
1476 2583 1581 2654 primus
1597 2593 1630 2639 tor

417 2673 545 2727 mierunt
558 2673 590 2727 in
607 2671 731 2738 Christo,
748 2673 775 2727 id
799 2681 840 2729 est
865 2673 910 2746 qui
926 2675 1025 2729 mortui
1041 2681 1103 2729 sunt
1118 2675 1144 2730 iu
1161 2673 1214 2731 fide
1266 2671 1389 2726 Christus
1405 2679 1455 2737 est,
1471 2672 1516 2744 qui
1540 2671 1616 2743 prior

417 2759 527 2830 Christi,
543 2758 654 2816 fuerunt
667 2760 695 2815 in
710 2762 840 2832 peccatis,
864 2772 890 2818 et
903 2763 965 2818 ideo
986 2764 1145 2834 perierunt.
1163 2765 1215 2820 Per
1266 2769 1292 2814 et
1306 2759 1420 2816 sormam
1435 2761 1513 2816 daret
1527 2763 1630 2817 creden

416 2849 468 2905 hoc
479 2849 672 2905 verecundiam
687 2849 740 2904 iliis
754 2850 849 2906 incutit
864 2858 891 2906 et
905 2859 1046 2908 terrorem.
1058 2853 1087 2908 st
1107 2856 1137 2908 in
1149 2853 1212 2920 hate,
1265 2848 1293 2903 hi
1306 2852 1354 2922 qui
1364 2854 1432 2906 tutti
1444 2851 1559 2916 Christi,
1572 2851 1630 2907 scili

417 2944 469 2994 ete.
486 2936 565 2992 Aliud
579 2937 776 2994 inconveniens
795 2940 839 2996 hic
861 2941 989 2996 ostendit.
1006 2941 1091 3010 Quasi
1115 2942 1211 2998 dicat:
1265 2937 1311 3008 qui
1339 2937 1429 2994 minus
1463 2955 1495 2994 eo
1524 2939 1630 3010 dignis

415 3025 451 3080 Et
466 3025 488 3080 si
498 3025 623 3081 Christus
637 3042 693 3081 uon
707 3029 863 3096 resurrexit,
880 3043 931 3085 nos
946 3046 1045 3086 sumus
1064 3035 1212 3103 sperantes
1264 3034 1397 3098 tempore,
1413 3035 1438 3083 ei
1452 3027 1583 3100 dignitate
1607 3045 1630 3082 m

416 3115 447 3170 in
458 3114 578 3182 Christo,
593 3114 624 3172 1
634 3114 748 3172 10id
762 3125 803 3172 εει
817 3118 843 3172 in
858 3117 912 3174 tide
927 3117 1038 3185 Christi,
1056 3124 1169 3175 teritum
1180 3121 1211 3174 in
1264 3115 1374 3186 exponit
1389 3115 1483 3172 dicens
1500 3133 1506 3172 :
1526 3119 1630 3186 Qntcrr

416 3202 468 3257 hac
483 3203 551 3268 vito,
568 3211 596 3258 ut
612 3204 839 3260 resurrectionem
852 3204 969 3260 futuram
985 3221 1039 3262 non
1051 3223 1205 3278 speremus.
1262 3203 1289 3259 id
1304 3212 1344 3258 est
1358 3203 1448 3274 ipsum
1463 3205 1497 3260 ad
1511 3219 1630 3259 remanet

415 3291 449 3344 Et
463 3290 487 3345 si
500 3291 551 3346 hoc
575 3300 625 3360 est,
642 3299 705 3348 tunc
724 3294 944 3350 miserabiliores
958 3311 1056 3351 samur
1081 3297 1210 3352 omrtihus
1262 3291 1289 3346 in
1305 3291 1630 3348 lihrotalislitternhahet

403 3375 582 3444 'hominihus
599 3380 645 3452 qui
659 3382 702 3436 vel
717 3382 769 3437 hoc
784 3383 885 3439 sanato
900 3381 1040 3438 fruuntur.
1262 3381 1293 3436 in
1308 3381 1507 3452 narrentanas,
1525 3381 1626 3437 scilicet

448 3469 670 3526 versio-iii.-
680 3471 865 3527 Nuncautem
877 3471 1005 3528 Christus
1022 3474 1210 3529 resurreetio
1261 3468 1295 3522 rii
1310 3469 1345 3524 fld
1356 3469 1503 3538 100ῑῦ10101
1519 3469 1618 3525 deinde

414 3557 1209 3634 rnortaisprimitiadormientium,qaoniumperidemper
1260 3557 1307 3624 tio,
1324 3558 1375 3613 1100
1390 3557 1465 3628 ponit
1483 3559 1517 3613 ud
1542 3574 1629 3614 comm

412 3645 890 3720 hominemmors,etperhominem
904 3652 1209 3708 resurrectiomortuo-
1259 3661 1312 3718 qua
1335 3645 1446 3717 impleta
1471 3653 1497 3702 et
1522 3645 1582 3702 finis
1606 3663 1630 3703 et

411 3749 485 3789 rum.
504 3736 537 3790 Et
547 3735 622 3792 sicut
637 3737 668 3791 in
682 3737 771 3792 Adam
784 3754 880 3794 omnes
895 3739 1070 3807 moriuntur,
1083 3741 1125 3795 ita
1141 3742 1207 3796 etin
1259 3735 1396 3802 Omnissffli
1415 3743 1440 3790 ⁰¹
1451 3736 1502 3792 ¹¹00
1513 3737 1574 3804 eiii,
1585 3753 1630 3793 0²⁴¹

412 3821 859 3894 Christoomrtesuivificabuntur.
872 3829 1207 3900 Unusquisqueautemin
1258 3825 1495 3894 repraesentaverit
1517 3842 1630 3897 reanum

410 3926 460 3966 ruo
469 3912 579 3981 ordine,
594 3914 732 3986 primitiae
749 3915 878 3972 Christus
894 3934 902 3982 ;
917 3916 1019 3972 deinde
1034 3916 1064 3972 tn·
1074 3918 1122 3990 qai
1136 3921 1204 3974 sunt
1217 3913 1243 3977 D
1258 3913 1384 3983 operibus
1406 3913 1483 3980 rexit,
1508 3915 1562 3970 Deo
1585 3930 1629 3970 cro

411 3998 527 4066 Christi,
544 4001 637 4073 quiin
654 4002 808 4058 aduentum
819 4005 878 4074 ejus
888 4003 1091 4072 erediderunt;
1106 4003 1204 4062 deinde
1257 4001 1348 4066 homa,
1366 4005 1394 4058 et
1405 4004 1553 4070 Pntrisuo,
1566 4003 1630 4075 inqu

408 4087 492 4159 anu,
508 4105 573 4145 cam
589 4089 740 4146 tradiderit
763 4107 883 4163 reprcunt
897 4093 951 4148 Deo
965 4096 995 4148 ct
1016 4094 1119 4160 Patri,
1138 4110 1204 4150 cum
1255 4089 1355 4145 dicitur
1370 4091 1479 4147 tradere
1494 4091 1575 4159 Patri,
1592 4101 1620 4146 ut

408 4179 586 4234 evacuaverit
608 4195 692 4235 omne
718 4180 916 4252 principatum
934 4185 961 4236 et
981 4184 1153 4254 potestatem
1175 4187 1204 4239 et
1255 4194 1323 4234 sona
1337 4187 1378 4234 est
1393 4179 1477 4236 Filius
1493 4197 1572 4253 quarn
1589 4181 1630 4236 Pat

406 4266 552 4322 uirtutem.
1254 4273 1355 4322 tremor
1370 4269 1506 4324 Christum
1535 4271 1630 4324 traditu

440 4356 522 4410 Nunc
545 4359 652 4412 nutem.
677 4354 760 4425 Quasi
783 4357 854 4412 dicet
872 4372 877 4412 :
895 4358 924 4414 Si
948 4359 1071 4415 Christus
1085 4376 1141 4416 non
1158 4377 1202 4416 re·
1252 4363 1281 4409 ut
1296 4356 1396 4412 adimat
1408 4358 1473 4426 sibi,
1489 4358 1563 4430 quod
1578 4359 1630 4430 quit

404 4442 530 4510 surrexit,
555 4443 615 4499 haec
638 4443 855 4502 inconvenientis
879 4456 1045 4519 sequuntur,
1076 4449 1124 4504 sed
1151 4464 1201 4520 pro
1252 4444 1630 4503 Camenimdiciturirndidt

404 4530 447 4584 his
471 4530 723 4588 inconvenientibus
746 4533 873 4602 vitandis,
900 4551 971 4592 nunc
992 4545 1104 4608 apparet
1127 4538 1200 4610 quod
1252 4541 1327 4587 ratur
1355 4534 1414 4605 ipsc
1442 4534 1486 4591 vel
1512 4536 1627 4606 Spiritus

405 4617 534 4675 Christus
556 4621 718 4676 resurr-crit
737 4625 900 4692 amortuis,
920 4625 965 4696 qui
988 4634 1039 4692 est,
1063 4627 1200 4696 primitius
1252 4619 1329 4676 Patre
1352 4639 1421 4677 unus
1449 4630 1490 4678 est
1517 4624 1589 4678 Deus
1618 4625 1630 4678 i

402 4707 617 4776 dormientium,
634 4708 717 4766 idest
739 4717 917 4781 mortuorum,
934 4713 980 4785 qui
995 4713 1056 4771 ideo
1071 4715 1199 4771 dicuntur
1250 4707 1320 4778 Quid
1335 4727 1403 4784 ergo
1419 4719 1469 4780 est,
1487 4728 1547 4768 cum
1565 4714 1630 4768 trudi

435 4881 507 4949 (100)
527 4885 676 4950 hugoninus
688 4887 719 4938 ad
730 4886 832 4940 Hieron.
1285 4888 1323 4954 (5)
1343 4891 1391 4955 1d.,
1404 4891 1434 4942 ad
1446 4893 1595 4944 Dardanum.

435 4953 457 5011 (1
490 4952 526 5003 10.
540 4953 854 5007 Deductrinachristiana.
1283 4956 1321 5024 (t)
1341 4959 1387 5022 ld,
1400 4959 1568 5023 adoptatum.

435 5017 460 5083 (0
490 5019 538 5084 ta,
551 5021 708 5086 superiora.
1284 5023 1318 5089 (ὅ)
1338 5026 1384 5090 at,
1399 5026 1574 5078 DeTrinitate.
