3870 6064
101 201 156 254 365
595 197 877 255 communitatum
891 197 928 254 IN
942 195 1110 256 Pstluos.
1126 229 1158 240 —
1178 199 1272 254 PSXL.
1290 199 1404 254 XXXV.
1702 206 1754 260 366

104 323 179 378 dicat
196 340 204 377 :
220 321 273 390 Qut
286 329 417 394 utrosque
430 321 504 389 iecit,
516 330 647 393 utrosque
654 322 840 394 temporaliter
853 320 907 377 sal·
920 321 1067 382 Alamine
1083 327 1141 388 ιιο,
1158 321 1185 377 id
1201 330 1242 378 εει
1254 338 1305 392 per
1318 321 1465 390 Christum,
1481 322 1578 396 [llice]
1592 325 1639 396 qui
1660 332 1701 380 est
1714 325 1755 382 lu·

103 418 158 478 rut,
176 410 242 483 quia
255 418 282 466 et
296 410 452 482 temporalia
466 417 528 466 sunt
541 426 556 464 a
571 412 639 480 Deo,
656 427 716 482 quar
730 409 771 466 eis
785 425 906 466 commu·
956 425 1020 466 men
1034 409 1068 464 de
1083 408 1195 476 lumine,
1210 409 1363 466 videbimus
1380 410 1485 477 lamen,
1502 409 1597 484 [bug]
1611 411 1639 467 ιι
1654 411 1754 483 futuro,

104 498 177 554 nitar
192 500 248 568 dat,
265 507 292 554 ει
305 499 370 554 dicit
379 499 502 555 homines
512 497 638 555 carnales
647 506 759 554 tantum.
771 499 903 563 lumenta,
956 497 984 554 id
999 505 1040 554 εει
1054 498 1169 554 Patrem.
1185 498 1220 552 Et
1233 505 1298 553 nota
1310 497 1383 568 quod
1397 497 1469 553 idern
1490 499 1535 570 qui
1558 507 1599 554 est
1623 499 1693 572 sons,
1710 518 1758 557 cs-

104 587 206 658 aecipit
228 587 263 642 ad
277 586 405 654 litteram,
421 589 541 645 salvabis
565 587 795 660 quemadmodum
807 587 906 644 multi·
957 586 1049 642 lumen
1065 604 1071 641 :
1088 585 1149 642 sons
1164 585 1229 659 quia
1243 585 1340 652 satiat;
1357 584 1457 656 lumen,
1473 586 1534 658 quia
1548 587 1691 645 illuminat.
1707 590 1755 646 lu-

103 676 226 748 plicosti
238 676 464 734 misericordiam
479 681 568 741 taam,
579 679 664 733 Datis.
957 673 1036 730 terim
1051 681 1150 730 autem.

141 763 229 818 Vara.
247 767 273 818 8.
288 794 323 804 -
346 785 357 817 ι
376 764 435 819 Filii
459 772 551 820 autem
573 765 712 820 hominum
735 763 763 820 in
787 762 907 836 tegmine
994 763 1079 818 Vnus.
1106 766 1148 817 tt.
1174 791 1208 802 -
1234 783 1245 813 ι
1269 757 1655 821 Ριιιειιιείιιεειιεοιιιιιι
1681 773 1755 822 tuam

108 875 118 898 ι
140 851 249 906 alanum
265 859 379 918 tuarum,
394 853 544 925 sperabunt
557 853 585 908 in
599 860 635 909 te.
654 873 666 904 ι
961 871 972 901 ι
993 849 1141 906 scientibus
1156 858 1192 918 ιε,
1208 858 1235 906 ει
1247 850 1377 921 justitiam
1392 859 1463 906 tuam
1478 851 1522 906 his
1536 851 1582 925 qui
1604 860 1679 909 recto
1695 863 1757 910 snut

143 939 319 996 Piliicatcm
330 941 486 998 bominum
500 940 595 1014 [Aug]
610 939 694 1010 Quasi
713 939 800 996 dicat:
812 939 908 994 llcmi·
961 959 972 989 ι
994 938 1088 996 corde.
1111 957 1122 990 ι

107 1043 167 1096 ιεε,
184 1027 287 1084 scilicet
302 1029 435 1096 carnales,
452 1028 571 1086 salvabis
593 1027 772 1100 corporaliter
793 1035 907 1096 tantum,
994 1025 1143 1083 Proetende
1157 1027 1380 1084 misericordiam
1393 1031 1473 1083 tuctu
1483 1029 1684 1098 scientiarum,
1701 1045 1758 1088 rec

107 1131 169 1170 cnm
182 1117 324 1185 jumentis,
341 1116 389 1173 sed
403 1116 451 1172 lilii
465 1116 614 1183 boninum,
631 1117 659 1172 id
678 1124 718 1171 εει
732 1115 806 1183 boni,
817 1095 933 1189 spero*
959 1120 986 1169 te
1000 1113 1174 1170 credentibus
1190 1114 1302 1182 scilicet,
1320 1115 1413 1189 (Aug,
1432 1114 1475 1172 (ιι.
1491 1116 1553 1188 ιιι.)
1568 1117 1639 1190 quod
1655 1117 1760 1175 bonna

107 1206 189 1271 bunt,
205 1203 235 1259 id
249 1213 290 1259 εει
303 1221 386 1278 supra
398 1206 524 1262 homines
538 1206 675 1272 dicuntur,
688 1205 733 1278 qui
745 1213 807 1260 sunt
817 1219 909 1260 secun·
960 1209 995 1270 ιε,
1011 1202 1082 1258 mala
1096 1219 1111 1257 a
1126 1219 1165 1270 se,
1182 1207 1211 1260 ei
1222 1204 1370 1276 justitiam
1386 1207 1465 1260 tuom
1481 1205 1584 1261 scilicet
1598 1205 1660 1262 vitae
1672 1209 1757 1264 recti-

106 1291 172 1346 dam
188 1293 287 1362 adm,
303 1292 332 1348 id
348 1301 389 1350 εει
404 1292 450 1366 qni
463 1301 573 1366 portant
586 1293 733 1367 imaginem
746 1291 846 1349 veteris
860 1291 910 1347 bc·
960 1289 1091 1358 tudinem,
1110 1290 1153 1346 bis
1166 1294 1215 1364 qui
1229 1296 1307 1348 recto
1319 1297 1387 1348 sant
1404 1292 1496 1362 corde,
1513 1293 1559 1366 qui
1582 1293 1705 1366 dirigunt
1730 1312 1760 1351 se

108 1379 191 1434 minis
204 1379 267 1437 :hic
277 1379 621 1448 liliibomiuumdiouutur,
633 1381 749 1452 quisunt
759 1379 910 1436 secundum
958 1379 995 1434 ad
1010 1379 1174 1456 voluntatem
1187 1380 1248 1447 Dei,
1265 1378 1410 1453 {Cassiod}
1424 1396 1480 1436 non
1494 1397 1556 1436 earn
1569 1391 1684 1438 curvant
1698 1399 1715 1439 a
1731 1401 1760 1439 sc

109 1467 260 1536 christum,
275 1468 304 1524 id
318 1470 420 1543 estqui
435 1470 584 1544 imaginem
597 1469 698 1525 Christi
711 1476 829 1541 portant.
854 1469 909 1524 Ta·
960 1475 989 1522 ut
1002 1467 1031 1522 in
1046 1467 1181 1536 omnibus,
1199 1466 1294 1541 [lug]
1318 1467 1420 1524 scilicet
1434 1468 1573 1542 prosperis
1586 1479 1614 1526 et
1628 1472 1761 1539 adversis,

110 1571 173 1610 men
196 1555 245 1611 lilii
269 1557 419 1630 hominum,
442 1558 604 1630 generaliter
626 1557 752 1614 homiues
772 1556 909 1623 dicuntur,
960 1555 1181 1612 laudentlleum.

111 1645 140 1698 ιιι
157 1645 281 1716 momine
295 1647 410 1702 clarum
425 1650 551 1714 tucrum,
567 1645 659 1720 [Aug]
674 1645 911 1702 asimiliavisboc
928 1670 955 1731 B
1002 1644 1087 1700 Vnus.
1104 1647 1148 1702 ta.
1164 1673 1199 1686 -
1215 1669 1226 1693 ι
1243 1645 1306 1701 Νοι
1319 1645 1411 1702 veniat
1424 1645 1492 1702 mibi
1504 1663 1553 1719 pes
1568 1648 1713 1721 superbiae,
1736 1657 1763 1706 et

111 1731 185 1788 dicit.
202 1733 237 1788 Et
252 1733 316 1789 dicit
331 1735 398 1791 alas.
423 1733 521 1808 [Hier]
543 1735 628 1792 Vetus
652 1743 678 1790 et
696 1734 804 1790 Novum
817 1733 913 1788 Testa·
969 1755 980 1780 a
1002 1746 1100 1788 manus
1113 1733 1266 1804 peccatoris
1280 1749 1336 1789 non
1348 1742 1455 1791 moveat
1468 1751 1522 1791 mc.
1543 1759 1553 1784 v

112 1827 245 1876 mentum.
261 1822 296 1877 lit
310 1829 361 1892 εει,
376 1823 404 1878 ιι
415 1822 534 1896 tegmine
544 1823 646 1879 alarum
657 1831 774 1892 tuarum,
786 1820 842 1895 [at.
854 1820 915 1894 ιιι]
999 1821 1060 1878 Non
1072 1822 1180 1878 veniat.
1197 1820 1291 1894 [Aug]
1306 1821 1391 1892 Quasi
1406 1822 1479 1879 dicat
1495 1840 1502 1878 :
1519 1824 1614 1894 Spero,
1629 1825 1760 1896 inebrior,

112 1909 139 1962 id
158 1917 202 1964 est
226 1909 255 1965 iu
276 1909 444 1982 protectione
466 1911 573 1967 Veteris
597 1919 624 1966 et
645 1911 716 1966 Novi
739 1909 913 1976 Testamenti,
965 1914 993 1965 ει
1005 1923 1055 1980 pro
1068 1909 1112 1963 bis
1127 1925 1186 1964 noa
1201 1911 1298 1965 ueniat
1311 1910 1384 1966 mibi
1397 1927 1444 1983 pes
1458 1911 1602 1984 superbiae,
1614 1912 1762 1987 [Cassiod]
1810 1917 1816 1936 ⁸

114 1999 271 2069 sperabunt
283 1998 372 2054 futura
385 2000 466 2066 bona,
483 2015 546 2057 oum
559 1998 598 2054 illi
613 1999 659 2071 qui
683 2006 744 2055 sunt
768 1996 916 2057 secundum
966 1996 993 2052 id
1008 2005 1049 2052 εει
1065 1997 1182 2068 superba
1194 1995 1312 2067 affectio,
1329 2013 1389 2070 quae
1403 2004 1447 2055 εει
1458 2015 1508 2070 pes
1523 2015 1578 2072 quo
1598 2001 1652 2056 itur
1665 2017 1681 2056 a
1696 2003 1764 2070 Deo,

114 2084 203 2140 Adam
217 2087 399 2157 praesentibus
411 2087 557 2162 gaudeant,
573 2087 606 2142 ιιι
615 2087 661 2160 qui
675 2086 825 2144 secuudum
836 2087 916 2142 Chri·
965 2084 994 2140 id
1009 2092 1051 2140 est
1063 2085 1210 2142 receditur.
1226 2083 1321 2158 [Aug]
1336 2085 1394 2143 lico
1407 2095 1449 2142 est
1462 2088 1534 2160 quod
1550 2088 1577 2142 iu
1593 2087 1646 2146 alio
1657 2091 1765 2161 psalmo

115 2181 185 2228 stum
201 2183 273 2242 snut,
291 2184 400 2248 sperant
414 2175 630 2233 misericordiam
654 2192 714 2249 quae
735 2175 763 2232 in
777 2174 848 2232 coelo
863 2181 914 2242 est,
966 2173 1032 2230 dicit
1047 2193 1055 2230 ι
1070 2175 1609 2248 Aboeeullismeirmundome(1>ml.
1625 2179 1765 2251 mulli

114 2279 164 2332 per
177 2263 267 2319 nubes
282 2265 450 2321 annuntiata.
966 2278 1078 2328 manus,
1095 2261 1178 2318 idest
1197 2261 1324 2334 impulsio
1346 2265 1511 2336 peccatoris,
1538 2265 1566 2320 id
1590 2273 1631 2321 est
1653 2265 1765 2334 diaboli,
1814 2263 1820 2278 '

153 2357 241 2412 Vana.
255 2358 282 2409 9.
298 2383 333 2394 -
357 2375 368 2405 ι
386 2353 593 2409 lnebriabuntur
615 2352 650 2408 ab
674 2353 795 2408 ubertate
818 2351 916 2407 domus
966 2367 1025 2406 nort
1039 2355 1149 2407 moveat
1163 2367 1217 2418 mc,
1234 2351 1287 2407 hoc
1301 2357 1343 2406 εει
1357 2351 1430 2423 quod
1444 2351 1509 2407 alibi
1518 2351 1593 2409 dicit.
1604 2355 1766 2412 diobolic-

118 2473 128 2494 .
149 2455 214 2512 ture,
232 2451 259 2500 ει
275 2451 395 2500 torrente
408 2441 553 2514 voluptatis
566 2449 619 2497 tuae
632 2439 740 2512 potabis
754 2455 811 2496 eos.
830 2460 841 2490 ι
967 2439 1013 2493 nis
1027 2455 1111 2510 parce
1125 2455 1203 2495 seruo
1220 2443 1268 2494 ιιιο
1284 2437 1385 2510 (ibid).
1410 2440 1444 2495 lit
1467 2439 1503 2494 ita
1525 2439 1588 2496 iacit
1602 2442 1681 2497 nobis
1696 2443 1766 2500 sicut

152 2533 383 2592 lnebriabuntur.
398 2527 492 2603 [Aug]
507 2532 530 2585 Α
544 2528 625 2586 simili
639 2528 769 2600 loquitur,
786 2527 849 2600 quia
863 2543 918 2584 non
967 2526 1019 2581 iste
1034 2527 1110 2598 petit.
1126 2525 1183 2599 (Gl.
1200 2525 1261 2598 int.)
1274 2527 1345 2581 Nam
1359 2535 1385 2582 et
1399 2527 1471 2582 mala
1492 2544 1554 2599 qum
1568 2543 1585 2584 a
1599 2529 1678 2585 nobis
1691 2531 1736 2588 vel
1750 2548 1767 2587 a

114 2629 207 2698 potest
221 2637 269 2676 res
292 2618 417 2691 exprimi,
443 2619 492 2674 sed
514 2634 563 2690 per
585 2618 638 2673 hoc
659 2617 747 2672 simile
768 2616 863 2686 innuit,
890 2623 919 2672 ut
968 2613 1077 2671 diabolo
1091 2623 1156 2671 sunt
1168 2622 1276 2671 amovet
1290 2615 1417 2670 Deus.Et
1431 2624 1495 2672 nota
1509 2625 1614 2673 rectum
1630 2619 1765 2675 ordinem.

115 2729 165 2786 per
187 2711 243 2766 hoc
266 2707 340 2780 pleni
364 2706 451 2780 gratia
473 2714 594 2762 mentem
624 2704 741 2762 carnalis
767 2703 918 2760 affectionis
968 2702 1048 2759 Prius
1063 2702 1134 2758 euim
1149 2702 1214 2759 dicit
1229 2719 1237 2758 :
1251 2703 1314 2759 Non
1327 2703 1418 2759 veniat
1427 2705 1575 2776 superbis;
1590 2713 1697 2778 etpost,
1708 2723 1767 2764 ma·

116 2800 242 2872 perdant,
257 2813 292 2852 ιε
308 2811 372 2852 suos
387 2794 533 2862 carnaliter
548 2795 605 2864 jam
628 2801 795 2866 cognoscant
816 2801 917 2864 patres,
968 2807 1020 2846 uus
1034 2791 1185 2861 peccatoris
1200 2807 1254 2847 ιοι
1267 2799 1375 2847 moveat
1388 2806 1442 2860 me,
1458 2792 1522 2865 quia
1537 2793 1561 2849 si
1577 2798 1712 2866 superbus
1726 2813 1766 2865 εε,

116 2887 197 2952 tilios,
214 2885 329 2941 amicos.
346 2882 423 2939 Unde
437 2882 569 2938 Dominus
578 2882 605 2936 iu
616 2882 767 2954 Evangelio
779 2899 786 2936 ι
800 2881 851 2950 Qui
861 2898 919 2938 non
969 2879 1022 2936 cito
1038 2886 1064 2934 te
1076 2887 1168 2935 movet
1190 2879 1313 2951 operatio
1337 2880 1409 2935 mala
1433 2881 1583 2950 suadentis,
1610 2881 1690 2940 aliter
1712 2900 1767 2941 non

119 2976 209 3033 oderit
221 2977 335 3046 patrem
350 2978 379 3028 ει
389 2975 522 3039 matrem,
537 2975 589 3027 cut
603 2973 720 3042 fratrer,
736 2971 794 3026 siuc
810 2985 917 3026 sorores
933 2966 1034 3082 Cldeo
1048 2968 1131 3024 timeo
1144 2982 1199 3023 uon
1213 2967 1305 3024 veniat
1319 2967 1385 3024 mihi
1400 2983 1449 3040 pes
1463 2957 1608 3041 superbiae,
1626 2971 1688 3043 qnia

118 3067 232 3137 propter
245 3065 477 3124 membrositas
489 3059 590 3132 dignas
609 3057 718 3129 (licllb.
739 3057 780 3130 x).
806 3057 840 3113 lit
859 3057 918 3112 haec
1004 3056 1089 3111 Vnus.
1107 3059 1150 3112 ta.
1167 3085 1202 3096 -
1219 3079 1231 3104 α
1250 3056 1290 3110 lbi
1303 3055 1461 3112 ceciderunt
1482 3058 1529 3130 qui
1552 3068 1698 3130 operantur
1711 3059 1766 3116 ini-

119 3149 264 3207 inebriutio
279 3157 321 3205 εει
335 3149 369 3205 ιι
383 3148 619 3205 ebertramnus
634 3151 691 3202 lcoe
705 3143 847 3217 praeseutis
862 3144 918 3200 sci·
970 3167 981 3192 a
1004 3143 1155 3216 quitatem3
1174 3144 1280 3214 expulsi
1295 3152 1366 3212 sunt,
1383 3152 1410 3200 et
1422 3160 1477 3201 non
1500 3154 1627 3216 poterunt
1649 3155 1733 3204 stare.
1753 3173 1765 3198 a·

119 3240 178 3296 licet
190 3237 334 3295 Ecclesia.
345 3238 382 3293 lit
391 3227 516 3294 iorr'enie
526 3235 679 3307 voluptatis
692 3239 758 3300 tue,
770 3231 918 3306 [Cassiod]
1004 3231 1044 3288 lbi
1057 3231 1232 3300 ceciderant,
1249 3231 1344 3305 [bug]
1359 3231 1386 3288 id
1401 3239 1442 3288 est
1457 3233 1485 3288 in
1499 3234 1569 3306 pede
1583 3236 1767 3306 superbiaeoc·

119 3327 146 3384 id
160 3335 203 3384 εει
217 3325 320 3398 Spiritu
336 3332 440 3392 sancto,
449 3325 558 3397 potabis
568 3339 623 3388 cos,
636 3321 730 3396 [Aug]
741 3321 818 3394 quasi
828 3320 918 3377 dicat:
969 3318 1112 3377 cidamini.
1130 3319 1186 3392 [Gl.
1202 3319 1264 3393 ιιι]
1278 3320 1362 3390 Quasi
1380 3321 1453 3378 diost
1468 3339 1475 3377 ε
1490 3323 1531 3378 De
1552 3323 1617 3392 alto,
1635 3327 1683 3398 qui
1704 3342 1768 3398 ope-

121 3404 240 3487 lmpetus
255 3413 306 3471 erit
320 3413 416 3488 gratim
431 3418 458 3468 ει
470 3410 666 3468 misericordia
681 3411 772 3467 adeos
781 3409 920 3465 inebrian·
969 3413 1074 3466 rantur
1084 3407 1171 3465 adhue
1180 3410 1375 3482 iniquitatem,
1384 3409 1480 3484 (Aug.)
1489 3410 1594 3467 scilicet
1608 3411 1731 3469 diabolus
1742 3421 1769 3470 et

121 3505 179 3560 dos.
195 3501 327 3577 [dicuin]
342 3501 392 3558 Vel
406 3509 514 3557 torrens
528 3499 673 3570 voluptatis
687 3499 785 3555 dicitur
798 3496 921 3555 voluntas
970 3497 1074 3568 primns
1087 3497 1169 3552 homo
1179 3496 1234 3569 [Gl.
1244 3496 1305 3570 ιιι]
1316 3499 1430 3571 expulsi
1443 3503 1511 3555 sont
1525 3516 1541 3554 a
1557 3500 1694 3572 paradiso,
1706 3502 1769 3558 dia-

122 3593 170 3649 Dei
183 3593 212 3648 in
226 3591 348 3658 homine,
357 3605 486 3661 rumpens
495 3588 586 3645 omnia
594 3587 744 3643 obstacula.
756 3586 791 3641 Et
800 3595 851 3654 est,
862 3595 921 3642 tor·
971 3585 1049 3642 bolus
1059 3585 1156 3656 primo,
1166 3592 1193 3641 et
1201 3593 1296 3657 postea
1306 3587 1406 3654 horno;
1421 3603 1473 3644 nec
1482 3592 1641 3662 potnerunt
1650 3594 1728 3646 stare
1741 3591 1769 3647 vi

122 3689 197 3737 rente
212 3677 367 3751 voluptatis,
383 3686 449 3746 eto,
465 3677 493 3732 id
506 3685 547 3734 εει
562 3676 687 3732 voluntas
702 3683 747 3731 tua
761 3674 839 3748 quasi
861 3683 920 3730 tor·
971 3689 1030 3728 sna.
1047 3671 1097 3728 Vel
1107 3673 1141 3729 dc
1151 3673 1321 3744 philosophis
1331 3682 1420 3745 potest
1434 3675 1520 3746 accipi
1531 3676 1592 3743 boo,
1604 3677 1661 3732 sio:
1673 3675 1767 3751 [Aug]

123 3785 185 3826 rens
199 3769 227 3823 iu
240 3766 351 3824 homine
366 3766 456 3823 omnia
470 3773 578 3837 rumpet
588 3764 735 3822 obstacula.
745 3763 805 3832 Vel,
817 3771 922 3819 torrens
973 3761 1037 3817 ideo
1051 3778 1109 3817 non
1123 3763 1220 3818 ιειιιι
1232 3778 1291 3835 poa,
1307 3762 1378 3834 quia,
1388 3761 1435 3830 ibi,
1449 3762 1476 3818 id
1491 3771 1531 3818 εει
1544 3762 1572 3818 ιι
1586 3764 1657 3835 pede
1670 3781 1768 3838 auper-

124 3855 272 3930 rolnptatis
285 3864 338 3912 tuae
352 3854 452 3911 dicitur
467 3852 598 3926 sapientia
613 3852 723 3918 Christi,
748 3851 812 3924 quia
835 3850 922 3906 subita
972 3850 1023 3905 bloe
1038 3848 1212 3917 ceciderant,
1229 3850 1292 3921 qnia
1312 3865 1373 3906 oum
1397 3850 1598 3922 cognovissent,
1620 3867 1676 3907 non
1699 3853 1769 3910 sicut

121 3954 161 4001 εει
177 3954 204 4000 ει
219 3943 324 4016 rapida.
340 3941 488 4016 [Cassiod]
504 3943 539 3998 tlt
562 3949 613 4008 εει,
639 3947 757 3996 torrente
780 3938 922 4010 voluptatis
972 3938 1060 3993 Deum
1075 3935 1293 4009 glorificaverunt
1308 3936 1397 4008 (Rern.
1414 3937 1444 4008 ι),
1469 3939 1519 4010 qai
1537 3943 1695 4011 operantur
1712 3941 1771 3997 ini·

123 4045 185 4102 tuae,
202 4033 229 4088 id
245 4041 286 4088 εει
301 4031 434 4103 sapientia
448 4039 493 4086 tua
506 4028 614 4103 potabis
628 4044 686 4085 eos.
702 4027 752 4084 Vel
775 4029 810 4084 de
834 4025 923 4082 tuturo
973 4026 1123 4098 peitatem,
1137 4025 1215 4094 juxta
1227 4024 1294 4081 illud
1306 4042 1314 4079 ε
1327 4024 1454 4082 Tradidit
1464 4026 1529 4082 illos
1536 4028 1608 4083 Deua
1618 4029 1650 4084 la
1665 4028 1771 4086 deside-

123 4129 212 4196 potest
225 4119 314 4193 accipi
329 4120 369 4176 sic
380 4138 387 4174 :
399 4119 610 4175 lnebriabuntur
623 4117 658 4172 ab
681 4117 805 4172 ubertate
826 4116 923 4171 domus
973 4115 1019 4170 ric
1032 4111 1124 4170 cordia
1139 4129 1246 4182 comm,
1262 4121 1315 4170 cto.
1332 4113 1425 4185 (lbld.)
1438 4115 1639 4188 Exprimeret
1653 4133 1705 4174 nec
1717 4135 1771 4190 pc-

123 4219 184 4276 tnae,
201 4207 296 4283 [Aug]
311 4207 409 4264 lutura
422 4207 582 4274 Jerusalem,
597 4205 800 4280 [Alcuiu.]tuuc
809 4204 881 4260 enim
896 4210 925 4258 tn
976 4205 1096 4259 luerunt
1109 4206 1196 4270 atara,
1213 4202 1266 4259 hoo
1279 4217 1334 4258 uon
1348 4210 1478 4259 mutatur.

123 4315 152 4354 re
163 4298 233 4354 ebrii
248 4305 339 4366 erunt,
355 4296 383 4352 id
394 4303 436 4353 εει
453 4295 537 4368 pleni,
561 4294 607 4366 qui
630 4293 712 4350 modo
732 4301 854 4365 sperant.
878 4293 922 4358 lit,

124 4394 246 4442 torrente
261 4385 418 4457 voluptatis,
441 4384 531 4440 idest
553 4381 751 4450 delectationis,
776 4389 838 4448 tuae,
864 4370 961 4454 qual]
979 4343 1012 4400 τ

123 4474 224 4532 dicitur
238 4483 356 4542 torrens,
373 4489 427 4530 non
441 4472 504 4529 ideo
518 4480 548 4527 ιι
561 4471 596 4526 sit
609 4470 763 4526 transitoria
777 4469 924 4539 beatitudo,
1011 4469 1174 4526 Versa·
1184 4470 1321 4538 οιοιιιαιι
1332 4467 1423 4524 dolosa
1434 4469 1492 4540 epit
1501 4471 1533 4525 in
1543 4485 1610 4525 cons
1630 4469 1772 4542 solacius,

124 4563 171 4618 sed
187 4563 311 4635 copiosa,
326 4561 435 4634 potabis
450 4577 508 4628 θος,
524 4568 550 4616 ep
564 4559 676 4631 poteris,
976 4537 1595 4664 atipucnictarimfuiicaajaao'dodiarraln
1615 4538 1715 4595 nitivus
1725 4541 1775 4598 lle⁴

977 4611 1085 4666 brarous
1108 4617 1213 4690 positus
1245 4625 1295 4666 oco
1314 4609 1459 4682 gerundivi
1483 4610 1582 4675 Latum,
1607 4617 1634 4665 ει
1657 4627 1703 4667 res
1722 4626 1775 4667 ou-

160 4661 248 4720 vass.
264 4664 308 4716 ¹⁰·
320 4690 356 4701 -
371 4679 383 4710 ί
401 4657 534 4728 Qufflllflm
550 4657 622 4729 almd
638 4664 665 4713 ‘0
679 4664 721 4712 eS‘
734 4655 796 4713 s⁰¹¹⁵
814 4655 886 4725 Vstaer
901 4662 927 4711 ²¹
977 4681 1045 4736 deus
1061 4679 1095 4734 ad
1108 4681 1136 4736 ud
1151 4679 1224 4753 quod
1237 4679 1341 4736 dictum
1354 4687 1405 4749 est,
1427 4683 1460 4734 ιιι
1483 4681 1659 4749 inventatur,
1686 4627 1776 4738 eXecit

128 4773 139 4802 ⁸
161 4753 189 4807 ³¹²
203 4749 306 4806 lumine
320 4758 369 4805 ²¹¹⁰
383 4747 536 4805 Videbimffi
550 4747 650 4803 lumen·
670 4767 682 4797 ’
977 4776 1007 4824 ut
1024 4767 1111 4840 possit
1131 4769 1199 4825 verti
1219 4767 1307 4826 active
1327 4766 1488 4847 autpassive
1511 4753 1597 4830 &305
1619 4783 1717 4825 ιιιιτιο
1740 4768 1777 4826 cd

162 4849 302 4918 Quoniam
312 4847 389 4922 apud
400 4850 437 4915 ιε,
454 4846 549 4919 (Aug.)
563 4861 579 4902 o
594 4843 712 4910 Christe,
725 4847 767 4900 εει
776 4847 840 4916 [ιιι
851 4843 925 4912 uitoe,
977 4837 1195 4922 inveniendam,
1205 4838 1233 4894 id
1243 4845 1293 4906 est,
1306 4845 1335 4893 ut
1344 4839 1553 4920 vertitHreron„
1565 4841 1708 4920 inueniret
1719 4841 1777 4920 ini·

126 4936 154 4994 id
168 4944 210 4993 ,5,
223 4937 331 4992 inpium
344 4935 432 4991 omnis
446 4935 521 5002 honi,
538 4938 566 4990 ὅ]
575 4933 607 4989 g„
620 4933 727 4990 lumin,
738 4935 797 4998 iao,
809 4946 825 4987 0
840 4929 929 4986 Chris,
978 4911 1128 4992 quitatem,
1138 4911 1241 4966 scrlreet
1251 4910 1325 4964 Dens
1336 4908 1370 4964 ad
1381 4908 1538 4964 odiendum.
1547 4910 1684 4964 Pratensts
1695 4917 1776 4965 ettam

199 5027 205 5040 ·
262 5027 268 5039 .
522 5023 527 5034 ·
652 5021 657 5032 ·
784 5019 789 5030 ·
838 5019 844 5030 ·
977 4988 1058 5036 vertit
1082 4979 1179 5036 ιειινε.
1205 4979 1318 5060 Sanctes
1342 4979 1451 5050 quidem
1476 4979 1594 5035 activum
1623 4979 1722 5051 posuit,
1750 4989 1778 5038 at

125 5035 161 5093 ω’
178 5025 334 5083 ”mmmm
354 5025 460 5092 ‘umen’
483 5039 547 5097 qma
571 5037 620 5094 per
634 5037 692 5091 ⁰³⁰⁸
707 5019 928 5092 praed¹⁰⁸¹¹⁰⁰²¹¹¹
978 5051 1081 5106 addidit
1098 5050 1133 5107 de
1157 5066 1217 5119 suo,
1234 5050 1270 5105 ad
1283 5050 1365 5105 airum
1380 5065 1491 5106 sensum
1504 5058 1667 5106 convertens
1681 5051 1731 5116 sic,
1743 5056 1778 5108 ιι

125 5115 253 5172 ridemus
266 5129 339 5168 nunc
353 5112 446 5168 lumen
460 5111 556 5178 Patris,
581 5117 608 5167 et
636 5108 751 5180 Spiritus
776 5107 872 5163 sancti.
894 5107 928 5162 lit
979 5123 1107 5179 invemat
1126 5121 1310 5194 iniquitatem
1318 5136 1408 5187 mam,
1423 5124 1457 5176 „p
1475 5119 1536 5177 opp,
1553 5120 1653 5177 gagga,
1663 5121 1775 5179 bonum·

124 5203 199 5270 ideo,
215 5201 356 5275 praeteude
368 5199 584 5256 misericordiam
600 5204 720 5267 tuam,ut
735 5195 762 5250 in
777 5197 829 5252 hoc
844 5211 929 5252 saecu·
978 5193 1047 5247 Nam
1070 5199 1182 5262 propter
1204 5191 1375 5261 reciprocum
1398 5205 1558 5315 pronomen,
1581 5206 1695 5248 necesse
1719 5200 1776 5248 erat

126 5293 152 5348 lo
168 5291 253 5348 tutius
265 5299 353 5346 eatur.
369 5287 419 5346 Vel
433 5289 479 5354 ita,
495 5294 524 5344 ιι
534 5287 569 5342 ad
579 5286 687 5342 Patrem
697 5284 828 5356 dirigatur
838 5299 929 5339 sermo
979 5261 1301 5403 ffiffnlgffissiffefflpgggfftg
1312 5260 1661 5412 Ἇάὥᾶῇῑῑὲἓὲοθὲθὲἓέἑῖ]
1698 5263 1778 5404 1lualtsbi

127 5477 152 5524 ει
165 5485 245 5534 vere,
262 5466 325 5538 quia
340 5467 411 5538 apud
427 5475 464 5534 te,
481 5481 497 5521 o
513 5467 602 5531 Pater,
622 5468 665 5520 εει
674 5468 739 5536 sores
750 5465 825 5528 vite,
845 5461 930 5515 idest
979 5400 1777 5548 ffissdssgsffslgtsffegrreoffilXXcXXXrXeXXOXuXSsingXan

128 5557 263 5622 Christus,
281 5555 327 5628 qni
340 5555 413 5611 idem
428 5563 469 5610 εει
482 5553 583 5610 Ιιιιει.
601 5551 678 5609 Unde
694 5550 824 5623 sequitur,
848 5552 876 5606 et
898 5549 930 5602 ιιι
980 5542 1137 5600 relationem
1164 5561 1170 5598 :
1193 5543 1265 5616 quod
1287 5551 1313 5599 ει
1337 5488 1365 5598 Xt
1386 5544 1458 5615 apud
1481 5544 1601 5601 Graecos.
1628 5544 1671 5600 0b
1696 5545 1777 5617 idque

1018 4343 1056 4402 8
1067 4357 1201 4400 connato
1209 4358 1241 4398 ΙΝ
1247 4359 1463 4401 rslauultxxxv
1475 4363 1482 4401 2
1496 4367 1507 4394 ι
1521 4360 1600 4402 Dle'l'
1607 4361 1744 4405 manarate.
1763 4369 1773 4400 ι

127 5381 160 5436 ab
175 5380 224 5435 illo
239 5379 311 5449 loco,
326 5378 458 5452 quonium
471 5377 546 5450 cpnd
562 5379 599 5443 ιε,
620 5373 777 5448 quasidicat
788 5390 795 5428 :
807 5373 927 5439 Potabis,
