3906 6056
176 207 246 266 ιιιι
513 206 766 264 ιοιιιιετιιιιιι
784 208 821 264 m
839 207 948 264 amsa.
968 205 1001 264 n.
1022 207 1135 266 ranan.
1152 240 1186 254 -
1200 211 1238 268 ιιι
1255 213 1310 268 nr.
1329 212 1377 269 an
1396 213 1481 272 aon.
1610 186 1612 193 ’
1750 219 1819 276 riae

213 333 298 389 Vnus.
318 333 415 389 at-aa.
432 361 467 374 -
497 352 508 382 ι
524 331 637 388 Invenio
660 331 743 404 igitur
764 332 854 406 legem
875 332 1013 394 volentiA
1029 334 1144 407 quisque
1156 336 1464 396 carnaticonsuetudine
1478 339 1631 411 implicatus
1646 340 1819 413 astringbar3

180 443 192 469 a
209 419 276 476 milri
292 417 380 474 faeere
395 419 508 486 bonum,
523 421 650 492 quoniam
665 419 731 474 milri
742 419 842 475 malum
857 421 973 492 adiacet.
1025 424 1095 480 hanc
1109 440 1263 498 repugnare
1276 426 1311 481 ait
1326 425 1381 500 legi
1397 428 1495 484 mentis
1506 445 1571 497 suae,
1588 439 1614 485 ει
1629 445 1658 486 εε
1670 429 1818 501 captivare.

181 532 192 558 ι
210 507 391 564 condelector
405 507 475 564 enim
491 507 546 582 legi
573 509 636 572 Dei.
653 508 804 565 secundum
818 509 975 568 interiorem
1024 512 1101 568 Unde
1117 512 1275 587 intelligitur
1286 513 1331 570 ille
1354 515 1436 572 homo
1451 515 1568 572 describi
1583 518 1693 590 quinon
1711 525 1753 574 εει
1768 519 1819 574 εει)

182 619 193 648 ι
210 596 359 652 hominem.
371 595 458 652 Video
473 604 561 652 autem
577 596 658 652 aliem
684 596 774 669 legem
796 597 823 652 in
844 599 975 656 membris
1024 601 1119 675 gratia.
1136 603 1169 657 Et
1188 601 1251 674 qaia
1265 603 1382 674 captivat
1398 620 1451 674 me,
1469 620 1536 679 ergo

179 685 283 749 «meis,
299 692 499 756 repugnantem
512 685 568 758 legi
578 685 678 740 mentis
700 701 778 753 meae,
795 693 821 742 et
835 687 974 759 captivan-

336 773 341 784 .
541 773 546 784 .
695 774 701 786 .
839 774 845 787 .
918 777 924 788 ,
1062 726 1146 780 veis.
1162 725 1260 784 aces.
1288 725 1482 798 ‹rnrerrxego
1506 693 1678 799 honoreus
1693 729 1820 786 merrae-

179 793 192 825 ι
208 781 261 828 ιειιι
277 789 320 829 me
333 789 362 827 ιιι
371 773 434 846 lege
444 783 558 845 perenn,
570 791 631 846 quae
644 781 685 830 est
694 791 722 829 m
732 773 861 831 membris
871 791 971 832 mersa

1024 835 1036 862 ι
1054 813 1125 868 rabit
1140 813 1174 869 de
1188 829 1305 885 corpore
1318 814 1413 870 mortis
1422 813 1522 882 hujus?
1538 813 1633 870 Gratia
1647 815 1707 882 Dei,
1718 817 1821 886 perle-

213 917 329 974 [πωπω
355 917 454 989 pyum·
470 916 662 990 [mmm]
677 917 789 974 Dim„
806 919 897 992 legem
911 935 973 976 esse
1024 917 1113 957 «sum
1142 901 1279 957 Christum
1308 901 1455 958 Dominum
1487 912 1621 958 nestrum.
1657 903 1743 976 Igitur
1766 920 1819 976 ego

176 1006 293 1072 bonam,
310 1011 337 1061 ει
357 1013 482 1061 naturam
496 1020 558 1062 esse
581 1006 689 1075 bonam,
707 1023 768 1078 ειιιε
781 1006 854 1062 ιιιειιι
865 1007 930 1076 vult,
947 1015 974 1064 ει
1023 1012 1034 1038 “
1052 989 1111 1062 ipse
1126 999 1217 1046 meme
1232 990 1321 1046 ⁸⁰¹⁸Vl0
1336 990 1401 1062 legi,
1417 1006 1499 1046 fflme
1514 990 1816 1062 autemlegipeceati.»

177 1093 267 1150 eidem
281 1093 425 1150 consentit.
443 1092 493 1149 Hie
516 1093 639 1167 adjungit
664 1094 753 1166 legem
768 1095 847 1152 bonae
868 1102 973 1152 naturae
1058 1097 1165 1169 Infelix
1179 1113 1227 1169 apo
1241 1095 1402 1163 bomosum,
1415 1095 1671 1170 [Ambrosius]quia
1684 1104 1818 1154 natusest

176 1181 356 1250 adiutricem,
374 1188 401 1238 ει
415 1189 507 1238 tamen
534 1182 652 1238 exterior
679 1183 771 1249 homo,
787 1183 815 1238 id
829 1191 872 1241 est
886 1183 972 1240 lomes
1022 1185 1073 1240 snb
1086 1193 1208 1256 peccato,
1224 1186 1329 1241 lrostem
1354 1200 1448 1241 secum
1476 1185 1582 1240 habens
1600 1194 1752 1256 peccatum,
1767 1203 1818 1258 per

176 1269 284 1342 peccati
296 1269 342 1342 qui
358 1277 449 1326 estex
474 1285 566 1339 carne,
581 1269 629 1325 illa
653 1269 707 1327 duo
718 1271 812 1340 juncte
835 1271 927 1340 vincit,
943 1279 973 1328 ut
1021 1273 1094 1346 quod
1112 1273 1214 1328 aditum
1228 1273 1261 1328 ad
1276 1272 1351 1328 illurn
1376 1273 1457 1328 habet
1481 1273 1605 1329 Satanas.
1620 1272 1730 1329 Gradus
1745 1273 1818 1328 enirn

175 1356 258 1414 homo
267 1373 318 1428 per
330 1366 455 1414 neutrum
465 1374 495 1413 se
505 1373 586 1429 posse
597 1358 714 1414 eredere
724 1359 828 1425 videns,
839 1359 971 1416 obnoxius
1021 1361 1163 1418 fabricavit
1177 1362 1266 1418 Adam
1280 1377 1331 1432 per
1345 1376 1414 1433 quos
1425 1361 1458 1416 ad
1474 1359 1543 1416 idios
1568 1361 1626 1430 ejus
1650 1361 1817 1432 exspoliator

175 1446 209 1502 sit
223 1445 326 1519 gratiae.
343 1445 429 1516 Quasi
448 1445 540 1502 dieat:
557 1445 625 1515 Quia
646 1462 699 1519 ego
721 1463 776 1502 non
798 1463 897 1518 operor
910 1465 971 1504 ma·
1019 1449 1167 1519 ascendat,
1182 1449 1236 1505 nisi
1258 1448 1487 1506 clementissimus
1510 1449 1642 1504 Dominus
1677 1455 1814 1520 protegat.

174 1534 242 1601 lum,
258 1534 313 1590 imo
327 1533 402 1591 nolo.
418 1533 505 1607 lgitur
518 1533 627 1591 invenio
641 1534 730 1606 legem
750 1551 812 1592 esse
822 1536 931 1606 bonam,
943 1537 970 1593 id
1019 1536 1132 1609 Propter
1145 1537 1217 1610 quad
1232 1537 1323 1592 subdit
1340 1555 1347 1592 ι
1363 1538 1397 1592 ιιι
1424 1539 1486 1610 pair
1505 1553 1551 1593 me
1576 1535 1714 1594 liberabit.
1730 1535 1815 1606 Quasi

175 1631 218 1680 est
239 1622 334 1680 utilem
355 1629 383 1680 ει
401 1621 569 1692 adjutricem,
585 1622 667 1692 mibi,
683 1623 711 1679 id
726 1631 767 1678 est
781 1624 889 1691 rationi,
904 1625 969 1680 dum
1019 1625 1092 1681 dieat
1103 1643 1110 1680 :
1122 1625 1217 1681 lniolix
1233 1642 1303 1692 sum,
1320 1633 1422 1681 etcum
1437 1641 1487 1697 per
1503 1641 1547 1681 me
1568 1640 1624 1680 non
1650 1640 1764 1696 possum
1778 1623 1814 1680 li-

173 1712 255 1770 doeet
280 1711 347 1784 quid
376 1709 476 1766 bonum
504 1711 548 1767 ael
571 1710 635 1783 quid
653 1711 756 1767 malum
766 1711 809 1778 sit,
826 1712 893 1768 mihi
907 1712 969 1770 dico
982 1689 1009 1749 Β
1020 1713 1121 1769 berani.
1138 1713 1205 1783 Quis
1220 1729 1263 1770 me
1277 1713 1404 1770 liberabit
1419 1712 1453 1770 de
1463 1729 1577 1785 corpore
1591 1715 1691 1770 mortis
1709 1714 1815 1784 bajas?

173 1800 386 1871 nolentisacera
400 1799 513 1856 bonam.
530 1798 615 1868 Quasi
626 1799 695 1855 dicat
712 1817 719 1856 :
735 1800 776 1854 Ex
787 1815 820 1856 eo
832 1801 920 1872 probo
931 1801 970 1857 le·
1019 1801 1099 1858 idest
1112 1802 1148 1857 (ιε
1162 1802 1282 1858 dominio
1297 1801 1390 1859 carnis
1404 1802 1430 1856 in
1446 1817 1498 1873 qua
1517 1817 1593 1857 mors
1620 1809 1671 1858 εει.
1687 1801 1748 1858 Non
1761 1816 1815 1872 po·

172 1903 236 1961 gem
250 1887 443 1957 essebonum,
460 1887 525 1960 quia
539 1888 603 1944 nolo
616 1887 708 1946 lacere
723 1888 795 1960 quod
810 1888 869 1959 ipsa
881 1889 968 1960 jubet,
1019 1898 1072 1946 test
1086 1891 1176 1946 lacere
1191 1891 1243 1947 hoc
1266 1891 1319 1946 nisi
1341 1905 1459 1963 magnus
1474 1889 1582 1961 aliquis.
1605 1889 1659 1944 Sed
1674 1889 1814 1962 coaequis

173 1978 307 2050 ειιοιιιιιιιι
320 1975 462 2042 militate.
486 1974 571 2046 Quasi
588 1975 659 2032 dicat
675 1993 682 2031 ι
698 1977 771 2032 Βεεε
793 1977 854 2033 dieo
868 1976 970 2034 volenti
1018 1995 1063 2035 me
1077 1977 1221 2035 liberabit?
1237 1994 1291 2035 non
1306 1979 1354 2035 lex
1378 1978 1455 2047 llosi,
1472 1993 1526 2033 non
1541 1977 1659 2049 proprias
1687 1977 1759 2034 vires
1782 1977 1815 2032 li·

171 2071 286 2132 tantum,
303 2061 367 2135 quia
394 2061 524 2134 perlicere
546 2064 647 2119 bonum
676 2080 731 2120 non
754 2079 880 2135 possum,
906 2065 969 2121 ideo
1019 2067 1078 2122 beri
1093 2067 1208 2122 arbitrii.
1237 2067 1291 2123 Sed
1303 2068 1397 2139 pratia
1415 2069 1467 2123 Det
1484 2067 1642 2138 pertesum
1669 2065 1815 2123 ebriatum

172 2151 311 2224 quoniam,
328 2152 356 2207 id
371 2159 412 2208 est
426 2152 490 2224 quia
505 2154 615 2210 malam
642 2153 766 2224 adjacet,
782 2153 811 2209 id
826 2159 868 2209 εει
881 2169 968 2225 prope
1018 2157 1172 2212 Dominam
1184 2158 1325 2223 nostram,
1342 2171 1423 2228 quem
1446 2171 1511 2211 vera
1526 2153 1714 2210 misericordia
1740 2153 1815 2209 dedit

171 2249 213 2296 εει
235 2239 383 2306 insidians,
408 2240 492 2308 mihi,
510 2240 617 2296 rationi.
651 2241 682 2296 ln
718 2256 800 2298 carne
826 2242 897 2297 enim
926 2251 969 2299 εει
1018 2244 1108 2313 nobis,
1125 2251 1154 2299 nt
1173 2259 1222 2315 per
1237 2259 1299 2299 eum
1314 2242 1659 2314 peccatommremissione
1672 2249 1813 2313 percepta,

171 2328 250 2402 quasi
264 2328 299 2384 ad
309 2327 418 2398 januam
432 2328 538 2395 animae,
555 2336 582 2384 ει
601 2328 663 2385 ιιιεο
677 2328 751 2402 cogit
777 2329 852 2384 aliud
865 2329 965 2398 iacere,
1018 2334 1100 2388 homo
1115 2333 1261 2398 relevetur,
1292 2338 1321 2385 ut
1344 2331 1378 2387 da
1406 2339 1506 2388 caetero
1535 2329 1622 2403 possit
1650 2329 1813 2401 resipiscere

172 2417 409 2490 quamvulthomo
424 2426 451 2472 ει
458 2416 512 2474 lex.
530 2416 868 2485 Condatectoreaimmtc.
881 2417 967 2488 Quasi
1018 2435 1113 2491 presso
1127 2428 1250 2492 peccato.
1265 2420 1358 2474 Potest
1381 2419 1453 2474 eninr
1468 2420 1550 2475 horno
1561 2425 1721 2474 exoneratus
1736 2416 1814 2472 malis

170 2505 244 2562 dicat
260 2523 267 2560 :
285 2505 353 2562 Vere
366 2505 410 2561 lex
423 2513 465 2562 εει
477 2505 578 2561 bonum
587 2506 695 2574 rationi,
712 2507 776 2578 quia
790 2506 967 2564 condelector
1018 2509 1145 2566 resistere
1159 2507 1327 2574 adversario,
1343 2514 1478 2578 potestate
1501 2512 1612 2577 recepta
1626 2513 1722 2562 contra
1735 2503 1812 2560 illum

172 2595 297 2666 lenibat,
315 2593 408 2650 volens
423 2593 497 2666 qnod
511 2593 572 2664 ipsa
597 2593 684 2664 jubet,
700 2603 727 2650 ει
742 2593 864 2666 gaudens
876 2595 966 2665 juvari
1018 2597 1082 2652 dum
1095 2597 1205 2666 juratur
1219 2611 1235 2650 a
1251 2597 1318 2650 Deo.
1342 2595 1376 2650 Et
1399 2594 1507 2650 attende
1537 2594 1610 2666 quod
1639 2593 1684 2649 hie
1710 2592 1814 2648 inducit

170 2683 206 2739 ab
221 2699 262 2738 ea.
279 2681 468 2748 condelector,
484 2681 555 2750 dieo,
566 2683 724 2741 secandam
737 2685 965 2740 intemerabilia·
1018 2691 1143 2757 quartam
1154 2685 1244 2757 legem
1264 2681 1337 2752 fidei,
1353 2682 1486 2754 potiorem
1500 2681 1563 2754 lege
1586 2680 1664 2747 llosi,
1681 2695 1762 2753 quam
1786 2687 1814 2736 ει

170 2773 287 2828 ιιιιιιειιι.
304 2769 420 2826 laterior
434 2770 514 2826 homo
528 2769 636 2826 animus
652 2779 702 2838 εει,
715 2787 795 2842 quem
805 2771 870 2828 dicit
885 2770 965 2828 oble·
1017 2774 1134 2847 gratiam
1161 2779 1253 2830 vocat.
1283 2771 1403 2841 Quatuor
1425 2770 1499 2826 enim
1531 2770 1608 2842 leges
1621 2768 1650 2824 in
1673 2769 1725 2824 hac
1740 2768 1812 2825 serie

169 2859 237 2916 atari
250 2858 293 2914 his
312 2875 374 2932 quoe
392 2859 484 2930 alege
511 2859 664 2924 traduntur,
681 2858 746 2931 quia
760 2859 788 2914 ia
802 2859 894 2914 anima
908 2875 964 2916 non
1017 2869 1212 2927 memorantur,
1230 2860 1335 2917 scilieet
1347 2859 1392 2914 lex
1419 2867 1530 2925 naturae,
1546 2857 1590 2912 lex
1615 2855 1812 2924 membrorum,

168 2946 270 3004 habitat
284 2954 435 3018 peceatum,
452 2947 501 3003 sed
516 2946 544 3002 in
559 2963 651 3014 carne,
668 2947 697 3002 id
711 2955 754 3002 εει
768 2963 850 3002 εειεε
858 2947 963 3018 peccati
1017 2965 1077 3021 quae
1091 2964 1142 3020 pro
1157 2965 1212 3004 une
1226 2964 1289 3004 eum
1301 2949 1364 3021 lege
1378 2947 1484 3020 peccati
1511 2945 1653 3016 accipitur,
1668 2944 1712 3000 lex
1731 2943 1809 3013 blasi,

169 3042 280 3092 nonest
296 3052 331 3092 ex
353 3034 454 3105 anima,
477 3035 527 3091 sed
548 3051 581 3092 ex
610 3051 700 3102 carne,
718 3035 780 3107 quia
794 3050 860 3092 earo
875 3036 1109 3110 estequuarta
1130 3037 1173 3092 lex
1203 3035 1276 3091 tidei.
1292 3036 1326 3089 ιιι
1352 3041 1463 3089 notatur
1482 3033 1528 3089 hie
1555 3033 1649 3088 tertius
1678 3037 1765 3094 actus,
1781 3031 1809 3086 id

169 3123 276 3196 origine
297 3123 389 3181 earnis
415 3123 584 3195 peccatricis,
601 3130 628 3180 ει
642 3138 692 3195 per
717 3123 859 3180 traducem
874 3125 963 3180 omnis
1012 3133 1054 3181 est
1069 3131 1156 3180 status
1176 3123 1314 3190 hominis,
1343 3122 1370 3176 in
1392 3121 1454 3194 lege
1474 3121 1595 3192 spiritus.
1613 3118 1691 3177 :36
1707 3119 1811 3192 Loqui·
1905 3157 1909 3168 ,

169 3212 276 3270 seruiit
289 3213 405 3285 peceati,
420 3212 484 3285 quia
498 3211 570 3268 enim
585 3212 791 3268 earoexbdam
803 3212 962 3284 traducitur,
1012 3223 1053 3268 tur
1081 3213 1152 3269 enim
1168 3212 1212 3268 hic
1234 3210 1382 3282 Apostolus
1408 3209 1436 3264 in
1465 3223 1583 3280 persona
1611 3207 1738 3277 bominis,
1756 3208 1810 3264 sub

167 3309 309 3375 peccatum
337 3301 365 3356 in
391 3316 422 3356 se
435 3301 537 3368 habet,
553 3300 580 3355 id
609 3309 777 3357 astoensem
799 3301 924 3373 peceati,·
940 3301 963 3356 si
1012 3302 1100 3375 gratia
1126 3300 1263 3375 degentis.
1283 3298 1376 3372 lpitar
1389 3315 1438 3369 ego
1461 3299 1530 3371 ipre,
1560 3305 1613 3353 ειε.
1644 3295 1715 3365 Quia
1741 3296 1809 3351 dixit

169 3391 260 3447 anima
288 3389 487 3456 traduceretur,
504 3397 532 3445 ει
559 3389 620 3462 ιρεε
640 3389 768 3457 heberet,
793 3389 858 3462 quia
871 3390 963 3446 arriana
1012 3390 1146 3464 se'gratia
1160 3404 1222 3446 εεεε
1243 3388 1398 3456 libemtum,
1415 3403 1449 3443 ne
1476 3385 1538 3459 quis
1562 3392 1667 3458 torpeat
1694 3400 1808 3442 securam

168 3479 235 3536 Διιιε
244 3477 383 3551 ρεειιιιιι;
396 3478 419 3533 ει
431 3493 494 3535 ιειο
504 3485 647 3550 peceatum
662 3477 690 3533 in
704 3479 855 3535 sehaberet
869 3480 961 3547 bomo,
1012 3479 1090 3552 quasi
1112 3485 1255 3550 peecatum
1271 3491 1325 3532 non
1351 3475 1420 3531 ultra
1437 3481 1550 3542 noceat;
1565 3473 1726 3530 determinat
1736 3487 1807 3546 quo-

167 3584 223 3624 non
236 3583 267 3624 se
290 3573 489 3641 cognosceret;
505 3582 578 3623 nunc
606 3573 697 3623 autem
725 3567 867 3640 cognoscit
881 3583 921 3634 se,
937 3575 963 3624 et
1011 3567 1094 3624 modo
1109 3567 1181 3624 laeta
1196 3567 1232 3622 sit
1245 3564 1381 3630 liberatio,
1399 3563 1504 3620 scilicet
1518 3563 1542 3618 ai
1569 3563 1597 3617 in
1624 3561 1711 3636 gratia
1727 3578 1806 3617 man-

168 3655 373 3714 condelectatur
388 3655 443 3727 legi
456 3654 517 3712 Dei.
537 3656 617 3712 Video
631 3659 740 3712 natam.
764 3655 849 3724 Quasi
866 3655 960 3712 dieat:
1012 3657 1086 3712 serit.
1118 3655 1244 3727 alioquin
1266 3657 1407 3724 peccatum
1433 3651 1542 3724 quidem
1568 3651 1665 3706 iterum
1680 3657 1804 3721 occupat.

167 3744 235 3802 Dico
249 3743 425 3801 condelector
438 3743 494 3815 legi
518 3743 578 3800 Dei.
595 3743 651 3799 Sed
664 3742 742 3801 uideo
762 3745 851 3800 altam
863 3744 960 3817 legem,
1012 3743 1096 3814 Quasi
1110 3743 1182 3800 dicat
1198 3760 1205 3799 :
1222 3741 1291 3811 Quia
1305 3740 1403 3796 liberat
1417 3739 1515 3812 gratia,
1530 3736 1712 3811 [Ambrosius]
1722 3738 1807 3810 igitur

168 3833 272 3890 seilicet
293 3829 415 3890 tomitem
441 3832 557 3904 peceati,
583 3831 629 3904 qui
653 3833 811 3905 regentia
829 3834 961 3890 membris
1011 3847 1074 3907 ego,
1099 3832 1127 3887 id
1156 3838 1197 3887 εει
1221 3828 1359 3885 ιειιοιιειιε
1373 3835 1400 3884 ει
1428 3827 1541 3884 interior
1567 3827 1658 3893 home,
1675 3825 1739 3881 licet
1752 3827 1804 3880 ha-

166 3923 248 3989 ιιιειι,
264 3929 293 3978 ιιι
307 3921 335 3977 in
349 3921 430 3978 oculo
442 3921 478 3976 ad
501 3919 759 3992 concupiscendum,
776 3920 804 3975 in
831 3936 912 3976 manu
926 3921 961 3977 ad
1011 3921 1079 3977 bens
1093 3919 1213 3976 tomitem
1227 3917 1332 3990 peccati
1346 3924 1375 3972 ut
1388 3916 1480 3988 prius,
1497 3923 1585 3970 tamen
1610 3915 1708 3981 εινυιε,
1725 3913 1805 3971 idest

166 4009 346 4083 operandum,
362 4018 389 4067 ει
403 4009 568 4079 hujusmodi,
591 4012 800 4081 repugnantem
815 4009 870 4081 legi
885 4025 962 4064 mea·
1010 4017 1107 4081 potens
1121 4023 1183 4064 sum
1205 4005 1306 4062 servire
1323 4007 1379 4076 tegi
1398 4004 1465 4071 ιιει;
1482 4011 1509 4060 ει
1523 4005 1575 4059 hoc
1603 4009 1704 4069 mente,
1721 4001 1805 4059 idest

168 4101 203 4156 ιιι
228 4115 308 4167 aren,
324 4098 352 4154 id
376 4106 420 4172 est
445 4097 501 4170 legi
530 4105 557 4153 ει
594 4097 693 4154 rationi
715 4113 783 4154 meae
811 4097 960 4167 conjunctis
1010 4097 1161 4153 voluntate.
1180 4097 1240 4152 lam
1255 4094 1408 4150 enimliber
1421 4093 1527 4149 animus
1548 4099 1574 4149 et
1599 4091 1628 4147 in
1656 4099 1805 4148 eonsuetu-

166 4187 194 4244 ιιι
209 4203 303 4244 uuum.
319 4187 418 4243 Fomes
431 4193 520 4242 autem
544 4185 650 4258 quietat
671 4199 811 4252 erasme,
836 4195 862 4243 ει
877 4203 960 4258 repu-
1011 4186 1102 4242 dinem
1128 4186 1229 4241 bonam
1255 4191 1400 4240 revocatus
1428 4181 1517 4257 gratia
1540 4181 1694 4252 adjuvante,
1717 4180 1805 4237 meles

165 4284 231 4351 gnat
244 4276 338 4342 menti,
355 4281 429 4332 recte
451 4274 549 4331 dicitur
561 4273 615 4342 lea,
641 4275 705 4347 quia
719 4273 840 4346 legitime
859 4274 959 4332 lactum
1011 4274 1203 4348 suggestiones
1217 4281 1306 4346 potest
1320 4287 1462 4343 spernere,
1475 4269 1645 4327 eteontraria
1661 4284 1803 4341 superare.

165 4374 217 4432 est,
233 4373 261 4420 ut
275 4363 321 4437 qui
336 4379 392 4420 non
410 4363 529 4420 obedivit
557 4378 607 4418 suo
628 4363 772 4435 superiori,
788 4363 814 4419 ai
829 4379 882 4420 non
897 4380 996 4462 ser·D
1012 4363 1102 4420 Came
1112 4367 1218 4420 auten.
1239 4361 1324 4431 Quasi
1337 4361 1409 4417 dicat
1425 4377 1431 4417 :
1452 4361 1542 4416 Μειιιε
1562 4359 1652 4416 servio
1671 4358 1726 4431 legi
1742 4357 1803 4424 Dei,

165 4455 220 4510 viat
233 4469 312 4510 suum
327 4451 451 4518 inferius,
469 4451 497 4507 id
511 4460 553 4508 εει
578 4467 651 4508 earo.
668 4452 756 4523 Sapra
771 4461 797 4507 te
808 4459 849 4507 est
862 4452 959 4508 Domi·
1010 4468 1093 4510 carne
1107 4459 1197 4508 autem
1212 4451 1302 4508 servio
1313 4451 1368 4522 lapi
1387 4451 1508 4524 peccati,
1524 4457 1551 4504 ει
1561 4448 1624 4504 ideo
1637 4462 1693 4501 non
1708 4446 1806 4502 remis-

165 4559 217 4600 nus
232 4550 304 4610 tuus,
320 4539 390 4596 intra
405 4548 431 4596 ιε
446 4555 511 4597 earo
524 4547 580 4595 tua.
597 4539 677 4598 Servi
696 4540 803 4596 meliori
818 4548 846 4596 ut
860 4540 961 4597 serviat
1010 4540 1066 4596 sius
1084 4541 1229 4613 agendum,
1246 4539 1294 4596 sed
1310 4538 1461 4596 carendum
1475 4543 1517 4592 est
1535 4552 1569 4592 ne
1596 4542 1702 4607 regnet.
1716 4534 1804 4592 Aliter

164 4631 213 4687 tibi
227 4629 349 4688 interior.
365 4629 560 4700 Contempsisti
583 4628 762 4700 superiorem,
776 4629 911 4701 torqueris
925 4630 960 4685 ab
1009 4629 1091 4685 etiam
1108 4637 1197 4701 potest
1211 4628 1267 4702 legi
1281 4629 1316 4683 ab
1331 4626 1376 4682 illo
1391 4626 1453 4682 loeo
1470 4642 1478 4680 ι
1493 4626 1547 4697 lige
1561 4627 1658 4681 autem
1676 4623 1803 4680 cantatis

163 4718 297 4777 inferiori.
312 4717 381 4775 Dico
396 4722 653 4790 repugnantemet,
670 4717 749 4773 etiam
765 4719 960 4791 captivantem
1007 4733 1081 4783 sam,
1098 4716 1218 4789 loquitur
1241 4716 1313 4771 enim
1335 4713 1481 4786 Apostolus
1495 4711 1524 4767 in
1543 4726 1663 4784 persona
1685 4725 1744 4778 ana,
1760 4710 1805 4765 rel

166 4824 219 4877 nnc,
233 4807 277 4864 rel
291 4806 427 4878 captivum
455 4805 599 4862 ducentem
612 4821 672 4877 me,
687 4823 738 4878 per
753 4821 917 4863 consensum
933 4814 959 4862 ει
1008 4806 1121 4876 alicujus
1146 4805 1213 4875 justi
1239 4804 1290 4859 sub
1327 4803 1411 4876 gratia
1438 4801 1585 4858 constituti.
1615 4799 1686 4856 Dicit
1712 4805 1803 4856 antem

162 4895 357 4968 operationem,
379 4894 442 4967 qaia
469 4893 666 4951 consuetudine
685 4895 817 4967 peccandi
836 4895 959 4952 domina·
1008 4894 1175 4966 Augustinus
1193 4893 1279 4966 (199),
1294 4889 1504 4964 aliquandosibi
1519 4887 1802 4946 visumluisseinhoe

164 4992 216 5050 tur,
229 4983 409 5056 captivantem
424 4982 497 5050 dieo,
513 4983 557 5040 vel
581 4983 728 5040 dueentem
741 4986 774 5040 ta
788 4985 877 5056 legem
891 5001 958 5058 pec·
1007 4982 1130 5054 Apostoli
1157 4995 1282 5037 sermone
1306 4979 1426 5036 describi
1450 4977 1588 5036 hominem
1611 4976 1748 5048 sublege,
1771 4984 1802 5032 ut

163 5073 232 5142 cati,
249 5073 278 5128 id
292 5081 333 5129 εει
351 5071 379 5128 ia
396 5079 537 5144 peceatum
550 5071 734 5145 quoddieitur
752 5071 810 5140 lex,
828 5071 889 5144 quia
909 5073 959 5129 do·
1008 5078 1071 5126 ante
1085 5070 1187 5127 dictami
1201 5077 1251 5136 est,
1269 5069 1320 5124 sed
1333 5075 1360 5125 ut
1375 5067 1413 5123 ait
1435 5082 1490 5123 non
1515 5073 1557 5123 est
1576 5065 1628 5122 nisi
1643 5065 1726 5121 homo
1740 5079 1806 5136 gra-

162 5160 290 5218 minatnr.
308 5161 373 5232 Qaoe
385 5161 440 5228 lex,
456 5167 485 5215 nt
508 5159 669 5232 predictum
684 5167 735 5230 εει,
752 5164 796 5217 εει
824 5163 856 5217 tn
870 5177 958 5218 mem·
1008 5159 1052 5215 ιιιε
1066 5158 1112 5230 qui
1124 5159 1168 5215 hie
1188 5157 1324 5231 loquitur,
1340 5157 1386 5229 qui
1403 5155 1604 5212 condelectatur
1627 5153 1684 5229 legi
1699 5153 1758 5224 Dei,
1775 5161 1802 5209 ει

160 5249 217 5306 bris
228 5250 307 5316 meir,
331 5248 359 5304 id
374 5256 415 5304 est
429 5265 463 5304 ex
477 5261 569 5305 came.
588 5246 697 5316 Quanto
711 5256 803 5304 antem
831 5248 955 5316 vicinior,
1007 5245 1161 5304 consentit:
1177 5247 1223 5319 qui
1251 5262 1305 5301 non
1333 5251 1462 5316 operetur
1484 5243 1601 5311 malurn,
1625 5259 1676 5300 nee
1689 5241 1755 5309 vult,
1773 5249 1800 5298 et

161 5345 235 5394 tanto
258 5346 299 5394 est
321 5337 512 5411 periculosior.
537 5336 622 5408 (ιιι).
655 5337 720 5396 llaee
744 5345 785 5394 εει
809 5337 855 5394 lex
873 5339 956 5410 mala,
1007 5335 1053 5408 ειιι
1067 5335 1182 5409 ignorat,
1199 5334 1226 5389 id
1240 5342 1281 5389 εει
1303 5349 1357 5389 non
1371 5331 1520 5405 approbat,
1536 5339 1564 5388 et
1577 5331 1621 5389 cui
1641 5331 1708 5387 nibil
1722 5331 1800 5386 dam·

196 5514 270 5586 (198)
283 5517 431 5587 Augustinus
443 5517 468 5570 in
480 5515 598 5582 praemio
609 5517 724 5583 aptante
734 5516 766 5570 ad
777 5518 848 5571 born.
1040 5513 1111 5583 (tae)
1124 5513 1173 5579 td.,
1183 5514 1267 5566 eontra
1279 5511 1421 5578 Pennana
1442 5512 1473 5565 ad
1486 5511 1648 5564 bonifacium.
