3906 6056
193 250 263 302 toto
861 240 962 298 PETRI
989 237 1178 296 tottosttbt.
1562 241 1570 255 “
1780 240 1843 294 ιιιι

193 370 294 434 ιιιιιεο,
323 369 372 426 sed
400 368 596 424 immunditiam
630 368 793 440 cupiditatis.
825 369 899 438 (38⁰)
930 366 1029 427 ScioA
1044 366 1191 422 comedens
1207 364 1519 438 quaeimmundapulat‚
1537 363 1842 421 etitanonsecundum
1925 379 1926 386 ¹

191 457 265 512 anim
280 458 433 513 Noeomna
452 473 539 528 genus
554 456 645 513 carnis
668 457 740 529 quod
765 457 826 513 cibo
842 463 914 512 esset
930 457 993 510 usui
1043 453 1125 510 fidem
1150 453 1215 526 agit.
1241 453 1321 510 Fides
1344 454 1417 510 enim
1440 461 1535 509 nostra
1559 453 1753 510 sultutbomo
1784 462 1844 525 agat

192 545 356 602 manducare
370 561 543 610 concessum,
558 546 647 601 Ellam
668 546 729 602 cibo
744 545 834 602 camis
849 543 990 610 relectum,
1042 544 1095 600 boc
1109 543 1183 616 quod
1197 544 1267 598 bene
1281 542 1408 616 intelligit
1424 557 1486 598 essa
1500 542 1647 614 agendum,
1664 551 1691 598 et
1705 551 1845 614 paccatum

191 633 323 690 loannem
338 634 454 690 mirabili
467 634 630 689 abstinentia
652 634 794 704 preditum
818 632 990 702 animalibus,
1044 640 1084 687 est
1101 633 1173 704 quod
1188 631 1267 687 aliter
1281 630 1319 700 fit,
1337 647 1418 704 quam
1442 631 1587 702 probatum
1603 640 1655 686 εει.
1678 631 1754 702 (sat)
1777 632 1843 688 Pac·

192 721 220 777 id
235 731 277 778 est
290 723 402 780 locustis
416 724 443 777 in
459 738 550 779 escam
576 722 735 778 cedentibus
755 737 810 777 non
826 721 910 777 luisse
933 721 993 792 pol·
1043 729 1087 777 cat
1102 715 1169 794 e'rgo
1184 720 1229 776 ille
1245 720 1291 792 qui
1305 721 1340 775 ad
1355 720 1437 776 tidem
1452 735 1603 776 conversus
1618 727 1659 776 est
1673 720 1702 774 in
1716 720 1770 776 hoc
1783 721 1844 793 quia

192 809 299 879 lutum3
315 819 342 867 at
365 811 423 868 scio
444 813 518 866 Esau
539 811 674 867 lenticulae
697 809 918 882 concupiscentia
942 809 993 864 de·
1043 809 1120 866 cibos
1143 810 1283 875 discernit,
1300 809 1367 864 etin
1383 809 1436 866 hoc
1450 809 1567 865 maxime
1583 809 1605 864 si
1615 809 1772 876 manducat,
1785 810 1845 882 quia

192 908 310 970 ceptum,
328 909 354 957 et
368 900 453 956 David
467 908 580 971 propter
594 915 672 971 aquae
691 899 856 954 desiderium
870 915 885 952 a
902 897 992 969 seipsa
1043 914 1097 953 uon
1113 915 1146 954 ex
1161 897 1214 953 fide
1230 898 1298 971 agit,
1314 897 1363 953 sed
1386 906 1516 970 tanquam
1539 895 1667 954 infidelis.
1692 897 1781 954 Omne
1796 913 1844 952 au-

192 989 399 1059 raprehensum,
413 995 439 1044 et
453 989 556 1059 Regem
571 995 694 1043 nostrum
709 1002 765 1042 non
782 987 816 1042 de
833 1002 927 1052 carne,
944 985 993 1041 sad
1044 995 1097 1042 tem
1114 987 1187 1060 quod
1202 1003 1256 1042 non
1272 1003 1304 1042 ex
1316 985 1380 1056 fide,
1406 994 1448 1042 est
1472 994 1626 1058 paccatum,
1652 987 1678 1041 id
1702 993 1744 1042 est
1759 987 1844 1042 omnis

193 1079 312 1148 depone
327 1084 468 1132 tentatum.
485 1078 592 1132 Dauara
609 1081 660 1131 est.
687 1074 770 1144 Quasi
789 1075 860 1131 dicat
873 1091 879 1128 :
893 1075 934 1130 Ab
950 1074 993 1129 his
1043 1074 1194 1130 infidelium
1207 1076 1262 1131 vita
1276 1083 1420 1147 peccatum
1436 1082 1487 1140 ost,
1512 1075 1575 1148 qaia
1590 1075 1679 1132 omnis
1702 1074 1846 1131 infideliter

193 1179 242 1235 pro
256 1163 420 1219 offendiculo
434 1163 519 1218 debas
534 1163 681 1231 abstinere,
697 1163 761 1234 quia
776 1163 857 1218 etiam
874 1163 909 1218 ab
919 1163 993 1219 amni
1044 1163 1139 1218 vivens
1155 1164 1196 1219 vel
1212 1180 1308 1236 agens,
1332 1164 1507 1220 vehementer
1528 1172 1635 1235 pausat,
1652 1172 1678 1219 et
1693 1162 1731 1218 nil
1746 1164 1843 1218 bouum

194 1267 277 1308 carne
292 1260 319 1306 ει
333 1252 406 1307 vino.
420 1253 525 1307 Bonum
539 1260 581 1307 εει
593 1251 679 1316 ιιιι,ο
695 1252 785 1318 ιιοιιιο,
801 1268 859 1308 uon
874 1252 996 1308 maudu·
1044 1259 1086 1308 est
1101 1251 1159 1308 sine
1181 1267 1287 1307 summo
1310 1253 1392 1319 bono,
1407 1252 1455 1307 ubi
1477 1253 1554 1308 deest
1568 1251 1672 1326 agnitio
1697 1259 1807 1308 eternae
1820 1259 1845 1307 et

194 1355 260 1396 care
274 1356 400 1408 caruem,
413 1345 442 1396 et
456 1357 513 1397 aaa
524 1340 614 1396 bibere
625 1341 732 1406 uiuum,
745 1357 833 1412 acque
842 1338 944 1411 aliquid
955 1339 993 1394 fu·
1044 1341 1275 1396 incommutabilis
1299 1341 1433 1408 ueritatis,
1459 1340 1529 1396 falsa
1543 1341 1631 1398 virtus
1655 1340 1736 1396 etiam
1752 1340 1779 1396 in
1795 1356 1844 1412 ap·

193 1444 265 1495 aare,
277 1429 309 1484 iu
323 1443 376 1502 quo
390 1431 483 1500 frater
498 1433 565 1484 tuus
578 1429 741 1500 offenditur,
753 1429 938 1500 perturbatus,
950 1443 996 1483 na·
1045 1425 1118 1480 timis
1134 1425 1264 1481 moribus.
1582 1421 1584 1424 ’

194 1517 284 1574 sciens
308 1517 373 1590 quid
396 1524 495 1582 teneat,
519 1517 546 1571 id
569 1525 611 1572 est
632 1516 660 1571 in
684 1533 740 1588 quo
763 1525 835 1573 esset
866 1517 890 1572 ει
912 1532 996 1574 causa
1348 1497 1460 1553 CAPUT
1475 1497 1535 1552 XV·

196 1605 387 1661 damnationis.
404 1604 556 1661 Offenditur
570 1605 652 1673 enim,
675 1605 735 1676 quia
750 1622 765 1660 a
780 1604 833 1660 fida
849 1613 925 1662 recta
939 1605 995 1660 dis·
1083 1603 1170 1657 Vnus.
1203 1605 1230 1666 ι,
1246 1604 1272 1656 7.
1289 1632 1324 1642 -
1342 1623 1353 1653 ι
1371 1602 1508 1658 Debemus
1523 1609 1614 1658 autem
1640 1617 1691 1658 nos
1709 1600 1843 1659 firmiores

194 1693 276 1750 cedit.
292 1694 349 1750 Aut
367 1672 591 1763 scandalizatur,
616 1694 644 1749 id
664 1700 706 1748 ast
728 1693 911 1750 contristatur.
937 1694 1031 1781 dutB
1047 1713 1058 1738 ι
1077 1689 1277 1747 imbecillitates
1290 1689 1462 1746 infirmorum
1485 1691 1630 1757 sustinere,
1647 1698 1674 1746 ει
1688 1707 1744 1746 uon
1766 1691 1844 1747 nobis

195 1784 372 1852 infimatur,
387 1790 416 1837 ut
430 1781 542 1846 dubitet,
559 1781 611 1837 etsi
627 1797 683 1837 non
697 1781 852 1838 offenditur.
869 1781 994 1836 lalirma-
1047 1802 1058 1828 a
1075 1778 1193 1850 placere.
1210 1779 1403 1852 Unusquisque
1427 1787 1547 1836 vestrum
1570 1779 1694 1851 proximo
1717 1795 1768 1835 suo
1782 1780 1843 1852 pla-

200 1878 243 1926 tur
266 1871 338 1926 enim
353 1869 398 1943 qui
413 1885 466 1926 nou
490 1870 601 1936 recedit,
619 1870 667 1925 sad
682 1870 806 1926 dubitare
831 1870 934 1941 incipit.
956 1872 995 1927 Tu
1047 1889 1058 1919 ι
1076 1876 1135 1924 caat
1150 1868 1178 1922 in
1192 1867 1304 1935 bonum,
1316 1869 1352 1924 ad
1366 1867 1583 1926 aedificationem.
1600 1867 1707 1925 Etenim
1720 1869 1843 1924 Christus

196 1959 290 2029 fidem.
307 1958 391 2027 Quasi
406 1959 479 2014 dicat
495 1973 500 2012 :
518 1959 576 2014 Hoc
589 1959 658 2014 bene
673 1967 750 2030 potes
765 1958 865 2028 iacere,
883 1958 994 2030 quiade
1045 1980 1056 2004 ι
1074 1972 1129 2012 non
1144 1955 1197 2011 sibi
1211 1956 1323 2027 placuit,
1340 1957 1399 2024 sed,
1416 1957 1486 2014 sicut
1510 1957 1696 2028 scriptumest
1712 1972 1718 2011 :
1736 1959 1843 2028 impro-

196 2055 243 2103 tuo
266 2047 339 2102 bono
359 2046 425 2101 nibil
445 2046 548 2118 perdis,
566 2055 592 2102 et
612 2047 665 2103 boc
679 2055 729 2114 est,
753 2055 781 2102 ιιι
795 2047 877 2103 babes
900 2045 993 2114 fidem,
1047 2068 1058 2094 u
1074 2045 1151 2117 peria
1172 2045 1415 2117 improperantium
1439 2045 1488 2100 tibi
1511 2046 1669 2102 aeciderunt
1692 2061 1777 2118 super
1799 2063 1843 2102 me

198 2152 253 2209 qua
276 2135 365 2192 credis
388 2135 480 2191 omnia
501 2151 562 2191 esse
583 2136 684 2191 munda
708 2143 735 2191 et
758 2135 873 2202 edenda,
890 2143 917 2191 et
931 2137 993 2201 boc,
1047 2131 1252 2206 «Quaecunque
1276 2133 1349 2189 enim
1373 2133 1474 2206 scripta
1496 2143 1568 2202 suut,
1591 2134 1626 2190 ad
1650 2143 1771 2191 nostram
1795 2135 1844 2189 do-

198 2242 284 2300 peaes
301 2227 491 2297 temetipsum,
508 2224 536 2279 id
550 2232 592 2280 est
606 2225 632 2279 in
657 2224 748 2292 corde,
773 2240 864 2296 quam,
891 2224 995 2281 seilicet
1047 2243 1057 2272 ι
1075 2223 1191 2278 ειιίιιιιιι
1207 2221 1306 2294 scripta
1330 2231 1400 2290 sunt,
1416 2230 1445 2278 ut
1459 2239 1508 2294 per
1528 2223 1685 2294 patientiam
1700 2231 1726 2280 ει
1746 2239 1844 2279 conso-

199 2314 290 2370 uullus
305 2313 417 2370 auferat.
441 2312 524 2378 Habe,
551 2321 663 2380 tantum,
679 2330 775 2369 coram
789 2313 854 2381 Deo,
870 2328 923 2368 non
945 2327 995 2369 co·
1047 2331 1059 2360 ι
1077 2310 1206 2366 ιιιιιοιιειιι
1219 2311 1431 2383 scripturarum,
1446 2327 1523 2384 spem
1534 2311 1693 2367 babeamus.
1709 2313 1784 2367 Deus
1800 2327 1844 2367 au·

198 2419 258 2460 ram
283 2402 435 2458 abstinente
458 2418 492 2458 ne
507 2402 532 2457 ei
555 2417 664 2469 noceas,
680 2410 709 2456 ut
724 2402 759 2457 ita
783 2417 880 2473 pacem
903 2418 996 2458 serves
1047 2421 1058 2447 ι
1075 2399 1275 2471 tempatieutiae
1286 2407 1311 2454 et
1322 2399 1421 2466 solatii,
1434 2399 1567 2456 detrahis
1577 2400 1696 2472 idipsum
1709 2416 1809 2472 sapere
1817 2400 1843 2454 in

200 2509 262 2549 cum
277 2492 369 2561 fratre,
381 2491 453 2562 quod
469 2497 510 2546 εει
525 2491 589 2546 utile
602 2491 673 2561 apud
686 2491 783 2546 Deum.
800 2489 995 2565 [Ambrosius]
1047 2508 1058 2538 ι
1075 2487 1402 2554 alterutrum,socundum
1413 2487 1504 2543 lesum
1511 2487 1693 2555 Christum,ut
1703 2488 1845 2543 unanimes

198 2582 267 2636 ldeu
277 2580 350 2634 istud
366 2579 418 2645 saa,
435 2579 498 2650 quia
513 2579 611 2634 beatus
633 2587 673 2634 ast
688 2579 733 2634 ille
756 2578 801 2650 qui
815 2595 873 2635 aaa
882 2579 997 2649 judicat
1047 2596 1059 2626 ι
1076 2591 1130 2631 uno
1146 2591 1193 2631 ore
1209 2575 1393 2632 honorificetis
1407 2577 1494 2632 Deum
1509 2583 1535 2632 ει
1550 2577 1658 2632 Patrem
1671 2577 1782 2633 Domini
1795 2593 1843 2632 aa·

199 2669 392 2740 semetipsum,
406 2667 435 2722 id
446 2675 487 2722 est
497 2667 543 2738 qui
552 2683 606 2722 uon
617 2665 681 2722 iacit
692 2683 721 2722 se
730 2667 902 2738 culpabilem,
919 2669 949 2722 iu
965 2683 996 2724 eo
1048 2687 1059 2711 ι
1077 2665 1125 2718 stri
1137 2665 1202 2718 Jasu
1217 2664 1328 2719 Christi.
1347 2665 1461 2736 Propter
1476 2666 1549 2736 quod
1573 2665 1701 2737 suscipite
1716 2665 1842 2732 invicem,

200 2757 272 2829 praed
285 2756 396 2828 probat,
413 2755 441 2809 id
456 2755 538 2810 estin
554 2769 587 2809 eo
602 2755 675 2826 quod
690 2755 791 2809 bonum
807 2771 868 2810 esse
880 2754 993 2824 judicat,
1047 2775 1058 2800 u
1077 2752 1147 2808 sicut
1157 2760 1184 2807 ει
1199 2752 1321 2809 Christus
1330 2753 1450 2825 suscepit
1465 2769 1514 2810 vos
1529 2754 1556 2808 in
1566 2755 1701 2810 bonorem
1715 2755 1775 2810 Dei.
1795 2779 1807 2803 ι

198 2843 394 2901 ιιοεειιιιοιιιιιε
409 2843 443 2898 da
468 2859 517 2898 suo
537 2841 619 2898 bono.
636 2843 695 2908 Vel,
712 2843 809 2898 beatus
825 2850 866 2898 εει
880 2842 927 2916 qui
941 2858 996 2899 non
1081 2842 1216 2898 Debemus
1243 2846 1349 2898 autem.
1373 2841 1459 2912 Quasi
1480 2841 1574 2899 dicat:
1593 2841 1718 2898 lulianus
1742 2841 1766 2898 si
1789 2843 1844 2900 edit

194 2933 343 3004 judicatae
358 2931 432 2986 ineo
448 2931 520 3002 quad
544 2931 652 3002 probat,
675 2931 702 2986 id
728 2939 769 2987 est
792 2931 838 3003 qui
859 2931 996 2988 nonaliud
1046 2929 1199 2997 damnatur,
1217 2931 1265 2986 sed
1280 2948 1331 2987 aas
1345 2931 1485 3001 firmiores
1508 2931 1650 3001 debemus,
1674 2947 1730 2988 non
1745 2949 1845 3004 proro-

198 3021 263 3078 iacit
277 3035 357 3092 quam
374 3020 446 3092 quod
461 3021 562 3076 bonum
585 3020 709 3076 aestimat.
725 3019 836 3075 Deatum
851 3035 917 3092 ergo
932 3020 997 3076 dicit
1047 3034 1120 3086 care,
1137 3035 1193 3075 non
1205 3028 1391 3088 contemnere,
1409 3020 1457 3076 sed
1477 3023 1629 3088 ιιιειιιιενε,
1646 3021 1674 3076 id
1690 3028 1733 3076 εει
1747 3023 1805 3092 pati
1820 3031 1846 3078 ει

199 3110 315 3183 quinon
337 3107 410 3164 aliud
434 3108 498 3164 lacit
521 3123 604 3180 quam
625 3109 699 3181 quod
722 3108 788 3164 utile
812 3109 918 3179 probat,
944 3107 993 3164 sed
1011 3081 1164 3181 Gerigere,
1188 3109 1401 3165 imbecillitates
1425 3110 1617 3180 infimorum,
1642 3125 1705 3166 cum
1728 3109 1848 3166 illinon

198 3199 309 3271 proprio
321 3197 425 3267 judicio
447 3197 522 3252 illum
537 3205 630 3253 censet
653 3197 712 3253 lore
735 3197 929 3264 damnandum,
947 3197 994 3270 qui
1044 3195 1150 3268 possint
1158 3213 1188 3252 εε
1196 3197 1231 3252 ad
1242 3212 1293 3252 nos
1303 3197 1424 3270 erigere3
1441 3203 1469 3254 et
1477 3197 1609 3254 debemus
1619 3214 1678 3254 uou
1688 3199 1768 3255 uadis
1781 3201 1848 3271 pla·

197 3287 270 3359 quod
287 3285 352 3341 dicit
368 3300 397 3346 se
411 3301 465 3340 nou
488 3285 589 3340 debera
613 3285 703 3341 tacere
727 3284 799 3341 iacit.
819 3286 872 3354 Qui
885 3290 991 3342 autem.
1044 3301 1116 3354 cere,
1132 3284 1158 3339 id
1174 3293 1278 3350 estnon
1293 3294 1394 3342 nostrae
1407 3287 1538 3342 voluntati
1549 3287 1672 3350 obedire,
1688 3287 1773 3343 idest
1789 3305 1848 3344 non

199 3372 282 3443 Quasi
307 3373 378 3430 dicut
394 3391 401 3427 ι
419 3372 466 3428 llle
481 3381 522 3428 est
541 3373 647 3438 beatus,
664 3373 712 3428 sed
732 3373 778 3444 qui
801 3374 937 3430 disceruit
952 3375 993 3430 ci·
1044 3373 1116 3445 quod
1131 3373 1327 3429 nobistantum
1344 3374 1450 3447 placeat
1469 3375 1619 3444 vindicare,
1635 3375 1684 3431 sed
1699 3375 1771 3448 quod
1790 3374 1850 3431 lra-

197 3463 257 3528 ιιιιε,
281 3460 432 3532 reputando
453 3460 521 3515 alios
545 3461 671 3527 mundos,
688 3461 757 3517 alios
780 3461 953 3527 immundos:
968 3464 993 3519 si
1043 3461 1089 3528 tri,
1114 3462 1178 3534 quia
1193 3462 1308 3518 inuicem
1333 3479 1426 3519 curam
1445 3479 1530 3537 agera
1553 3464 1694 3520 debemus.
1714 3463 1849 3536 [Ambro-

196 3549 423 3608 manducaverit.
439 3563 499 3604 cum
515 3549 561 3603 illa
575 3549 751 3614 conscientia,
768 3549 923 3607 damnatus
938 3555 990 3606 eat.
1043 3548 1123 3622 sius]
1147 3550 1195 3606 ille
1218 3551 1316 3607 dicitur
1337 3551 1389 3606 sibi
1412 3551 1523 3624 placere
1550 3553 1597 3625 qui
1618 3553 1656 3608 ita
1683 3551 1748 3609 iacit
1769 3554 1849 3626 quod

195 3633 326 3707 [Haimo.‚
342 3632 531 3705 Ambrosius]
550 3634 652 3688 Verum
674 3641 715 3688 est
739 3633 803 3704 quia
824 3634 870 3705 qui
891 3635 993 3704 judicat
1043 3638 1095 3693 sibi
1110 3639 1210 3694 bouum
1225 3639 1339 3708 videtur,
1356 3649 1385 3696 ut
1400 3655 1454 3696 non
1469 3649 1554 3712 curet,
1570 3641 1628 3697 sive
1651 3642 1767 3710 placeat,
1785 3644 1849 3698 sire

195 3738 252 3779 uon
283 3721 419 3778 edendum
443 3729 468 3776 ει
492 3720 557 3790 edit,
580 3722 725 3777 damnatus
750 3722 891 3793 est..lpsa
920 3724 993 3779 enim
1042 3742 1096 3783 non
1112 3727 1220 3798 placeat
1242 3728 1376 3799 proximo,
1397 3730 1469 3801 quod
1491 3746 1546 3785 nou
1568 3730 1704 3787 convenit.
1720 3729 1774 3786 Sed
1790 3748 1849 3803 po-

195 3827 270 3868 rcum
285 3827 315 3866 se
337 3809 408 3875 iacit,
433 3809 585 3882 quandoid
608 3812 681 3882 quod
706 3810 800 3866 inutile
820 3811 872 3865 sibi
896 3813 993 3868 asserit
1042 3815 1094 3870 tius
1104 3817 1297 3890 uuusquisque
1308 3821 1438 3874 nostrum
1449 3819 1575 3874 charitati
1585 3819 1707 3886 studens,
1716 3820 1849 3892 placeat,

196 3898 270 3956 iacit.
292 3900 358 3955 ldao
383 3899 528 3954 damnatus
542 3907 594 3965 est,
618 3900 684 3972 quia
699 3916 756 3955 uou
781 3899 938 3966 manducat,
954 3917 992 3956 eu
1042 3903 1069 3958 id
1085 3912 1126 3960 est
1140 3904 1250 3976 placere
1265 3913 1350 3971 curet,
1373 3907 1505 3979 prosimu
1529 3924 1590 3974 auc,
1606 3907 1634 3962 id
1648 3915 1690 3963 est
1703 3908 1779 3964 omni
1796 3909 1851 3964 ho·

195 3989 259 4058 fide,
275 3988 303 4043 id
321 3995 363 4043 est
385 3988 535 4043 secundum
559 3987 764 4044 conscientiam.
790 3988 889 4044 Contra
910 3987 991 4044 fidem
1041 3992 1109 4047 mini
1118 4009 1173 4049 nou
1185 3993 1213 4048 in
1224 3994 1336 4063 malum,
1348 3995 1397 4050 sed
1412 3997 1443 4051 iu
1458 3996 1571 4066 bouum,
1587 3996 1614 4050 id
1629 4004 1669 4052 est
1679 3997 1712 4051 ad
1727 3997 1756 4051 id
1768 3997 1849 4068 quod

196 4077 288 4148 utique
302 4076 367 4145 edit,
383 4075 429 4148 qui
445 4076 580 4131 edendum
597 4092 651 4132 non
667 4077 764 4132 credit.
781 4077 868 4132 Omue
883 4081 990 4145 autem,
1041 4080 1106 4136 utile
1130 4088 1182 4148 εει,
1206 4081 1242 4138 ad
1264 4083 1491 4152 aedificationem.
1514 4083 1645 4157 [licimo]
1659 4086 1691 4140 Et
1705 4100 1772 4140 vere
1788 4103 1849 4141 non

196 4166 276 4222 etiam
292 4164 428 4220 sibonum
452 4164 486 4218 sit
501 4163 529 4218 in
553 4181 593 4232 se,
610 4165 681 4238 quod
695 4181 753 4221 aaa
767 4170 810 4221 est
833 4182 870 4221 eu
884 4166 948 4235 fide,
964 4166 992 4221 id
1042 4169 1174 4226 debemus
1198 4170 1277 4226 nobis
1299 4171 1418 4242 placere,
1442 4175 1549 4228 clauim
1573 4173 1700 4230 cbristus
1715 4189 1774 4229 uon
1793 4177 1851 4231 sibi

195 4253 324 4326 estquod
338 4251 367 4306 ιι
382 4260 477 4308 contra
491 4250 573 4308 iidem
587 4261 616 4308 ut
631 4254 774 4310 credamus
797 4253 899 4308 malum
918 4270 990 4323 esse,
1039 4258 1162 4329 placuit,
1179 4258 1207 4313 id
1223 4266 1264 4314 est
1282 4260 1356 4331 quod
1370 4275 1425 4316 non
1448 4260 1567 4331 placeret
1581 4261 1658 4317 carni
1672 4260 1745 4332 iecit,
1771 4262 1850 4319 sicut

192 4346 343 4415 peccatum
357 4343 409 4409 est,
426 4356 481 4397 non
504 4348 595 4398 tamen
609 4357 690 4398 omne
713 4342 785 4413 quod
800 4340 829 4396 stt
848 4357 910 4397 cum
925 4341 989 4411 fide,
1041 4345 1101 4416 ipse
1110 4346 1175 4403 dicit
1183 4346 1210 4401 in
1222 4347 1374 4421 Evangelio
1387 4363 1393 4402 :
1405 4349 1466 4405 Noa
1476 4352 1542 4406 veui
1554 4352 1650 4421 facere
1663 4351 1849 4408 uoluntatem

194 4431 295 4486 bonum
311 4437 363 4500 est,
380 4429 444 4501 quia
458 4429 611 4501 ignorantia
625 4447 685 4503 quaa
700 4437 740 4485 ast
756 4445 789 4485 er
804 4431 885 4501 culpa
904 4440 992 4488 nocet.
1004 4437 1030 4496 Ι)
1042 4450 1144 4504 ιιιειιιιι,
1160 4435 1209 4491 aed
1224 4437 1285 4507 ejus
1299 4438 1347 4509 qui
1360 4437 1440 4493 misit
1458 4453 1503 4494 me
1517 4437 1610 4510 (locu.
1626 4438 1677 4510 rr).
1703 4439 1764 4494 Nou
1793 4441 1851 4494 sibi

197 4516 285 4575 Omne
312 4518 395 4591 igitur
422 4519 495 4590 quod
520 4519 553 4574 ad
586 4519 780 4574 conscientiam
808 4519 943 4589 pertinet,
972 4521 995 4577 si
1044 4523 1146 4594 placuit
1161 4523 1230 4592 dico,
1247 4524 1296 4580 sed
1312 4525 1369 4581 Deo
1382 4525 1465 4596 Patri,
1491 4527 1565 4583 sicut
1591 4528 1731 4600 complura
1756 4530 1850 4584 estin

197 4606 277 4663 aliter
289 4606 337 4662 oct
355 4606 420 4663 dicit
443 4623 504 4662 εεεε
527 4615 678 4680 peccatum,
703 4606 827 4678 quamvis
853 4608 933 4662 etiam
949 4608 995 4664 liat
1044 4611 1183 4666 Psalmis:
1205 4611 1386 4687 lmproperia‚
1410 4614 1642 4687 Psalmographus
1665 4632 1698 4672 ax
1722 4631 1850 4687 persona

197 4696 270 4767 quod
285 4695 385 4751 bonum
401 4703 451 4762 εει,
469 4695 492 4750 si
506 4703 596 4752 tamen
608 4711 663 4751 noa
678 4694 833 4751 iaciendum
855 4697 991 4766 credatur,
1045 4699 1195 4756 salvatoris
1209 4701 1290 4756 verba
1305 4701 1370 4757 tacit
1383 4703 1442 4758 Deo
1458 4703 1530 4758 Patri
1544 4703 1647 4771 dicens,
1663 4704 1847 4777 improperia,

196 4783 240 4840 val
254 4784 295 4841 sic
308 4799 362 4840 uon
372 4783 527 4840 iaciendum
542 4792 570 4838 ut
585 4783 624 4850 lit,
641 4791 783 4855 peccatum
796 4792 847 4839 est.
864 4783 994 4861 [Haima]
1043 4787 1088 4843 rel
1102 4788 1284 4845 detractiones
1307 4790 1461 4847 ludaomm
1477 4792 1732 4866 improperantium
1748 4795 1804 4850 ttut
1820 4795 1851 4848 in

200 4872 247 4928 Vel
268 4872 314 4938 ita,
338 4887 487 4929 conversus
509 4873 544 4927 ad
569 4870 651 4928 fidem
675 4872 776 4928 Cbristi
797 4872 842 4944 qui
865 4873 994 4930 disceruit
1043 4893 1098 4943 me,
1113 4891 1130 4932 o
1145 4878 1233 4945 Pater,
1250 4879 1414 4936 cectderuut
1428 4897 1514 4952 super
1526 4897 1581 4948 me,
1597 4881 1625 4936 id
1639 4889 1774 4938 astceusa
1786 4883 1852 4938 fue-

197 4960 284 5030 oibos,
300 4968 395 5031 postea
410 4960 536 5030 judicans
559 4960 628 5016 alios
642 4961 768 5028 mundos,
793 4960 862 5017 alios
877 4962 993 5019 immun·
1043 4972 1106 5019 runt
1121 4965 1308 5037 oppressionis
1321 4983 1398 5038 maae,
1415 4967 1500 5025 idest
1522 4985 1586 5026 cum
1599 4969 1716 5026 faceram
1741 4971 1850 5026 volun-

197 5050 258 5107 dos.
285 5050 434 5104 Damnatus
460 5056 511 5118 est,
527 5048 555 5104 id
577 5057 618 5104 ast
640 5049 842 5105 damnationem
870 5050 922 5105 sibi
943 5067 992 5108 aa·
1043 5060 1125 5108 tatem
1149 5056 1407 5124 tuam,01teus,in
1430 5057 1491 5122 hoc,
1519 5057 1582 5130 quia
1605 5057 1673 5128 ejeci
1695 5057 1786 5114 malos
1812 5061 1851 5116 de

196 5137 289 5212 quirit,
305 5145 332 5194 ει
346 5137 492 5209 praecipua,
509 5138 533 5192 si
547 5137 761 5195 manducaverit.
785 5135 838 5206 Qui
848 5153 902 5194 nou
916 5155 993 5194 man·
1042 5141 1144 5213 templo
1173 5143 1247 5214 quod
1270 5142 1393 5201 lecerunt
1415 5145 1574 5217 speluncam
1597 5145 1742 5213 latronum,
1763 5157 1795 5203 ει
1819 5149 1852 5204 in

195 5226 305 5283 ducavit
327 5243 361 5282 ex
384 5225 452 5294 tide,
476 5226 568 5282 idest
592 5226 656 5298 quia
683 5225 829 5282 infideliter
859 5227 915 5298 egit
937 5244 991 5284 uon
1042 5231 1169 5286 omnibus
1187 5231 1248 5286 aliis
1271 5232 1357 5290 ludaei
1379 5233 1445 5288 mihi
1468 5232 1633 5307 improperia
1655 5234 1852 5307 ingessemnt,

194 5315 309 5370 credens
324 5314 415 5370 omnia
439 5314 539 5371 munda
554 5329 625 5384 essa,
641 5314 769 5371 dubitans
787 5314 815 5370 in
839 5314 901 5383 fide,
918 5324 945 5373 ει
959 5333 992 5373 aa
1042 5318 1106 5391 quia
1120 5319 1246 5376 dixerunt
1260 5337 1303 5377 me
1324 5336 1441 5393 peccare
1454 5321 1481 5377 in
1496 5331 1533 5392 te,
1551 5325 1598 5396 qui
1611 5323 1700 5395 potius
1715 5340 1759 5380 me
1787 5343 1850 5383 nou

232 5485 303 5555 (atto)
323 5488 482 5554 laustinus,
494 5502 549 5556 sup.
561 5489 631 5542 loun.
936 5537 948 5578 θ
1076 5493 1147 5565 (381)
1165 5499 1213 5566 ld,
1225 5499 1250 5551 ia
1262 5499 1326 5552 libro
1337 5501 1409 5554 sant.
1420 5499 1544 5568 Prosperl.
