3870 6064
102 177 154 230 ιιι
558 169 842 229 commutamur
855 169 892 226 nl
905 163 1075 226 Psaaaos.
1086 198 1121 212 -
1139 168 1235 224 esta.
1251 167 1380 223 xxxin.
1715 164 1768 218 3ιὶ

102 297 152 370 εει
168 313 241 354 vero
255 297 380 353 mendosi
394 296 504 354 codices
519 295 638 352 habant:
655 293 771 350 immittit
785 293 912 366 angelum
926 292 1015 353 Abas
1037 291 1082 348 hic
1112 290 1208 363 accipe
1232 289 1304 362 quud
1319 289 1357 344 ait
1380 289 1496 348 :divites
1519 294 1663 364 eguerunt,
1690 286 1769 360 [Gaa-

102 385 258 451 Dcminus,
274 392 328 442 etc.
963 377 1045 452 siud]
1065 379 1129 451 quia
1152 376 1311 433 fidemnon
1334 377 1432 432 babent
1455 395 1517 449 quaa
1548 385 1590 434 est
1613 373 1765 431 substantia

963 467 1160 538 sperandarum
1176 481 1268 521 rerum
1283 465 1375 537 (Habr.
1392 468 1445 536 ει).
1461 467 1495 521 ιιι
1508 466 1671 530 esurierunt,
1702 461 1763 528 (Αι-

962 554 1046 624 εειε.)
1062 554 1125 628 εειε
1152 569 1267 626 corpore
1296 552 1405 608 Domini
1434 567 1490 608 non
1517 553 1656 608 satiantur.
1687 548 1760 618 Quid

962 641 1035 698 enim
1048 642 1159 708 habent,
1176 640 1223 713 qui
1237 641 1324 696 Deum
1347 655 1402 696 non
1433 640 1559 696 habent?
1583 639 1641 704 Vel,
1665 637 1762 693 divites

963 737 1106 801 eguerunt,
1122 729 1206 784 idest
1228 727 1358 784 carebunt
1380 727 1408 783 in
1434 727 1525 783 futuro
1548 739 1653 782 summo
1676 723 1758 788 bonu,

962 817 991 873 id
1005 825 1046 872 est
1060 817 1128 878 Deo.
1154 815 1217 872 licet
1239 814 1370 885 esuriant,
1395 815 1486 872 idest
1509 812 1674 894 desiderent.
1701 809 1758 880 (ιιι.

137 501 232 556 Vens.
244 505 271 556 8.
287 531 322 543 -
338 521 350 552 ι
366 498 479 556 Gustata
494 507 521 555 et
536 500 635 568 videte,
665 500 794 573 quonium
820 497 912 552 suavis

100 611 111 635 ι
130 596 178 643 εει
194 588 348 654 ιιοιειεεε;
363 588 461 643 beatus
474 587 515 643 vir
530 589 575 660 qui
590 596 683 660 sperat
697 588 725 644 in
745 603 789 643 eo.
809 609 819 635 r

136 677 272 732 Gustata.
288 674 383 750 [ιεε.]
408 675 458 732 Ηιε
482 684 576 747 ερεειε
601 678 659 748 agit
683 677 718 732 de
739 680 911 731 sacramento

98 763 179 836 quod
204 763 345 819 ferebatur
367 763 501 818 manibus.
527 763 583 836 [Gl.
608 763 669 836 int]
695 763 780 833 Quasi
814 761 910 817 dicat:

96 852 162 907 Non
180 851 273 906 solum
287 850 418 916 accedite,
430 858 460 906 ει
470 850 597 916 credatis,
613 851 662 908 sed
672 854 785 924 pustula
799 863 912 906 carnem

97 947 124 995 eq
138 939 311 1012 sanguinem
325 937 436 1005 (quisq
452 942 481 995 ,t
496 939 536 995 δε
552 939 651 1006 met„
669 935 816 1012 [Cassiod]
831 935 860 996 id
870 945 912 992 es,
962 905 1023 975 int.)
1039 905 1116 962 Unde
1131 904 1231 970 subdit,
1248 912 1275 960 et
1289 911 1380 959 tamen
1394 903 1557 1004 esurierunt,
1574 901 1601 956 id
1621 907 1663 956 est
1684 897 1760 954 desi-

95 1023 248 1096 inreffigire
260 1024 395 1096 quoniam
408 1025 503 1080 ,pam-5
518 1027 561 1079 ὣς
574 1025 656 1090 Dm,
670 1023 801 1099 [Aleum]
816 1027 842 1082 id
871 1035 912 1084 es,
962 993 1135 1059 deraserunt,
1148 992 1212 1048 dote
1226 999 1339 1048 naturae.
1355 992 1532 1065 Inquiramus
1555 993 1653 1048 autam
1685 986 1764 1056 (Cas-

98 1111 191 1167 dulais
205 1111 297 1178 cibus,
313 1111 360 1184 qui
383 1119 425 1166 est
447 1111 503 1166 vita
528 1111 655 1178 sumenti,
678 1112 785 1184 pellens
815 1131 912 1171 omnes
962 1081 1045 1151 Μ’)
1069 1079 1154 1149 Qum
1177 1080 1268 1135 dmm
1291 1079 1388 1136 divim
1412 1085 1557 1150 eguerum’
1581 1075 1641 1142 sed*
1670 1073 1761 1147 inqffi'

97 1198 246 1256 molffifias
260 1199 288 1254 in
303 1199 404 1255 futuro·
421 1198 569 1271 [Cassiod]
586 1200 659 1256 Deus
683 1201 756 1256 enim
780 1203 835 1258 vita
858 1212 901 1260 es,
962 1176 1064 1236 rentes,
1079 1167 1163 1224 idest
1178 1175 1234 1223 toto
1247 1168 1337 1224 studio
1352 1174 1513 1240 quaerentes,
1523 1165 1686 1232 Dominum,
1698 1177 1757 1260 'non

99 1295 126 1342 e,
141 1285 260 1342 verim·
276 1285 371 1360 [Augq
394 1287 429 1342 E,
444 1285 508 1358 quia
531 1287 605 1342 Deus
629 1296 670 1342 es,
694 1288 746 1344 vim
783 1298 809 1346 e,
831 1247 911 1348 Μ’
961 1256 1043 1323 aliud,
1060 1271 1115 1312 non
1129 1255 1352 1311 minueturomni
1367 1256 1448 1320 bono,
1472 1254 1500 1309 id
1524 1261 1565 1309 est
1587 1251 1647 1308 sine
1668 1265 1756 1347 mmu-

98 1389 185 1446 qnam
200 1374 257 1429 sibi
272 1374 367 1442 univit,
383 1381 425 1430 eat
439 1373 609 1431 vivificatrix.
620 1375 665 1432 Sic
675 1331 908 1435 εειεεέιιεεεοε-1
962 1343 1035 1400 “⁰¹¹⁰
1044 1343 1182 1399 h⁸beb¹¹¹¹²
1196 1344 1298 1399 b⁰m¹m
1313 1343 1387 1415 q⁰⁰d
1400 1349 1442 1398 ‘⁸‘
1456 1357 1537 1440 ⁰¹¹¹.¹¹⁰
1558 1342 1669 1408 b⁰n¹¹m’
1695 1353 1758 1409 ‘¹⁰¹³

98 1463 165 1518 dum
181 1461 326 1536 intelligi&
342 1471 439 1534 regna,
449 1461 478 1518 in
493 1471 520 1518 ,e
535 1463 628 1533 Μεθ’
649 1464 675 1519 id
691 1473 732 1520 es,
746 1465 910 1539 immun,
961 1431 989 1487 in
1003 1433 1061 1488 Deo
1076 1438 1141 1531 sunt
1152 1431 1243 1529 omnia
1256 1432 1338 1497 bona,
1354 1431 1417 1503 quia
1431 1445 1552 1486 ommam
1567 1435 1662 1484 auctor
1677 1432 1718 1482 est
1729 1431 1756 1480 ει

98 1559 124 1606 ει
138 1549 209 1606 abiit
224 1559 284 1606 ata
299 1550 398 1617 David,
419 1551 447 1606 id
467 1559 508 1607 ast
539 1550 674 1617 Christus,
696 1553 807 1610 raritas.
840 1557 911 1612 Bau·
961 1519 1042 1592 plena
1056 1517 1224 1576 summm·

99 1643 155 1702 tac,
174 1646 243 1703 ate,
259 1637 337 1710 quasi
351 1637 427 1694 dicat
441 1655 448 1693 z
464 1638 527 1696 dico
542 1646 659 1712 gustate,
675 1648 702 1696 ει
717 1649 826 1712 sperate
836 1643 863 1698 in
873 1660 907 1700 εο
921 1637 947 1696 Β
993 1634 1066 1690 PARS
1080 1648 1121 1702 ¹¹¹,
1136 1632 1281 1716 διᾶψαλμα,
1294 1633 1379 1688 Vm·
1406 1636 1449 1687 Η-
1475 1661 1509 1672 -
1526 1652 1538 1683 ‘
1563 1629 1670 1695 Venite,
1696 1624 1753 1692 filib

97 1726 172 1798 quod
183 1725 393 1799 gustatis,quia
407 1725 502 1782 beatus
516 1726 568 1781 erit
583 1728 689 1800 uirqui
703 1734 800 1801 sperat
816 1733 847 1786 ιη
876 1747 906 1788 eo
957 1729 1076 1786 «audite
1090 1745 1144 1798 me,
1160 1731 1285 1788 timorem
1300 1729 1409 1786 Domini
1424 1730 1530 1786 docebo
1554 1743 1642 1784 ros.-

96 1813 172 1886 quod
186 1821 302 1887 gastau
317 1829 368 1886 per
381 1815 433 1870 boc
447 1823 563 1886 sperate,
582 1815 662 1872 idest
672 1817 755 1873 vitam
765 1826 905 1890 aeternam,
997 1819 1101 1874 Venite.
1118 1819 1266 1888 (Cassiod.)
1281 1818 1450 1890 Tertiapars.
1466 1816 1598 1873 Tractatis
1612 1828 1693 1887 supra
1704 1813 1757 1868 Ec-

95 1902 123 1957 in
138 1901 248 1958 laturo.
264 1903 315 1959 Vel
332 1901 393 1958 ita:
419 1902 525 1968 beatus,
551 1904 629 1974 quasi
653 1905 726 1961 dicat
749 1907 841 1962 suavis
864 1915 906 1963 εει
956 1905 1242 1977 clesioesacranrentis,
1257 1907 1385 1963 admonet
1396 1907 1454 1977 jam
1467 1921 1526 1972 aas,
1543 1903 1623 1977 quasi
1636 1902 1683 1976 qui
1705 1915 1754 1956 ex·

95 1990 245 2057 Dominus,
260 1997 290 2046 et
303 1997 412 2062 sperate
427 1991 455 2046 in
470 2005 513 2056 eo,
530 1991 594 2063 quia
614 1991 710 2049 heatus
737 2003 787 2062 eat,
824 1996 905 2051 etiam
956 2001 997 2048 tra
1012 2001 1082 2061 sunt,
1100 1994 1127 2049 id
1141 2003 1188 2050 est
1198 1993 1358 2066 incipientes
1372 1993 1419 2066 qui
1432 1992 1591 2066 primaiidai
1601 1995 1755 2052 rudimenta

95 2094 179 2144 nnnc,
198 2078 246 2134 vir
259 2078 306 2151 qui
322 2087 417 2150 operat
432 2079 461 2135 in
468 2095 501 2135 εο
513 2097 521 2146 ;
535 2079 621 2135 miser
635 2081 682 2153 qui
696 2090 790 2154 sperat
813 2084 841 2137 in
864 2101 904 2150 se,
955 2081 1100 2153 accipiunt,
1116 2083 1246 2155 aquibus
1260 2082 1421 2141 abstineant.
1438 2079 1522 2150 Quasi
1537 2083 1608 2139 dicat
1623 2100 1630 2138 :
1645 2083 1714 2142 Dico
1724 2084 1754 2141 ti·

96 2167 137 2222 rel
153 2166 183 2222 in
197 2166 262 2222 aliis
274 2167 443 2224 homiuibus.
462 2166 518 2240 [Gi.
536 2167 597 2240 int]
617 2168 672 2224 Sed
697 2171 743 2240 qui
764 2179 856 2242 sperat
879 2172 906 2227 in
955 2178 1036 2239 mete,
1052 2179 1081 2226 ut
1094 2179 1184 2226 autem
1200 2171 1408 2238 sciatistimere,
1425 2171 1516 2240 ofilit',
1530 2170 1750 2229 scilicetdiseen-

94 2271 136 2322 eo,
150 2257 211 2324 J'am
226 2255 323 2311 beatus
337 2262 388 2324 est,
404 2255 468 2328 quia
480 2271 541 2311 eum
553 2256 609 2325 jam
631 2257 712 2314 habet
735 2259 763 2314 in
786 2275 835 2331 spe
860 2259 905 2332 qui
956 2258 1084 2314 tealdus
1107 2259 1179 2314 enirn
1200 2259 1375 2330 propheticus
1400 2267 1451 2326 est,
1474 2257 1623 2328 discipulos
1652 2275 1750 2316 vocare

95 2352 135 2398 est
149 2359 238 2400 omne
254 2344 366 2400 bonum
385 2342 453 2414 Quia
477 2344 534 2400 vult
558 2360 655 2401 omnes
677 2344 808 2403 sollicitos
831 2363 902 2414 esse,
955 2343 1035 2402 lilios.
1054 2347 1158 2412 Venite,
1176 2345 1274 2418 (Hier.)
1289 2345 1343 2402 lide
1358 2346 1456 2402 cudite
1467 2361 1521 2414 me,
1537 2347 1565 2401 id
1578 2346 1753 2404 estdiscitea

100 2432 202 2486 addit:
219 2432 265 2502 Et,
283 2447 373 2500 oros,
955 2449 1008 2500 me,
1025 2441 1052 2490 et
1065 2449 1100 2489 ne
1123 2449 1222 2490 nomen
1244 2434 1347 2490 timoris
1376 2435 1528 2500 horreatur,
1547 2433 1632 2501 addit,
1654 2435 1752 2492 docebo

140 2539 229 2593 rm,
254 2540 282 2592 ε,
297 2561 359 2584 -ι
386 2538 489 2594 Timere
510 2538 667 2604 Dominum,
693 2555 788 2597 omnes
819 2543 905 2598 ,amq
954 2538 1004 2578 vos
1027 2521 1106 2589 lilios,
1130 2522 1276 2593 (Cassiod,
1298 2522 1343 2578 (ιι.
1367 2521 1429 2592 ιει.)
1454 2537 1523 2596 quos
1545 2537 1600 2577 nun
1623 2523 1751 2579 docerem

102 2627 201 2696 ,8εωὶ
219 2625 350 2698 quonjam
365 2641 420 2683 „011
436 2634 478 2682 051
492 2626 584 2699 inopia
608 2627 765 2684 qmenqbus
795 2645 867 2686 eum·
891 2653 902 2680 ,
954 2610 1006 2665 nisi
1020 2626 1078 2666 rem
1093 2610 1196 2680 utilem,
1213 2611 1315 2668 scilicet
1338 2613 1467 2668 timorem
1490 2611 1612 2676 Domini,
1639 2610 1684 2682 qui
1707 2619 1749 2668 est

953 2696 1056 2752 initium
1072 2698 1221 2769 sapientiae,
1238 2698 1335 2767 (Hier,
1353 2697 1397 2753 Gl.
1415 2697 1476 2768 int.)
1492 2695 1577 2766 Quasi
1590 2696 1661 2752 dicat
1678 2715 1684 2752 :
1701 2697 1750 2755 tti-

953 2784 1019 2842 scitc
1030 2785 1165 2850 timorem,
1182 2793 1208 2841 et
1222 2785 1338 2854 debetis,
1349 2786 1413 2857 quia
1427 2785 1455 2840 in
1470 2786 1522 2841 hoc
1537 2793 1578 2841 est
1588 2784 1651 2854 vita,
1675 2786 1749 2858 quod

952 2872 989 2928 ita
1003 2872 1041 2928 ait
1057 2892 1064 2928 :

918 2987 942 3051 c
987 2981 1071 3035 Vsus.
1088 2983 1131 3038 ιι.
1143 3009 1179 3022 -
1195 3003 1205 3028 u
1223 2979 1290 3050 Quis
1305 2986 1346 3036 est
1361 2957 1443 3035 h'omo
1458 2979 1574 3050 quivult
1589 2977 1672 3034 vitam
1682 2980 1696 3035 ι
1706 2979 1747 3034 di-

953 3087 964 3115 ι
981 3066 1041 3139 ligit
1055 3067 1114 3123 dies
1129 3067 1223 3123 videre
1238 3067 1354 3122 bonos?
1370 3086 1382 3117 ε

133 2739 191 2814 [Gl.
211 2739 275 2813 int]
292 2739 394 2797 Omnes
408 2742 502 2798 suncti
525 2744 595 2814 ejas.
622 2743 720 2798 timae
740 2744 902 2810 Dominum,

96 2827 247 2901 [Cassiod]
271 2836 301 2884 ει
315 2828 361 2901 εει
390 2836 453 2895 ειει,
475 2828 615 2885 videatne
635 2830 724 2886 cadat.
749 2829 847 2903 [iliam]
870 2832 905 2888 Et

95 2917 168 2972 addit
182 2933 293 2984 omnes,
307 2925 337 2971 ει
346 2916 447 2987 εειιεε,
463 2916 526 2974 ιιεει
537 2918 741 2988 benemeritus,
753 2919 842 2976 abhoc
853 2919 904 2976 de-

95 3005 180 3072 sistat,
196 3020 255 3060 nun
270 3004 443 3061 securitatem
457 3012 611 3076 prasumat.
625 3006 700 3075 ldeu,
718 3007 815 3063 timete
839 3008 898 3064 Do·

94 3092 207 3161 minum,
224 3093 353 3165 quoniam
368 3101 478 3150 nonest
496 3093 588 3165 inopia
598 3094 789 3167 temporalium
799 3097 900 3151 timca-

95 3181 166 3237 tibua
180 3197 257 3238 cam.
274 3181 327 3237 alii
342 3180 434 3254 aliquo
448 3181 580 3254 indigent,
598 3182 646 3238 sed
661 3198 716 3238 non
731 3182 783 3249 sui,
801 3183 897 3254 quibus
989 3182 1054 3250 Quis
1069 3187 1112 3239 ast
1126 3184 1206 3239 bomo
1227 3183 1275 3255 qai
1291 3183 1353 3236 cult
1366 3182 1454 3237 vitum
1473 3188 1601 3237 aeternam
1617 3183 1631 3236 ι
1651 3191 1677 3237 ει
1700 3185 1747 3255 qui

92 3269 150 3340 ipse
165 3271 201 3325 ait
219 3269 369 3326 :Primum
380 3271 627 3343 quaritcrcpcum
634 3272 898 3328 Deiatltoecomrrtc
948 3269 1145 3342 diliqitvtdare
1159 3271 1218 3327 dies
1233 3271 1315 3327 bonos
1334 3271 1381 3342 εει
1396 3286 1535 3344 nunquam
1560 3278 1621 3325 sunt
1645 3269 1674 3328 in
1692 3271 1746 3326 lroc

98 3358 276 3428 adjicientur
291 3358 366 3415 ochis
387 3359 479 3429 (llctt.
503 3357 553 3430 vr).
575 3357 668 3432 [aug]
691 3359 823 3416 Pascebat
839 3361 898 3417 Do·
949 3359 1072 3415 saeculo?
1087 3360 1182 3432 (lug.)
1197 3359 1255 3414 llca
1269 3374 1365 3413 omnes
1378 3356 1496 3414 latentur
1512 3374 1542 3414 se
1552 3357 1631 3424 velle,
1644 3358 1745 3414 bonam

96 3445 184 3502 minus
194 3452 417 3502 contemnentem
438 3462 479 3514 se,
502 3453 529 3502 at
548 3446 656 3503 deseret
678 3447 819 3504 timentem
842 3450 897 3520 εει
948 3463 1007 3502 rem
1022 3446 1124 3518 volunt,
1142 3448 1191 3502 sed
1208 3463 1262 3502 non
1273 3445 1300 3501 in
1314 3446 1427 3519 regione
1441 3445 1500 3517 ejus
1515 3454 1638 3518 quarunt
1660 3445 1743 3502 illam.

93 3551 125 3590 ne
150 3549 222 3606 ergo
240 3534 355 3590 deseras
378 3535 476 3602 Deum,
501 3551 536 3590 ne
559 3533 658 3591 famem
681 3536 804 3606 patiaris.
820 3537 895 3593 ιιειιι
949 3533 1027 3592 Velut
1042 3536 1065 3590 si
1079 3536 1197 3608 aliquem
1211 3535 1314 3605 justum
1329 3551 1478 3610 quaereres,
1495 3535 1544 3590 sed
1567 3551 1622 3590 non
1642 3534 1671 3590 in
1692 3550 1744 3607 pa·
1771 3603 1774 3608 ,

94 3623 164 3678 enim
179 3623 245 3678 ideo
258 3623 389 3678 deserunt
402 3624 500 3694 Deum,
516 3639 551 3678 ne
564 3622 660 3696 inopes
674 3624 737 3680 sint.
763 3624 893 3698 [alcuin]
948 3624 998 3678 tria
1013 3623 1060 3678 ubi
1074 3623 1219 3694 habitaret,
1235 3623 1372 3680 dicaretur
1394 3623 1442 3678 tibi
1459 3642 1466 3678 ι
1490 3624 1593 3679 Bonum
1611 3623 1698 3678 virum
1719 3629 1746 3678 et

92 3711 144 3766 Sed
166 3710 311 3783 promittit,
332 3725 387 3767 non
409 3711 548 3782 superllua
570 3712 620 3768 aad
642 3713 808 3782 necessaria,
830 3713 894 3786 quia
947 3728 1078 3784 magnum
1093 3711 1200 3784 quaeris,
1217 3712 1266 3768 sed
1282 3711 1337 3767 noli
1352 3727 1476 3784 quaerere
1491 3710 1544 3777 hic,
1560 3711 1605 3767 ubi
1620 3727 1676 3766 non
1698 3709 1743 3765 in-

91 3798 248 3855 timantibus
263 3800 349 3855 Deum
364 3799 430 3855 nihil
443 3799 530 3866 deest,
543 3799 593 3856 sed
946 3801 1040 3858 venies
1054 3816 1135 3856 eurn:
1150 3800 1186 3855 ita
1202 3816 1356 3872 quaeramus
1380 3807 1407 3854 et
1427 3815 1478 3854 nos
1499 3798 1590 3864 vitam,
1615 3798 1666 3854 sad
1689 3813 1743 3853 non

125 3925 211 3978 Vm
230 3926 353 3977 lt.-«
383 3922 487 3980 [εγω
502 3931 636 3997 egueram
649 3933 674 3979 e,
703 3923 858 3980 esurierunt
883 3945 889 3981 ε
946 3887 999 3944 lric.
1016 3889 1050 3943 Et
1066 3887 1142 3960 quasi
1156 3887 1229 3945 dicat
1244 3887 1462 3960 aliquistquarc
1477 3887 1529 3942 hoc
1551 3885 1673 3958 quaeris?
1696 3901 1741 3940 ra-

94 4034 103 4060 ι
119 4011 290 4085 inquirentes
304 4019 393 4068 autem
409 4011 556 4068 Dominum
571 4027 625 4067 non
642 4012 800 4070 minuentur
814 4014 888 4070 omni
948 3977 1063 4049 ⁸p⁰¹²d⁰¹
1079 3992 1085 4031 ²

96 4123 105 4148 ·
122 4101 231 4157 Ῐιῡῦθι·
982 4083 1066 4138 vans.
1083 4085 1125 4137 le.
1142 4112 1176 4122 -
1194 4103 1205 4132 ι
1224 4080 1339 4137 Prohibe
1353 4081 1475 4154 linguam
1487 4089 1563 4137 ιεεει
1577 4097 1592 4136 ε
1614 4083 1696 4150 malo,
1713 4089 1740 4138 et

124 4189 343 4255 praecamur,
357 4187 521 4262 [utruque
534 4189 703 4262 estsupercr,
716 4195 889 4264 quaranta
948 4193 959 4218 l
982 4169 1053 4225 tabia
1068 4177 1112 4224 tua
1121 4185 1155 4224 na
1171 4169 1316 4241 loquantur
1329 4169 1432 4225 dolum·
1454 4191 1465 4221 »

92 4278 264 4344 asumeruat,
281 4277 327 4348 qui
341 4277 425 4333 etiarn
439 4293 509 4348 panc
525 4279 667 4350 temporali
683 4287 773 4352 egent,
790 4286 816 4335 et
831 4278 888 4334 ine·
909 4267 921 4286 ’
980 4283 1097 4341 Prohibe
1112 4285 1248 4356 linquam,
1266 4283 1413 4340 ostendens
1428 4284 1564 4356 quomodo
1588 4283 1688 4340 debent
1712 4284 1744 4340 ti·

91 4365 159 4419 diem
174 4363 317 4436 patiuntur
332 4365 478 4422 interdum.
497 4367 546 4422 Vel
568 4367 659 4438 putius
683 4367 717 4422 de
740 4367 889 4439 spirituaii·
904 4341 1026 4427 Dmere.
1044 4371 1174 4441 (dicuin.)
1189 4371 1275 4440 Quasi
1288 4371 1360 4427 dicat
1376 4388 1383 4427 τ
1399 4380 1428 4426 ιε
1448 4372 1604 4444 quicunque
1628 4387 1668 4438 es,
1693 4371 1741 4443 qui

92 4453 234 4508 bushonis
261 4453 306 4509 laia
334 4453 523 4526 accipiendum
553 4463 603 4512 est.
633 4455 778 4528 [Cassiod]
806 4456 891 4525 Quasi
941 4459 1021 4516 vitam
1034 4467 1164 4515 aeternam
1179 4459 1266 4530 cupis,
1283 4461 1335 4514 hoc
1349 4460 1430 4516 modo
1454 4459 1527 4526 tima,
1551 4458 1655 4514 scilicet
1672 4474 1736 4530 prc-

89 4541 180 4598 dicat:
197 4541 263 4596 ideo
278 4539 381 4609 timete,
398 4541 528 4616 quoniam
544 4558 599 4598 non
620 4551 661 4598 εει
684 4543 783 4614 inopia,
810 4543 891 4615 spiri·
941 4548 1002 4603 luiba
1018 4548 1146 4618 linquam
1162 4550 1251 4614 tuum,
1267 4547 1369 4618 dequa
1385 4547 1515 4602 Salomon
1530 4546 1567 4600 ait
1581 4545 1608 4600 in
1623 4547 1737 4602 Prover-

91 4629 173 4694 rualis‚
191 4638 220 4684 et
235 4629 294 4684 reri
308 4629 382 4699 boni,
400 4629 559 4687 timentibus
574 4648 657 4697 eum;
674 4631 828 4688 seddiriles
839 4649 890 4687 sas
941 4634 992 4690 biis
1008 4653 1015 4689 :
1033 4636 1141 4692 dorset
1156 4636 1213 4691 utta
1228 4637 1259 4691 in
1274 4637 1404 4691 manibus
1419 4635 1523 4707 tioquoe
1533 4635 1625 4706 (Proc.
1642 4635 1735 4704 xvrrr),

90 4717 148 4783 culi,
164 4717 270 4773 scilicet
285 4717 404 4788 superbi,
422 4727 555 4790 eguerunt
581 4721 659 4774 bonis
689 4719 863 4776 interioribus
880 4739 886 4774 ε
939 4725 1046 4782 amulo
1060 4723 1145 4790 omni,
1162 4722 1260 4796 [iliam]
1276 4738 1310 4778 ne
1325 4723 1396 4777 mala
1418 4723 1540 4794 loquaris
1561 4729 1655 4794 aperte
1671 4737 1736 4794 pra-

87 4807 142 4862 Ncn
156 4805 231 4861 enim
246 4814 343 4877 putare
365 4807 451 4862 debes
477 4809 529 4863 boc
550 4808 605 4863 dici
628 4809 662 4863 de
686 4809 802 4864 terrenis
827 4825 888 4880 quaa
938 4811 999 4867 luiba
1011 4811 1084 4867 lubic
1100 4815 1149 4866 tur
1164 4828 1199 4867 oe
1214 4813 1367 4884 loquantur
1380 4811 1483 4876 dolum,
1501 4809 1586 4865 idest
1614 4825 1648 4865 ne
1666 4809 1735 4862 bona

87 4894 181 4949 nullius
196 4895 278 4965 pretii
293 4903 366 4964 sunt,
382 4896 431 4951 sed
443 4895 477 4951 de
500 4895 695 4967 spiritualibus.
720 4895 815 4969 [ιεε.]
834 4899 887 4954 lle-
937 4898 1031 4955 dolosa
1047 4899 1200 4971 loquantur.
1218 4899 1273 4968 (ιιι.
1291 4899 1352 4968 int.)
1377 4901 1446 4954 Nota
1471 4899 1543 4970 quod
1563 4896 1628 4953 dicit
1659 4895 1734 4967 prius

86 4984 156 5054 spica
171 4983 245 5038 enim
260 4983 361 5038 multoe
384 4983 483 5041 divites
507 4984 615 5056 iniquos
641 4985 710 5040 mori
734 4985 762 5039 in
785 4985 887 5041 divitiis
937 4987 1034 5043 cohibe
1056 4986 1179 5060 linguam
1204 5003 1283 5059 quam
1308 4986 1388 5053 labia,
1414 4986 1562 5057 (Cassiod.)
1586 4985 1648 5057 quia
1671 5000 1735 5040 curn

86 5073 147 5141 suis,
163 5085 217 5126 nec
231 5069 320 5127 iactos
335 5070 419 5128 luisse
433 5089 567 5144 pauperes
583 5088 645 5129 cum
667 5072 812 5140 viverent;
837 5075 886 5134 sed
936 5074 1011 5148 loqui
1025 5075 1152 5130 volumus
1166 5083 1227 5129 ante
1241 5090 1444 5131 commovemus
1462 5073 1539 5130 w
1564 5072 1683 5146 linguam
1707 5080 1733 5127 et

87 5160 151 5215 inter
169 5175 288 5233 magnas
303 5160 397 5233 copias
422 5161 576 5217 diuitiarum
598 5161 735 5234 usquead
763 5162 885 5217 ultimum
935 5172 995 5234 post
1009 5163 1196 5234 labialinguae
1211 5170 1312 5217 mutum
1326 5170 1485 5234 sequuntur.

86 5249 141 5304 rita
165 5247 292 5320 perduci,
317 5257 343 5304 ει
363 5249 502 5321 exspirare
533 5249 562 5305 in
584 5249 662 5306 lectis
682 5250 810 5306 abumeis
826 5251 884 5307 cir·
971 5253 1056 5306 Vsus.
1073 5253 1116 5305 lt.
1133 5280 1168 5290 -
1185 5272 1195 5300 ι
1213 5251 1321 5306 Diverte
1336 5267 1350 5304 a
1365 5251 1437 5306 malo
1450 5257 1477 5306 et
1490 5249 1533 5306 lac
1549 5251 1659 5314 bonum,
1685 5249 1730 5304 in-

85 5337 244 5393 aumlluente
258 5335 372 5404 familia,
384 5339 598 5410 etmagnilicam
609 5339 743 5395 celebrari
753 5355 884 5411 pompam
937 5362 947 5389 ι
968 5337 1062 5410 ,quire
1077 5353 1184 5409 pacem,
1200 5346 1227 5394 et
1240 5354 1405 5410 persequere
1420 5353 1491 5394 cam.
1511 5359 1522 5388 ι

85 5425 244 5492 lanariaco
267 5433 397 5497 pompato
419 5426 516 5484 lunera
539 5429 574 5483 ad
595 5429 727 5484 tumulum
749 5429 846 5484 deduci
868 5445 883 5482 a
970 5429 1080 5484 Diuartc
1096 5428 1198 5483 crocle
1211 5431 1239 5483 at
1253 5430 1299 5499 sac
1314 5427 1425 5493 bonum,
1442 5427 1538 5500 (ling.)
1552 5426 1580 5481 id
1594 5427 1641 5482 ‘est
1668 5425 1734 5480 nulli

87 5513 145 5568 suis.
159 5513 283 5585 Neargc
296 5521 324 5568 te
340 5512 415 5569 fallat
430 5515 474 5571 hic
489 5515 624 5587 Scriptura
642 5533 647 5571 :
675 5517 709 5572 de
731 5516 882 5588 spirituali·
934 5531 1034 5573 noceas
1049 5514 1130 5572 iactu.
1148 5515 1182 5570 Et
1197 5515 1258 5588 quia
1274 5517 1324 5571 hoc
1338 5530 1392 5571 nun
1408 5514 1514 5580 sufficit,
1531 5513 1614 5580 addit,
1640 5517 1668 5568 et
1683 5517 1730 5584 soc
