3946 6070
214 175 282 230 tots
891 169 993 226 PETRI
1004 167 1189 226 ,nominor
1792 164 1864 221 iffi

213 311 228 348 a
245 294 303 348 Deo
318 292 433 348 inculcat
456 291 483 347 in
498 293 590 350 multis
606 293 755 365 Scriptura
771 295 848 362 locis,
873 312 934 367 qua
947 301 1009 350 sunt
1023 297 1105 358 Atur
1117 295 1263 364 maioribus
1274 296 1332 364 jam
1342 309 1403 350 esse
1417 309 1463 349 res
1477 309 1539 365 que
1553 291 1705 348 minoribus
1720 297 1761 346 est
1784 303 1862 360 spes,

214 379 340 436 omnibus
354 388 427 448 nota,
452 381 514 453 quia
541 381 645 456 effigies
661 383 760 439 viventi
781 383 876 438 similis
890 384 1015 440 honines
1066 384 1150 439 addit.

214 469 329 536 seducit,
345 477 374 525 ιιι
395 477 490 541 putent
512 471 541 526 in
563 486 597 527 ea
612 488 674 528 esse
696 473 832 529 occultum
855 488 965 541 numen,
990 482 1017 528 et
1101 472 1187 528 Vsus.
1204 476 1246 528 ts.
1264 503 1297 514 -
1314 473 1442 530 «Domus
1454 474 1547 528 Aaron
1557 470 1676 543 sperarit
1691 469 1719 524 in
1733 468 1863 534 Domino,

216 573 271 613 non
281 573 343 614 esse
357 558 416 614 siue
431 559 493 616 iiio
509 559 670 616 habitatore.
701 561 779 618 Unde
790 569 816 616 et
830 561 965 620 daemonia
979 562 1016 618 ad
1069 585 1079 610 ι
1101 563 1204 632 adjutor
1212 577 1306 618 eorum
1320 569 1346 617 ιι
1364 568 1503 632 protector
1515 575 1609 616 eorum
1623 567 1675 615 est.
1689 581 1701 607 ι

215 647 381 718 possidenda
412 648 557 706 simulacra
576 649 707 716 invitant,
728 666 844 722 quorum
866 651 1017 723 praesiden·
1100 654 1203 708 Doittui
1219 651 1300 707 etiarn
1314 651 1418 719 Aaron,
1435 649 1581 722 [Cassiod.,
1597 646 1681 720 Aug]
1695 647 1724 702 id
1738 655 1782 702 est
1796 647 1865 702 ordo

216 735 283 791 tium
297 737 373 793 varia
387 735 502 803 fallacia,
531 737 665 794 mortiferi
680 739 857 810 seminantur,
882 749 908 795 et
922 741 1015 796 multi·
1066 740 1146 796 etiam
1157 741 1328 796 sacerdotum
1343 739 1467 811 sperauit
1481 741 1513 794 i'n
1527 738 1654 805 Domino,
1678 744 1705 792 et
1730 735 1867 792 Dominus

215 823 351 897 plicantur
373 842 492 882 errores.
532 828 595 883 llaec
618 835 709 883 autem
729 828 793 884 alibi
814 829 922 884 damnat
946 831 1016 886 Pro·
1066 836 1107 886 est
1134 831 1248 902 adjutor
1261 845 1368 894 corum,
1388 835 1418 882 ut
1432 835 1458 882 et
1472 827 1525 898 ipsi
1533 835 1721 898 perseverent.
1745 827 1782 880 ut
1798 841 1865 896 pro-

217 914 307 984 pheta,
325 915 421 972 diceris
437 932 443 970 ε
460 915 561 972 Omnes
577 917 617 971 ιιι
629 919 758 989 pontioni
772 917 911 975 domanio
925 920 1013 989 (Psoi.
1067 922 1156 976 tector
1169 933 1268 974 eorum
1282 921 1333 986 est,
1350 931 1385 972 ne
1400 916 1440 972 eis
1455 923 1593 971 noceatur.
1611 915 1676 970 ldeo
1690 913 1830 970 minorum
1840 921 1867 968 et

216 1005 296 1074 xcv),
311 1003 501 1074 prudentiores
525 1021 591 1060 vero
606 1005 700 1061 dicunt
714 1023 744 1064 se
758 1023 810 1063 uec
824 1007 906 1074 idola,
923 1023 974 1064 uec
988 1007 1016 1061 iu
1066 1007 1198 1076 maiorum
1224 1015 1266 1062 est
1288 1005 1421 1062 Dominus
1445 1005 1560 1074 adjutor,
1573 1003 1636 1076 quia
1650 1003 1759 1074 utrique
1770 1002 1869 1058 timent

217 1090 257 1146 eis
272 1091 406 1147 daemonia
421 1093 529 1159 colere;
550 1094 599 1149 sed
619 1111 680 1166 quae
702 1111 752 1166 per
772 1096 843 1152 idola
858 1094 1016 1168 significan·
1066 1095 1221 1152 Dominum.
1237 1096 1271 1150 Et

217 1187 270 1244 tur,
295 1188 323 1232 ut
341 1195 392 1250 per
406 1181 457 1235 hoc
476 1197 578 1249 aerem,
602 1198 653 1253 per
673 1183 739 1238 illud
759 1191 869 1253 terrain,
898 1192 969 1254 etc,
990 1191 1017 1240 et
1102 1184 1187 1240 Vsus.
1200 1188 1243 1240 lo.
1259 1215 1294 1225 -
1320 1207 1331 1231 α
1350 1182 1403 1250 Qui
1418 1182 1513 1238 timent
1528 1180 1674 1244 Dominum
1685 1191 1868 1251 speraverunt

217 1266 396 1336 hujusmodi:
420 1270 475 1324 llos
497 1277 638 1326 transeunt
655 1280 681 1326 ιι
704 1272 749 1326 alii
771 1272 892 1330 diceutes
910 1289 939 1328 se
962 1288 1018 1330 non
1069 1297 1079 1320 ιι
1101 1273 1130 1328 in
1143 1273 1282 1340 Domiuo;
1310 1273 1417 1341 adjutor
1444 1285 1538 1328 eorum
1562 1278 1589 1326 et
1610 1277 1749 1340 protector
1769 1284 1866 1324 eornm

217 1355 307 1412 colere
322 1357 382 1428 ipse
396 1372 530 1430 corpora,
547 1359 597 1415 sed
610 1375 671 1433 quae
694 1359 748 1416 illis
772 1362 901 1433 regendis
918 1361 1016 1434 praesi-
1069 1389 1080 1411 ι
1102 1370 1152 1417 est.
1172 1383 1183 1412 ι

216 1445 281 1500 dent
295 1445 415 1512 numina,
432 1455 461 1502 ut
475 1448 579 1515 lovem,
605 1449 777 1520 Mercurium,
803 1459 829 1506 et
851 1449 1016 1520 hujusmodi,
1106 1452 1157 1520 Qui
1171 1452 1448 1514 tinientDoininuni,
1477 1450 1505 1504 in
1532 1449 1606 1504 omni
1629 1456 1721 1520 gente,
1743 1446 1865 1520 [Dsym.

217 1549 278 1606 quos
297 1533 388 1589 omnia
402 1535 513 1590 damnat
537 1537 786 1608 Apostolusdicens
803 1557 809 1594 :
828 1541 880 1608 Qui
893 1555 1017 1595 cominu-
1068 1538 1202 1612 Cassiod]
1216 1543 1403 1612 speraverunt
1418 1540 1450 1594 in
1462 1539 1590 1595 Domino.
1603 1538 1668 1594 nec
1681 1537 1745 1607 duo,
1761 1536 1868 1592 scilicet

220 1626 352 1678 iuuerunt
366 1625 515 1679 ueritatem
533 1627 585 1680 Dot'
606 1627 638 1681 in
653 1627 842 1694 mendacium,
872 1633 900 1683 et
912 1629 1014 1684 seroie-
1031 1645 1132 1715 Bspes
1147 1635 1172 1683 et
1183 1628 1273 1693 timor,
1301 1628 1395 1683 beatos
1409 1625 1528 1692 iaciunt;
1554 1634 1581 1682 ct
1605 1625 1737 1680 Dominus
1759 1624 1869 1692 adjutor

217 1714 288 1766 runt
303 1714 444 1767 creature
457 1713 553 1784 potius
568 1731 652 1787 quoni
669 1717 796 1774 Creatori
809 1716 898 1780 (Rom.
915 1716 945 1788 i).
1069 1732 1178 1787 eorum,
1195 1725 1221 1771 et
1235 1723 1373 1788 protector
1400 1731 1496 1771 eorum
1510 1723 1567 1780 est;
1594 1712 1694 1786 [iugi
1717 1727 1771 1768 non
1794 1713 1869 1768 enim

254 1835 340 1888 viis.
366 1839 409 1891 lli.
428 1865 462 1876 -
488 1860 498 1884 i
520 1838 617 1892 lienus
632 1839 731 1894 liabent
746 1847 836 1894 etnon
849 1839 1017 1911 palpabunt;

221 1943 232 1972 i
249 1921 334 1994 pedes
345 1923 444 1978 liabent
458 1933 484 1980 et
505 1939 558 1980 nou
574 1927 769 1995 ambulabunt;
790 1944 845 1986 uon
867 1929 1020 1984 clamabunt

221 2034 231 2057 u
250 2009 277 2064 in
288 2019 397 2082 gutture
414 2029 472 2068 suo.
492 2035 503 2064 s

254 2129 353 2184 liunus
369 2130 472 2186 nobem
487 2136 515 2186 et
532 2147 590 2188 non
611 2134 778 2206 palpabunt.
801 2134 895 2206 [lup]
921 2133 978 2190 Hoc
993 2142 1019 2188 et

219 2216 305 2272 simiai
319 2227 443 2288 possunt,
469 2222 679 2298 quae—munibus
694 2229 870 2290 contrectant,
893 2223 1019 2278 meliores

217 2305 310 2377 itaque
324 2306 378 2362 illis
393 2315 464 2363 sunt.
477 2309 563 2365 Pedes
579 2310 682 2366 babent
702 2315 802 2369 utnon
823 2311 1018 2378 ambulabunt,

218 2411 276 2452 non
292 2396 457 2452 clamabunt
480 2399 511 2454 in
526 2403 644 2469 pultare
667 2416 726 2456 suo.
756 2399 854 2455 Melior
866 2407 907 2454 est
920 2399 1017 2464 bestia,

220 2501 282 2555 quae
296 2484 319 2538 si
334 2500 388 2540 nou
403 2485 531 2558 loquitur,
547 2487 697 2543 clamorem
713 2488 793 2543 habet
808 2489 835 2542 in
849 2487 980 2554 lancibus,
994 2496 1019 2542 et

220 2571 369 2628 notandum
384 2574 526 2644 quodpost
541 2575 624 2646 loqui,
650 2576 724 2648 quod
746 2584 788 2630 est
803 2575 945 2648 proprium
967 2577 1018 2632 ho-

221 2659 312 2725 minis,
328 2661 381 2715 hoc
404 2660 502 2716 belluis
529 2678 673 2718 commune
697 2664 779 2729 addit,
809 2672 838 2719 ut
852 2680 903 2736 pro
926 2663 1019 2719 bestiis

220 2747 357 2820 intelligas
372 2749 484 2816 dictum,
502 2759 565 2816 etc,
582 2767 643 2823 quae
658 2767 739 2823 supra
753 2752 819 2806 dixit
832 2751 931 2808 belluis
946 2769 1020 2809 coin-

221 2834 323 2906 munia,
341 2851 394 2892 nori
414 2837 502 2892 solum
525 2839 561 2894 sd
576 2839 699 2894 homines
714 2839 838 2908 referas3
858 2856 920 2895 nam
937 2849 962 2895 ιι
976 2840 1019 2896 vi-

221 2925 286 2980 dent
300 2930 327 2979 et
341 2925 462 2994 audiunt,
484 2935 511 2983 ot
531 2927 669 2998 olfaciunt,
697 2935 723 2984 et
744 2929 892 2996 ambulant,
917 2937 1019 2983 utnon
1072 2959 1147 3015 dixi,
1163 2959 1258 3018 mmai
1272 2958 1376 3027 Aaron,

221 3013 309 3069 solum
318 3014 454 3082 homiues,
466 3016 516 3071 sed
531 3017 613 3073 etiam
628 3018 735 3073 belluas
750 3018 902 3074 simulacris
912 3033 1022 3090 priapo-
1037 3013 1061 3074 0

221 3101 325 3158 nendos
341 3119 492 3176 cognoscas
509 3113 556 3160 :ut
570 3107 593 3160 si
602 3107 686 3179 pudet
698 3107 812 3163 adorare
825 3107 939 3162 bestiam
962 3107 1021 3163 liaec

221 3190 313 3246 omnio
326 3191 481 3260 habentem,
505 3194 591 3249 multo
611 3195 698 3267 magis
713 3195 828 3267 pudeat,
858 3201 884 3250 te
907 3196 1021 3250 adorare

222 3287 325 3334 mutum
341 3289 367 3334 st
376 3295 475 3336 carons
485 3281 540 3338 rita
550 3299 687 3358 sensaque
702 3284 886 3340 simulacrum.

1068 1821 1118 1860 nos
1132 1805 1233 1860 nostris
1245 1804 1351 1860 meritis
1365 1803 1549 1876 praevenimus
1565 1801 1783 1869 misericordium
1806 1801 1867 1864 Dei,

1068 1895 1117 1950 sed

1104 1983 1187 2037 Vsus.
1204 1985 1248 2040 20.
1270 2012 1305 2022 -
1327 2005 1337 2029 u
1364 1982 1496 2039 Dominus
1524 1995 1628 2038 mernor
1645 1979 1695 2035 iuit
1714 1979 1820 2045 nostri;
1844 1988 1870 2034 et

1070 2095 1081 2122 d
1103 2071 1240 2127 benedixit
1250 2071 1339 2126 uobis.
1361 2095 1371 2120 s

1106 2163 1242 2218 Dominus
1256 2176 1363 2215 mentor
1375 2161 1433 2232 suit
1448 2161 1549 2217 nostri.
1563 2157 1658 2231 [llier.,
1674 2157 1784 2228 lisym,
1803 2157 1871 2211 Cas-

1069 2248 1150 2324 siod]
1166 2250 1215 2306 Vel
1225 2249 1262 2304 ita
1278 2249 1412 2318 continua,
1442 2263 1505 2304 vere
1521 2247 1647 2317 adjutor;
1672 2261 1746 2312 nain,
1770 2247 1871 2300 Domi-

1069 2357 1129 2406 nus,
1152 2339 1196 2411 qui
1222 2338 1268 2393 diii
1292 2338 1370 2410 quasi
1392 2337 1492 2392 oblitus
1513 2335 1664 2398 videbatur,
1695 2333 1745 2388 init
1761 2350 1872 2389 memor

1068 2428 1162 2494 nostri,
1191 2435 1220 2482 ut
1239 2442 1288 2497 per
1311 2425 1409 2482 Filium
1430 2425 1544 2480 missum
1567 2429 1739 2479 converteret
1760 2439 1822 2488 nos,
1843 2427 1872 2477 ot

1069 2517 1147 2573 nobis
1157 2514 1307 2584 conversis,
1324 2513 1476 2583 benedixit,
1493 2529 1544 2584 per
1562 2511 1688 2567 eumdem
1711 2511 1820 2566 Filium.
1837 2513 1872 2566 Et

1069 2605 1164 2677 repetit
1180 2603 1278 2676 quibus
1296 2602 1443 2671 benedixit,

1104 2694 1188 2747 Vsus.
1205 2695 1249 2749 nt.
1265 2713 1323 2742 -i
1341 2691 1482 2747 Benedixit
1497 2689 1589 2746 domui
1610 2689 1712 2755 lsrael,
1728 2687 1871 2744 benedixit

1072 2801 1082 2831 i
1105 2779 1197 2836 domui
1211 2784 1312 2836 Aaron.
1328 2802 1339 2829 ι
1617 2831 1618 2834 ,

1104 2870 1255 2926 Renedinit
1283 2869 1380 2926 domui
1393 2870 1491 2934 lsrael,
1516 2867 1544 2922 id
1570 2875 1611 2922 est
1624 2867 1766 2922 Ecclesiae.
1788 2869 1873 2922 Bene-

1393 2957 1420 3011 id
1435 2966 1476 3012 est
1489 2955 1673 3029 pontificibus.

1105 3076 1191 3130 Vnus.
1207 3078 1289 3132 iu-
1303 3097 1314 3122 i
1336 3073 1478 3129 Benediiit
1495 3072 1620 3128 omnibus
1635 3071 1681 3142 qui
1694 3071 1793 3126 timent
1810 3071 1870 3127 Do·

1073 3187 1084 3215 d
1106 3164 1230 3230 minum3
1246 3163 1352 3234 pusillis
1368 3179 1430 3218 cum
1444 3161 1603 3231 majoribus.
1625 3182 1635 3210 i

1106 3253 1257 3308 Benediuit
1271 3252 1398 3310 omnibus
1417 3253 1465 3323 qui
1489 3252 1591 3306 timent
1613 3249 1775 3306 Dominum.
1797 3249 1873 3320 [Cas

1071 3340 1152 3414 sion]
1182 3340 1292 3395 Nullum
1317 3349 1404 3414 genus
1431 3339 1571 3394 hominum
1590 3337 1741 3394 excluditur
1754 3338 1872 3410 pusillis

257 3403 343 3457 Visus
361 3407 403 3459 to.
419 3435 454 3444 -
470 3429 481 3452 α
499 3405 607 3461 Similes
623 3407 676 3462 illis
698 3407 762 3463 liant
786 3409 832 3480 qui
842 3408 951 3482 *iaciunt
964 3425 1020 3475 ea;
1071 3429 1209 3485 benedixit
1223 3447 1288 3486 cum
1298 3429 1463 3502 majoribus,

224 3514 234 3538 ‘¹
258 3499 284 3546 ⁸¹
296 3506 392 3548 ⁰¹¹¹¹¹e⁵
404 3510 450 3565 ‘¹¹²¹
469 3492 608 3550 ⁰⁰¹¹f¹du¹¹²
624 3512 652 3550 ¹¹¹
667 3512 716 3551 effi·
736 3519 746 3546 ''
1106 3545 1192 3601 vssiis,
1208 3550 1252 3603 23.
1268 3576 1303 3586 -
1321 3567 1331 3596 ι
1349 3545 1464 3615 Adjiciat
1474 3543 1607 3599 Dominus
1616 3558 1697 3614 super
1704 3557 1755 3599 vos
1767 3561 1774 3607 ;
1786 3558 1872 3614 super

256 3609 368 3706 similes
382 3610 442 3666 t'lli'a
456 3611 540 3680 fiunt.
564 3609 620 3684 [Gi.
641 3611 702 3684 int]
726 3611 812 3681 Quasi
834 3613 927 3670 dicat:
952 3613 1022 3683 Quia
1073 3656 1084 3683 ,
1107 3643 1192 3690 νοω
1207 3651 1288 3706 super
1303 3632 1373 3689 finos
1389 3641 1536 3688 vestros„

221 3695 282 3751 talia
292 3705 354 3752 sunt
369 3697 526 3755 simulacra.
557 3700 650 3772 ltaque
665 3716 760 3756 omnes
779 3703 827 3774 qui
848 3702 963 3774 faciunt
976 3719 1020 3766 en,
1110 3725 1233 3796 Adficiag
1242 3721 1601 3782 pompnmbgnedicnonem
1613 3736 1763 3793 supervos,
1776 3719 1873 3792 [Aug-i

221 3791 250 3888 et
262 3789 418 3887 'omnesqui
431 3789 619 3858 confidentia
633 3790 682 3856 eis,
699 3789 846 3846 adorantes
861 3806 902 3858 ea,
915 3791 1022 3847 similes
1071 3837 1087 3876 0
1101 3816 1198 3886 Judaei,
1213 3817 1248 3872 Eg
1263 3829 1348 3884 ,uper
1362 3829 1417 3878 vos,
1435 3827 1451 3866 0
1466 3819 1572 3883 gemes,
1593 3814 1622 3866 η
1634 3825 1720 3880 ,uper
1732 3808 1808 3876 filio,
1822 3824 1873 3864 ve.

216 3875 381 3974 limiam·
398 3874 492 3949 [lugd
511 3877 628 3932 Videam
642 3894 673 3934 ⁰³
698 3879 799 3949 “penis
822 3887 849 3935 ‘³‘
869 3879 1022 3936 viventibus
1071 3913 1155 3965 siros.
1171 3903 1271 3961 Velitis
1285 3899 1426 3971 distinguit
1440 3899 1512 3955 inter
1525 3906 1616 3969 patres
1631 3905 1657 3952 et
1668 3895 1748 3962 filios,
1764 3896 1874 3952 scilicet

221 3961 316 4030 oculis,
328 3969 355 4018 et
369 3963 483 4020 adorent
493 3965 593 4021 clausis
607 3974 634 4021 et
648 3967 763 4023 mortuis
778 3967 914 4023 mentibus
939 3968 1021 4022 simu·
1071 3998 1142 4053 ime,
1156 3992 1303 4064 magistros
1317 3996 1344 4044 91
1365 3986 1524 4058 discipulos,
1547 3986 1642 4041 dicens
1658 4003 1664 4040 :
1687 3983 1710 4040 0
1731 3993 1838 4054 patres,
1855 4001 1873 4040 o

222 4051 296 4106 lucra
309 4053 503 4150 nonvidentia,
519 4056 708 4112 assilientia.
726 4055 856 4130 [illenim]
873 4057 939 4112 Vide
954 4073 1022 4130 ergo
1071 4081 1207 4156 magis„i‚
1223 4078 1330 4148 adjici„
1343 4074 1475 4130 Dominus
1485 4091 1570 4146 super
1581 4088 1640 4138 ms,
1669 4073 1698 4127 id
1711 4079 1754 4128 esi
1773 4072 1801 4128 jn
1820 4089 1872 4126 nu.

222 4138 431 4194 erubescibilem
445 4141 588 4228 culturam,
605 4144 670 4199 dum
686 4143 741 4199 ait:
759 4145 866 4202 Similes
877 4144 931 4200 illis
947 4144 1021 4214 fiant,
1072 4187 1146 4228 mero
1162 4177 1253 4226 ,estro
1267 4165 1375 4235 adjjsspp
1399 4163 1476 4219 511105¹
1501 4164 1537 4217 Ei
1559 4163 1595 4217 iia
1617 4160 1715 4218 fantum
1738 4169 1790 4225 est,
1808 4161 1872 4232 quia

223 4227 297 4298 (ΨΜ
307 4244 372 4328 ΨΘ
387 4235 470 4328 sunt,
484 4229 553 4286 sm
581 4229 683 4330 dimum
699 4242 750 4288 θεῖ·
779 4234 839 4304 Vel,
856 4233 959 4288 &miles
970 4233 1022 4288 ΗΠΒ
1072 4253 1507 4325 crevitnumerusmagistroriun.
1531 4254 1566 4308 Et
1579 4250 1688 4320 adjiciat
1702 4265 1785 4321 stipor
1799 4249 1872 4304 filios

222 4314 297 4416 fillis
315 4317 343 4372 ld
357 4325 396 4418 {⁵¹
412 4317 514 4372 ⁵¹¹¹¹¹¹sss
533 4335 563 4374 ⁵⁰
576 4335 616 4374 0¹⁸
640 4337 700 4378 ⁰⁵⁵0
715 4321 875 4396 inieffidaflii
897 4330 926 4376 ¹¹²
940 4321 1021 4376 Μ·
1034 4371 1062 4430 1)
1073 4357 1190 4414 vestros,
1202 4344 1276 4417 quod
1294 4344 1332 4398 ita
1350 4341 1515 4410 factumest,
1545 4340 1607 4411 quia
1632 4339 1717 4396 creuit
1738 4353 1873 4392 numerus

222 4404 301 4461 ‘mles
316 4403 374 4462 ΒΘΗ
389 4405 522 4463 mrem·
1073 4436 1238 4510 sequacium,
1259 4449 1320 4490 curn
1330 4431 1364 4486 de
1379 4429 1514 4502 lapidibus
1524 4425 1743 4484 suscitanturiilii
1753 4426 1873 4482 ιιι-ιιι

259 4539 381 4596 248
399 4543 481 4597 viis.
499 4543 542 4596 tt,
559 4573 593 4582 -
618 4545 744 4599 «Domus
759 4544 844 4598 {smel
860 4543 981 4615 speravit
995 4543 1022 4596 ln
1072 4525 1184 4599 (linitis.
1201 4523 1252 4592 iii).
1269 4520 1393 4577 Accessit
1407 4518 1479 4574 enirn
1503 4516 1571 4572 tides
1593 4515 1713 4572 omniurn
1732 4514 1869 4586 gentium.

225 4649 235 4674 i
258 4627 375 4684 Domino
387 4646 394 4694 ;
406 4630 512 4698 adiutor
526 4645 621 4686 eorum
636 4639 663 4686 et
676 4639 814 4702 protector
828 4645 922 4686 eorum
938 4639 989 4686 est.
1009 4651 1019 4680 s
1073 4623 1099 4670 0²
1113 4612 1197 4669 crevit
1210 4626 1348 4676 flumefflss
1360 4623 1414 4664 ¹¹0⁰
1430 4607 1517 4662 ⁵⁰¹U11¹
1532 4605 1691 4676 sapientium
1706 4603 1869 4668 stssiisslilums

1073 4702 1122 4759 sed
1135 4697 1408 4757 etiamobedientium
1429 4694 1603 4766 populorum,
1620 4708 1697 4765 ergo.

258 4746 362 4800 Domus
389 4746 486 4801 lsrael.
512 4746 657 4819 [Cassiod.,
675 4747 794 4818 illenim]
809 4747 859 4802 llic
884 4761 1022 4803 commen·
1478 4809 1484 4820 ¹
1669 4808 1675 4818 ι
1792 4807 1798 4816 ἱ
1851 4805 1858 4816 .

1107 4818 1191 4872 Vnus.
1208 4816 1253 4872 ιι.
1269 4845 1304 4855 -
1320 4835 1331 4859 «ι
1348 4809 1486 4866 Benedicti
1502 4821 1551 4864 ros
1565 4823 1582 4862 a
1596 4807 1713 4863 Domino
1729 4823 1736 4861 ι
1752 4805 1871 4878 quilecit

223 4833 271 4888 dat
286 4833 443 4888 Christianae
466 4834 606 4906 religionis
628 4835 780 4891 utilitatem.
812 4833 897 4904 Quasi
926 4835 1021 4890 dicat:

224 4921 327 4977 Gentes
341 4921 480 4978 conliduut
494 4922 522 4977 iu
537 4923 700 4991 simulacris,
710 4941 770 4996 quae
782 4925 877 4994 jurare
891 4939 945 4979 non
959 4939 1023 4994 pos·
1108 4905 1208 4962 ssoelum
1223 4911 1249 4959 θῑ
1260 4911 1368 4957 lerfflm·
1388 4923 1399 4947 ι
1651 4985 1652 4988 ¹
1769 4965 1773 4974 ,

223 5019 298 5066 sunt.
317 5013 420 5067 Domus
435 5019 525 5067 autem
549 5013 646 5083 lsrael,
670 5013 815 5086 icissiou,
840 5011 923 5086 lugd
939 5010 967 5068 id
982 5021 1023 5067 est
1111 5014 1169 5076 Vos,
1186 5006 1279 5082 [lugi
1294 5007 1401 5077 utrique
1416 5011 1509 5076 patres
1523 5010 1550 5058 et
1565 5001 1623 5068 lilii,
1639 5001 1779 5058 benedieti
1803 5001 1871 5055 estis

223 5100 358 5170 generalis
373 5100 499 5156 Ecclesia
513 5103 635 5174 sperauit
651 5102 725 5175 quod
740 5119 793 5157 non
809 5102 1023 5168 ridetur,inDo-
1073 5099 1231 5164 oDomt'no,
1247 5097 1295 5168 oui
1307 5095 1377 5166 fecit
1406 5109 1456 5148 vos
1472 5091 1573 5150 culum
1599 5089 1628 5145 in
1651 5089 1813 5157 maioribus,
1845 5095 1873 5145 et

225 5189 302 5245 mino
315 5189 419 5246 mundo
437 5191 551 5259 abjecto,
577 5199 606 5246 ut
633 5199 722 5248 autern
744 5189 872 5263 perduret
891 5205 976 5262 usque
995 5189 1023 5243 in
1075 5193 1181 5258 terrain
1194 5185 1223 5241 in
1235 5179 1340 5256 pusillis
1357 5201 1364 5236 :
1392 5182 1439 5236 sed
1454 5180 1516 5253 quia
1532 5187 1558 5234 et
1571 5177 1600 5234 hi
1613 5177 1706 5250 pusilli
1720 5177 1871 5234 crescendo

223 5273 305 5330 linem
319 5278 458 5348 patientia,
475 5279 599 5352 adjutor,
616 5287 667 5335 etc,
685 5279 803 5352 [Haym.,
820 5276 955 5350 Cassiod]
973 5278 1022 5334 Vel
1074 5276 1141 5332 iiunt
1153 5271 1325 5346 coelimagni,
1338 5271 1377 5326 sic
1392 5277 1454 5325 sunt
1468 5263 1568 5351 coeium
1582 5276 1664 5323 terrae
1681 5286 1692 5344 τ’
1703 5282 1785 5342 quam
1800 5266 1871 5322 lacta

224 5362 409 5423 itacontinus.
421 5367 543 5439 Sperarit
556 5367 628 5438 dico,
643 5369 725 5438 uude,
756 5367 888 5424 Dominus
908 5371 950 5424 est
970 5363 1023 5422 ud·
1075 5363 1206 5436 simplicis
1217 5361 1346 5418 docuinae
1360 5359 1489 5426 nutriunt,
1505 5363 1534 5413 ut
1544 5357 1598 5413 sint
1608 5355 1692 5413 edam

220 5455 302 5524 illim·
316 5456 453 5510 commin
468 5457 548 5512 bonis
566 5459 690 5531 agendis,
716 5463 744 5514 et
761 5461 905 5532 protector
926 5473 1023 5513 eorum
1110 5454 1194 5509 Vnus.
1205 5455 1249 5510 itt.
1260 5481 1294 5491 -
1311 5473 1322 5498 i
1336 5447 1450 5537 (ἔοιιιιιιιι,Ι
1463 5446 1526 5536 coeii
1539 5445 1674 5530 Domin03
1696 5453 1805 5514 ,terrain
1821 5459 1870 5501 au-

225 5549 322 5596 coutra
336 5541 487 5600 diabolicas
500 5544 621 5600 lraudes.
638 5545 732 5618 [ingl
758 5547 801 5602 Ne
821 5555 909 5602 autem
928 5543 1022 5601 videa—
1078 5567 1088 5594 ι
1110 5552 1165 5598 tem
1175 5540 1248 5598 dedit
1262 5537 1324 5594 liliis
1337 5534 1488 5594 hominum.
1507 5557 1519 5586 s
