3946 6070
149 200 219 258 loss
544 207 828 266 commaculatum
852 209 888 265 IN
917 207 1131 268 assaltus-
1147 216 1244 272 PSAL.
1264 217 1382 276 cxvttt.
1552 213 1557 222 ’
1729 222 1798 279 rhua

148 336 191 382 me
207 325 392 384 misericordia
415 335 470 396 tua,
488 330 613 400 Domine,
629 334 655 387 id
678 341 718 388 ast
734 334 863 390 auxilium
885 349 950 408 gra-
963 335 1103 407 Arantur,
1120 343 1229 412 quieta
1239 341 1365 413 judiciis,
1385 343 1463 415 quasi
1482 344 1565 413 dicat,
1597 359 1653 402 non
1680 343 1797 413 autema,

148 415 193 471 tie
207 424 271 484 tuae,
289 433 371 490 quam
388 425 415 473 ut
430 435 593 493 consequar,
610 421 700 477 veniat
722 424 841 480 salutare
864 432 949 489 tuum,
1002 425 1064 482 ideo
1079 427 1143 500 quia
1158 427 1186 483 in
1207 429 1317 499 judiciis
1335 433 1400 498 tuis,
1430 431 1457 486 id
1483 439 1524 488 est
1547 433 1674 507 flagellis,
1701 430 1798 507 quibus

149 505 177 560 id
192 513 234 562 εει
247 507 383 578 Christus,
401 510 551 565 secundum
573 509 710 583 eloquium
724 519 806 567 tuum.
824 511 881 568 lloc
897 527 952 568 non
1002 517 1126 587 corripis,
1143 522 1349 590 supersperavi.
1378 519 1437 576 lloc
1457 519 1569 577 verbum
1580 521 1631 578 etsi
1645 521 1801 580 minususi-

149 603 280 652 mutatur.
1002 613 1057 660 tate
1072 607 1254 677 compositum
1267 615 1320 674 εει,
1336 615 1426 663 tamen
1444 609 1539 681 implet
1566 611 1686 668 veritatis
1713 611 1799 668 inter-

186 714 273 770 um
289 717 306 772 2
322 715 388 786 (ἢ),
406 745 440 757 ,,
458 737 469 766 ,
486 716 520 770 pp
534 717 709 788 respondebo
724 718 952 790 exprobrantibus
1002 693 1143 765 pretandae
1158 695 1360 752 necessitatem.
1391 697 1525 752 Attentius
1550 713 1616 772 crgo
1638 699 1692 754 loci
1721 699 1801 770 hujus

153 802 249 858 «mihi
272 803 396 869 verbum,
413 804 476 876 quia
499 806 606 876 speravi
620 805 648 860 in
662 807 833 862 sermonibus
857 807 919 863 tuis.
940 831 951 856 ι
1002 782 1142 882 ΓῙῙΠῘΨᾸΠΒ
1157 791 1199 838 ⁰⁵²
1215 799 1321 882 sinsus·
1337 783 1480 884 'Quicnim
1510 793 1572 841 ame
1600 783 1715 886 dixeffiig
1737 801 1803 886 5Ρῆ-

186 912 222 967 Et
237 910 414 984 respondebo·
431 909 525 984 [xug.,
541 912 676 982 Cassiod,
693 913 777 986 Q]
799 912 885 983 Quasi
908 913 953 968 di·
1003 884 1061 926 ravr
1075 887 1102 924 m
1118 871 1453 972 sermonibus,'h1cquas1
1468 878 1643 974 augmentum
1664 871 1737 946 laert,
1762 873 1805 930 dr-

150 1006 196 1056 ea,
211 1017 217 1054 ζ
235 999 312 1067 Dico!
331 999 423 1056 venial
436 1015 518 1071 super
532 1017 576 1056 me
601 1001 790 1058 misericordia
804 1011 858 1071 ma,
872 1007 910 1068 et,
931 1003 954 1057 si
1004 975 1069 1014 cens
1085 977 1092 1014 :
1108 959 1260 1029 Inpudicus
1276 970 1328 1017 turs
1352 975 1554 1034 supersperavi,
1578 957 1608 1018 ιὰ
1631 971 1673 1019 εει
1695 959 1804 1037 liugella

185 1087 191 1100 .
1005 1047 1102 1119 quibus
1125 1049 1238 1120 corripis
1265 1065 1319 1106 εοε
1344 1050 1470 1106 εειεεεει
1496 1063 1590 1123 spem,
1617 1051 1667 1107 sed
1690 1056 1802 1125 augent.

153 1096 205 1146 εει
219 1101 303 1160 super
317 1103 371 1155 me,
386 1096 415 1144 ut
430 1097 576 1160 protector,
591 1104 646 1147 εοε
666 1100 819 1161 conterens,
836 1107 954 1164 ratpert·
1004 1135 1064 1203 vel?
1102 1137 1305 1209 supersperavi,
1349 1138 1423 1206 dicit,
1454 1139 1582 1212 [Alema
1612 1136 1719 1214 mh]
1743 1139 1805 1213 quia

1004 1224 1147 1296 praemium
1161 1226 1246 1294 majus
1273 1225 1379 1292 merito,
1411 1235 1437 1282 et
1466 1243 1547 1298 supra
1570 1237 1653 1298 quam
1676 1227 1804 1299 petimus,

1006 1327 1158 1384 speramus.
1171 1315 1265 1371 Unde:
1280 1315 1418 1370 Nonacri
1429 1315 1726 1388 coudiprroepassioucr
1749 1317 1804 1373 bu·

1001 1405 1050 1476 jus
1067 1405 1200 1475 terrrporia
1214 1405 1388 1474 usitatorum
1400 1406 1529 1474 pluriam,
1546 1413 1610 1473 etc,
1628 1405 1800 1477 (liemvur),

1004 1491 1064 1557 Vel,
1081 1491 1109 1545 in
1121 1491 1230 1561 judiciis
1246 1492 1308 1560 tuis,
1334 1493 1362 1547 id
1388 1499 1429 1547 est
1457 1501 1530 1548 metu
1551 1493 1715 1563 judiciorum
1740 1497 1804 1550 luo-

1004 1595 1075 1647 rum,
1093 1579 1294 1652 supersperavi.
1311 1579 1363 1650 Qui
1387 1581 1459 1637 enim
1478 1587 1589 1638 veretur
1612 1595 1732 1654 poenam,
1757 1592 1805 1638 oti·

967 1670 1088 1754 Bstodit
1101 1669 1227 1742 gratiam,
1243 1669 1360 1742 ideoque
1375 1669 1420 1738 ait,

153 1178 219 1234 dabo
236 1178 472 1251 exprobrantibus
484 1179 557 1235 mibi
567 1181 690 1236 uerbum.
702 1181 775 1237 Bene
785 1181 831 1247 ait,
844 1196 955 1252 raspon-

94 1262 99 1272 '
152 1266 234 1333 daho,
252 1265 317 1338 qnia
331 1282 429 1337 parum
456 1274 497 1323 est
521 1267 659 1324 Christum
683 1269 783 1325 hahere
810 1269 952 1337 lucardo,

152 1354 335 1412 nisiexterius
349 1354 508 1412 confiteatur
530 1373 588 1414 ore.
615 1359 700 1414 Corde
724 1359 801 1414 araim
827 1359 955 1415 creditur

152 1445 189 1503 ad
200 1445 351 1519 justitiam
368 1461 438 1501 :ore
454 1449 553 1502 autern
569 1449 706 1518 consessio
716 1447 750 1516 fit
777 1447 813 1503 ati
831 1449 954 1504 satutem

152 1535 242 1604 (Rom.
259 1535 301 1604 x).
317 1534 352 1590 Ει
364 1541 429 1589 nota
443 1550 497 1590 non
512 1549 574 1590 esse
587 1535 667 1590 nobis
691 1536 836 1592 tacendum
860 1543 954 1592 contra

152 1623 251 1693 malos,
268 1623 314 1696 qui
337 1631 428 1680 tamen
453 1633 568 1695 possunt
594 1626 720 1697 recipere
747 1625 890 1692 rationem,
919 1639 954 1680 ne

152 1712 296 1770 videantur
310 1713 468 1784 superiores
485 1731 492 1768 ε
508 1712 668 1786 ambiguum
682 1723 775 1770 tamen
799 1723 840 1771 est
859 1721 954 1770 utrum
1774 1785 1776 1788 Ι

152 1801 268 1868 dicatur,
286 1783 709 1874 respondebo‘exprohrantibus
730 1804 797 1858 mihi
819 1804 953 1870 verbum
1042 1787 1126 1840 vnis.
1144 1786 1159 1839 ⁴
1174 1786 1240 1884 (.“)'
1269 1807 1336 1836 ··¹
1368 1787 1413 1885 Εῑ.
1430 1786 1583 1844 ⁰¹1⁵¹⁰diffl1¹
1610 1783 1702 1888 legem
1729 1797 1803 1846 tuam

152 1891 196 1946 vel
211 1889 316 1946 dicatur
330 1889 378 1960 sic,
395 1890 568 1962 respondebo
587 1893 701 1947 verbum
725 1893 954 1964 exprobrantibus
1008 1897 1018 1922 ‘¹
1041 1890 1210 1946 semper31n
1226 1875 1356 1931 Simulum
1370 1882 1397 1930 0¹
1406 1891 1433 1928 1¹¹
1448 1876 1578 1932 saeculum
1593 1871 1696 1934 saecuh·
1714 1899 1726 1928 a

152 1979 239 2046 mihi;
257 1979 306 2034 sed
319 1978 442 2051 quolibet
458 1996 554 2035 eorum
568 1980 685 2048 dicatur,
702 1981 839 2036 Christum
864 1981 953 2054 signi·
1040 1983 1076 2036 at
1090 1981 1257 2038 custodiam.
1274 1980 1368 2054 [hugi
1391 1981 1476 2052 Quasi
1503 1981 1600 2040 dicat:
1628 1984 1670 2040 Ne
1697 1981 1805 2042 auteres
1859 2037 1862 2046 .

153 2066 227 2125 licat.
252 2069 345 2140 ipsum
369 2069 442 2125 enim
461 2068 541 2124 nohis
564 2069 731 2141 exprobrant
754 2069 832 2136 illia
856 2070 956 2142 quibus
1006 2069 1119 2126 verbum
1134 2071 1168 2125 de
1183 2085 1232 2126 ore
1246 2075 1353 2137 meo‚et
1367 2071 1459 2127 sinon
1473 2071 1628 2143 abstuleris,
1648 2073 1806 2132 emotum

153 2155 296 2214 crucifixus
311 2165 362 2226 est,
378 2157 422 2212 vel
437 2157 536 2230 quibus
551 2159 709 2214 scandalum
723 2166 774 2226 εει,
791 2158 834 2214 vel
846 2158 956 2214 stultitia
1008 2159 1095 2230 iepem
1106 2163 1196 2229 tuam,
1209 2174 1262 2216 non
1278 2167 1416 2230 praecepta
1430 2160 1500 2234 legis
1515 2161 1650 2232 Moesicae,
1667 2162 1716 2220 sed
1739 2165 1806 2220 cha·

153 2246 180 2318 (t
193 2247 253 2302 Cor.
270 2246 301 2318 r),
327 2246 390 2319 quia
413 2246 534 2304 Verbum
556 2247 738 2304 rarefactum
759 2255 808 2316 εει,
834 2247 908 2319 quod
928 2247 957 2301 in
1006 2248 1126 2304 ritatem.
1141 2249 1176 2303 Et
1192 2248 1254 2315 hoc,
1279 2264 1398 2321 seraper.
1422 2249 1527 2305 Deinde
1546 2250 1708 2308 determinat
1730 2269 1805 2307 sern-

155 2334 291 2407 principio
306 2342 361 2390 crat
375 2336 447 2407 apud
470 2337 558 2392 Deum
586 2337 677 2406 (toea.
703 2338 736 2408 ι).
764 2336 818 2392 Sed
842 2336 866 2391 si
889 2335 956 2390 illud
1007 2353 1068 2407 per,
1085 2335 1393 2403 scilicetirrsoeculum,
1410 2337 1493 2393 idest
1512 2338 1541 2392 ιε
1562 2339 1699 2410 praesenti,
1724 2344 1753 2397 at
1775 2341 1808 2396 irc

153 2422 293 2496 ignorant,
318 2423 364 2496 qui
387 2439 496 2482 crucem
519 2425 714 2498 improperant,
741 2425 805 2496 quia
824 2424 956 2480 Divinitas
1007 2426 1144 2480 aaeeutum
1158 2425 1265 2488 saculi,
1277 2423 1305 2479 id
1337 2432 1378 2480 εει
1401 2424 1428 2479 ιε
1449 2423 1548 2480 futuro.
1571 2427 1714 2482 Plenitudo
1731 2427 1808 2484 enim

153 2512 188 2567 ab
204 2511 244 2568 eis
258 2528 313 2568 non
326 2515 512 2585 cognoscitur,
542 2515 619 2584 ctrjus
647 2513 789 2570 infirmitas
819 2513 847 2570 in
876 2527 957 2569 cruce
1008 2511 1077 2584 legis
1092 2511 1210 2570 charitas
1225 2521 1276 2579 εει,
1294 2511 1403 2585 [Ellam]
1417 2529 1478 2584 quas
1501 2523 1528 2569 et
1549 2514 1577 2568 in
1598 2516 1651 2572 hoc
1670 2515 1808 2572 saeouloa

153 2602 347 2669 contemnitur,
369 2603 467 2658 melius
490 2603 598 2671 dicitur,
624 2603 797 2674 respondebo
830 2602 955 2668 verbum,
1008 2601 1108 2657 sanctis
1123 2602 1282 2668 custoditur,
1300 2609 1327 2657 et
1341 2602 1369 2656 in
1383 2601 1472 2658 tuturo
1494 2603 1542 2658 ubi
1563 2604 1654 2678 angeli
1677 2612 1705 2662 et
1720 2605 1808 2663 εεεειι

153 2690 259 2748 scilicet
273 2690 347 2763 quod
362 2701 420 2748 erat
434 2691 462 2745 ιε
475 2691 608 2763 principio
623 2691 697 2764 apud
722 2693 821 2758 Deum,
841 2691 876 2746 de
905 2705 958 2763 quo
1008 2705 1073 2746 suas
1088 2690 1188 2746 habent
1201 2690 1279 2764 leges
1303 2691 1433 2746 laudandi
1462 2693 1559 2748 Deum

153 2778 262 2848 vivitur,
274 2779 501 2851 exprobrantibus
514 2779 591 2845 mihi,
615 2779 824 2851 exprobratione
848 2793 954 2844 eorum,
1043 2805 1163 2862 ymmo,
1191 2807 1373 2879 (ml-,Et
1401 2807 1573 2864 ambulabam
1601 2808 1629 2863 in
1657 2809 1795 2868 latitudine

154 2882 206 2924 nec
219 2867 337 2936 territus,
353 2883 405 2926 nec
419 2867 558 2926 confusus.
589 2867 644 2924 Sed
668 2869 805 2940 quianon
834 2867 893 2938 ipse
917 2873 959 2922 est
1012 2919 1022 2941 fl
1044 2896 1107 2966 quia
1122 2896 1251 2951 mandata
1266 2905 1309 2951 ,m
1324 2895 1499 2968 exquisivi'„
1797 2852 1805 2880 '

154 2956 203 3028 qui
217 2957 346 3030 loquitur,
362 2958 411 3013 sed
426 2957 541 3028 Spiritus
555 2957 615 3026 Dei,
631 2957 705 3012 addit
722 2975 729 3012 :
749 2957 819 3026 Quia
833 2957 954 3029 speravi,

154 3045 235 3118 quasi
248 3045 321 3102 dicat
337 3061 343 3100 :
360 3046 425 3101 ldeo
440 3045 624 3116 respondebo,
637 3047 703 3118 quia
722 3047 831 3118 sperari
843 3046 874 3100 tu
898 3060 959 3100 ser·
974 3053 998 3114 0

154 3134 284 3192 monibus
299 3135 365 3200 tuis,
378 3134 405 3188 id
420 3134 504 3190 estin
518 3132 678 3205 promissis,
695 3149 757 3205 quae
771 3133 864 3189 dicunt
881 3134 956 3188 :No-

156 3222 657 3296 litecopiturcpuidioquumiuirrorr
672 3225 750 3278 araim
764 3223 889 3278 ocreatis
909 3223 957 3293 qui
1051 3275 1056 3286 ,
1210 3275 1215 3286 ,
1343 3276 1348 3287 ,
1740 3277 1750 3294 ,,

155 3312 315 3383 ιοᾳειεειηὶ,
327 3312 375 3368 sert
384 3311 509 3382 Spiritus
519 3314 614 3368 Patris
625 3311 713 3367 vestri
722 3313 770 3383 qui
786 3311 911 3383 loquitur
925 3311 957 3364 tu
1007 3275 1067 3373 ΒΨ*
1086 3275 1194 3375 (ΙΜῙῩΠ)
1209 3274 1361 3374 ,¹1¹⁰meOE
1375 3277 1466 3377 Ρθυῗζ
1480 3267 1514 3332 Et
1538 3286 1612 3349 ”⁰²³⁹
1636 3285 1673 3346 '⁰¹¹
1689 3289 1806 3350 ⁰⁰⁰3*

154 3399 231 3456 vobis
246 3400 359 3469 (Mam.
379 3401 421 3470 x),
437 3399 465 3454 id
480 3407 522 3455 es,
536 3400 600 3456 ideo
615 3399 799 3471 respondebo,
817 3399 881 3471 quia
904 3398 957 3454 hoc
1011 3371 1129 3420 ctionem
1145 3372 1310 3434 inusitatam,
1328 3373 1354 3420 et
1369 3381 1444 3438 quasa
1460 3383 1487 3420 ιε
1502 3376 1725 3440 consequentem.
1746 3363 1809 3428 Non
1866 3395 1868 3400 ’

153 3487 315 3558 promisisti.
332 3488 387 3545 Sed
403 3487 468 3559 quia
481 3488 560 3544 multi
572 3489 732 3561 urgentibus
746 3487 825 3544 melis
845 3494 955 3561 negant,
1009 3453 1080 3508 enim
1097 3452 1134 3556 Ψ
1146 3453 1297 3510 secundum
1318 3454 1440 3525 primum
1463 3454 1608 3556 vermium
1632 3455 1759 3557 swam
1780 3463 1808 3516 et

154 3576 249 3632 subdit
265 3595 273 3631 3
589 3631 592 3638 Ι
1007 3541 1178 3609 custodiam,
1195 3546 1223 3599 ct
1237 3543 1392 3599 ambulabo.
1405 3541 1455 3598 Vei
1470 3559 1525 3599 non
1539 3551 1575 3599 att
1591 3551 1717 3616 optative,
1734 3551 1762 3604 ct
1776 3551 1809 3603 ut

1008 3631 1149 3688 ambulem
1162 3631 1230 3687 sicut
1244 3631 1358 3699 dixerat,
1375 3635 1404 3688 et
1419 3633 1525 3703 ueniat,
1538 3637 1744 3708 siceratores,
1757 3637 1807 3692 sed

192 3701 721 3773 ῐιἸι115·3(43)·-ιΕῑῐῖθῑῑΠῘθΡιῦῑῙθ
743 3717 790 3757 ⁰le
810 3715 872 3756 ¹⁰⁰⁰
891 3717 957 3756 Ver·
1008 3719 1054 3784 ait,
1074 3723 1101 3775 ct
1120 3719 1298 3776 ermbulcbcru
1323 3719 1361 3775 sie
1390 3719 1485 3776 volens
1513 3719 1628 3794 intelligi
1657 3721 1731 3795 quod
1753 3739 1809 3782 non

158 3815 168 3842 ι
191 3791 390 3847 humifitatis
405 3807 623 3864 usquequaque,·
638 3789 700 3863 quia
715 3790 742 3845 51¹
767 3789 877 3859 ludiciiss
905 3787 957 3843 mis
1008 3808 1084 3875 dixit,
1101 3807 1129 3862 id
1145 3814 1231 3864 estse
1255 3807 1384 3874 auditum,
1415 3818 1441 3863 ct
1470 3808 1569 3876 subdit,
1600 3807 1689 3882 qualis
1716 3807 1806 3869 iactus

158 3907 168 3929 u
192 3879 394 3952 supersperavi.
415 3904 426 3928 n
1008 3897 1050 3951 sit.
1068 3894 1152 3965 Quasi
1167 3895 1259 3952 dicat:
1277 3897 1341 3953 llaec
1355 3896 1486 3968 praedicta
1500 3914 1563 3954 curn
1590 3913 1696 3955 orarem
1720 3915 1805 3957 exau-

194 3991 279 4045 h'tua
303 3990 428 4059 auferas,
447 3986 541 4060 ling„
569 3986 660 4050 Amb.‚
687 3983 769 4057 hugi
791 3985 818 4038 id
842 3992 883 4038 εει
909 3999 958 4038 uu·
1008 3985 1071 4040 disti
1086 4000 1139 4053 me,
1164 3989 1192 4040 et
1217 3985 1368 4051 exauditus,
1394 3983 1572 4042 ambutabam
1595 3988 1803 4058 tristitudine,

156 4077 225 4133 terri
235 4076 475 4132 sinasdeoreraeo
486 4077 598 4131 uerbum
610 4075 740 4130 ueritatis
751 4093 759 4140 ;
771 4073 804 4129 dc
815 4089 860 4129 ore
881 4072 957 4130 tolli·
1006 4074 1035 4129 id
1050 4080 1091 4128 est
1106 4083 1146 4128 est
1162 4073 1189 4127 in
1205 4073 1347 4140 charitate,
1364 4073 1392 4128 in
1407 4090 1462 4145 qua
1475 4082 1531 4130 tota
1545 4074 1589 4130 lex
1602 4075 1703 4147 pendet
1711 4086 1737 4133 et
1743 4091 1805 4150 pro

158 4171 208 4223 bur
218 4166 299 4222 etiam
314 4181 365 4238 per
378 4165 478 4219 malam
493 4163 698 4220 conscientiam.
715 4165 869 4218 hlauentem
884 4160 956 4216 enim
1007 4163 1096 4232 phetae
1109 4161 1220 4234 (aetra.
1238 4162 1313 4233 xxti)
1330 4180 1336 4215 :
1353 4179 1413 4234 quae
1428 4170 1454 4217 et
1468 4161 1567 4219 diffusa
1582 4173 1623 4220 est
1637 4166 1665 4220 in
1675 4165 1804 4222 cordibus

158 4255 186 4309 in
200 4261 313 4327 peccato
337 4252 464 4325 prohibet
487 4251 649 4307 Dominusa
671 4249 871 4321 praedicationis
895 4247 956 4304 offi·
1007 4250 1107 4306 nostris
1136 4265 1186 4322 per
1214 4249 1345 4322 Spiritum
1373 4257 1508 4306 sanctum.
1532 4251 1568 4307 Ει
1595 4251 1667 4321 ideo,
1692 4253 1806 4313 latitudo

1046 3011 1081 3064 Et
1098 3010 1288 3067 ambulabam.
1310 3011 1404 3084 [hugi
1418 3011 1555 3068 Hactenus
1583 3012 1693 3069 luerunt
1724 3013 1808 3071 verba

1007 3098 1118 3167 orantis,
1143 3115 1215 3154 nunc
1240 3100 1386 3170 narrantis,
1412 3116 1484 3156 nunc
1508 3101 1625 3172 petentis
1649 3093 1705 3174 qui,
1730 3103 1809 3176 quasi

1007 3185 1157 3258 impetratis
1182 3187 1300 3258 peccatis
1324 3187 1461 3256 omuibus,
1491 3187 1636 3245 confitetur
1659 3190 1690 3246 ιε
1724 3185 1807 3248 laude

158 4345 211 4412 oio,
223 4343 336 4399 dicens:
353 4341 443 4409 Quare
456 4345 487 4398 tu
497 4357 616 4398 auur-rus
627 4340 754 4403 iustitias
770 4357 848 4396 meus
866 4339 954 4410 (Paul.
1006 4338 1113 4395 dicitur.
1131 4340 1161 4393 ln
1174 4341 1224 4396 hac
1237 4338 1387 4405 latitudine,
1404 4339 1561 4395 ambulabat
1584 4341 1629 4398 ille
1659 4343 1705 4415 qui
1733 4343 1807 4400 dioe-

158 4431 248 4505 xurx).
265 4433 295 4486 ln
310 4431 368 4502 ipsa
382 4429 453 4486 enim
480 4428 642 4486 obmutescit
669 4428 806 4495 facundia,
835 4427 859 4482 si
882 4441 956 4500 aegra
969 4410 996 4469 D
1007 4427 1052 4484 hat
1068 4445 1074 4482 :
1091 4428 1263 4484 danastrum
1280 4427 1316 4483 ad
1330 4444 1375 4484 cor
1388 4431 1479 4500 potet,
1491 4446 1511 4486 u
1519 4429 1673 4497 Corinthii,
1690 4447 1738 4487 cor
1753 4448 1807 4490 uo-

159 4522 194 4578 sit
208 4520 386 4578 conscientia.
404 4519 503 4574 Caveat
531 4534 598 4590 ergo
627 4534 661 4572 ne
690 4516 782 4573 verbis
809 4532 864 4571 non
892 4531 957 4572 con·
1006 4516 1804 4594 strumrttutatumesr(liuor.v1).tlthocideu‚puur

158 4618 256 4684 gnrant
269 4608 349 4676 iacta,
365 4617 391 4664 et
405 4624 440 4663 ne
453 4605 605 4663 deforment
626 4605 772 4677 iniquitatis
791 4621 874 4676 opera
895 4619 957 4659 ma·
1006 4607 1145 4663 mandata
1160 4610 1209 4662 tuc
1223 4605 1371 4678 acquisivi.
1386 4605 1455 4661 Dico
1470 4603 1644 4662 ambulabam
1653 4607 1686 4662 in
1704 4607 1803 4666 -latitn-

159 4697 301 4772 ςιειεειειε
314 4696 476 4768 disciplina,
490 4690 605 4751 Tollitur
621 4695 702 4750 etiam
716 4695 750 4750 de
768 4709 814 4750 ore
844 4693 877 4750 ah
901 4693 958 4748 avi·
1007 4696 1079 4752 dine.
1097 4696 1213 4752 Causam
1227 4693 1271 4750 hic
1286 4693 1386 4760 subdit,
1403 4692 1466 4765 quia
1488 4693 1617 4751 mandata
1636 4703 1685 4752 tna
1706 4691 1803 4770 exqui-

159 4788 211 4843 bus
224 4787 295 4854 coeli,
311 4795 336 4842 ει
350 4785 442 4854 multis
455 4784 554 4852 modis,
570 4784 619 4840 sed
633 4798 687 4839 nou
711 4783 745 4839 de
768 4784 861 4851 corde,
887 4783 910 4836 si
934 4781 959 4838 ει
1008 4784 1068 4854 sivi,
1088 4783 1216 4855 petendo,
1246 4782 1404 4854 quaerendo,
1432 4781 1574 4853 pulsando,
1601 4791 1632 4840 et
1658 4783 1732 4842 Deus
1755 4787 1804 4844 dat

160 4875 273 4932 infixum
287 4885 340 4932 est.
357 4877 391 4931 Et
404 4874 467 4930 ideo
482 4887 536 4929 non
551 4873 588 4928 ait
602 4873 636 4928 de
651 4872 745 4940 corde,
760 4873 809 4929 sed
836 4872 870 4927 dc
897 4885 956 4927 ore.
1008 4873 1142 4945 spiritum,
1159 4886 1214 4944 quo
1227 4870 1343 4927 charites
1358 4870 1408 4926 Dei
1436 4869 1536 4926 diffusa
1562 4879 1604 4928 εει
1621 4870 1654 4927 ιε
1676 4873 1804 4931 cordibus

159 4965 202 5022 Ne
217 4963 326 5021 auferas
340 4963 412 5030 dico,
428 4970 456 5020 et
470 4963 531 5032 hoo,
548 4977 744 5035 usquaqueque
756 4981 765 5018 :
777 4960 804 5016 id
817 4967 859 5016 est
883 4975 958 5015 sem·
1008 4961 1117 5028 nostris,
1148 4967 1177 5015 ut
1205 4959 1268 5014 inde
1294 4960 1365 5014 bene
1393 4967 1498 5032 agatur.
1514 4960 1564 5016 Vel
1578 4960 1625 5028 ita,
1635 4961 1807 5019 *stambula-

160 5069 221 5126 per,
238 5060 264 5110 et
278 5053 301 5110 si
315 5053 349 5108 ad
363 5061 469 5124 tempus
484 5049 591 5107 auferas
620 5057 648 5106 ut
671 5051 759 5120 Petro,
776 5049 830 5122 qui,
854 5049 905 5105 etsi
924 5049 959 5104 ud
1010 5051 1081 5106 bam.
1099 5048 1185 5118 Quasi
1199 5047 1270 5105 dicat
1286 5065 1292 5102 :
1308 5049 1349 5102 lta
1372 5048 1454 5103 modo
1478 5047 1525 5104 liat
1551 5057 1581 5104 ει
1606 5065 1711 5120 precor,
1743 5051 1807 5122 quia

159 5145 259 5200 horam
272 5143 369 5199 timore
383 5142 507 5198 turbatus
536 5138 657 5213 negavit,
683 5147 774 5195 tamen
801 5138 892 5194 llando
919 5144 960 5194 εει
1010 5146 1045 5210 ει,
1063 5135 1335 5212 [Alcuin.,Cassiod.]
1348 5135 1376 5191 id
1390 5143 1432 5192 εει
1446 5137 1538 5205 etiarn,
1552 5137 1608 5207 jarn
1628 5137 1694 5195 olim
1714 5139 1808 5196 ambu-

161 5239 305 5304 reparatus
320 5232 397 5304 (tac.
409 5229 493 5300 xxti).
505 5229 565 5296 Vel,
580 5243 668 5300 usque
684 5229 772 5296 valde,
803 5227 873 5284 siout
901 5227 960 5299 qui·
1010 5228 1109 5296 lebarn,
1125 5243 1160 5282 ne
1174 5226 1235 5299 quis
1250 5225 1332 5281 modo
1347 5241 1391 5281 me
1406 5223 1523 5296 coepisse
1538 5233 1636 5298 sputet3
1660 5227 1711 5282 sed
1736 5227 1807 5285 sicut

160 5322 226 5377 dam
236 5320 344 5377 codices
359 5319 467 5374 habent.
495 5319 552 5374 lloo
576 5325 633 5372 orat
657 5331 757 5387 corpus
780 5317 894 5384 Christi,
932 5315 961 5371 id
1011 5317 1091 5388 coepi,
1113 5315 1150 5371 ite
1177 5315 1259 5372 modo
1287 5312 1376 5370 lacere
1403 5313 1449 5368 da.
1478 5313 1657 5370 rhemmon
1680 5315 1755 5385 dieo,
1781 5317 1810 5373 in

162 5419 204 5468 εει
218 5409 351 5475 Ecclesia,
368 5416 394 5464 et
408 5409 460 5463 hoc
474 5407 601 5479 impetrat
616 5414 644 5461 ut
672 5421 727 5461 non
754 5421 840 5477 usque
869 5404 959 5474 valde,
1011 5403 1152 5462 latitudine
1167 5403 1297 5468 scientiae,
1309 5417 1390 5474 quam
1401 5402 1548 5474 quaerendo
1573 5413 1735 5462 consecutus
1757 5413 1809 5464 εει.

160 5499 189 5554 id
204 5507 245 5555 εει
259 5515 293 5554 ex
306 5505 363 5554 toto
378 5495 497 5562 deficiet,
513 5494 576 5568 quia
591 5503 617 5550 et
633 5494 655 5550 ει
671 5493 755 5566 aliqui
775 5493 810 5548 de
832 5493 962 5550 ¹Ecclesia
1013 5494 1135 5550 Patisium
1149 5491 1220 5548 enim
1241 5497 1346 5564 oportet
1358 5505 1422 5547 esse
1438 5505 1494 5558 cor,
1517 5491 1590 5564 qued
1618 5493 1811 5567 racapitillum

162 5595 273 5660 negant,
289 5586 362 5645 sores
381 5595 474 5642 tamen
503 5590 652 5640 ramanent.
682 5581 734 5638 Vel
762 5581 851 5639 eidem
879 5597 962 5652 repa·
1013 5581 1059 5654 qui
1075 5581 1174 5639 coelum
1189 5587 1215 5638 et
1231 5587 1332 5638 terram
1346 5577 1450 5651 implet.

234 5675 355 5733 Parnon.
377 5673 470 5732 CXCI.
1175 5689 1180 5698 ·
1709 5673 1743 5729 st
