<?xml version="1.0" encoding="UTF-8"?>
<!DOCTYPE html PUBLIC "-//W3C//DTD XHTML 1.0 Transitional//EN"
    "http://www.w3.org/TR/xhtml1/DTD/xhtml1-transitional.dtd">
<html xmlns="http://www.w3.org/1999/xhtml" xml:lang="en" lang="en">
 <head>
  <title>
</title>
<meta http-equiv="Content-Type" content="text/html;charset=utf-8" />
  <meta name='ocr-system' content='tesseract 3.04.00' />
  <meta name='ocr-capabilities' content='ocr_page ocr_carea ocr_par ocr_line ocrx_word'/>
</head>
<body>
  <div class='ocr_page' id='page_1' title='image "./patrologiaecurs122unkngoog/patrologiaecurs122unkngoog_0673.png"; bbox 0 0 3940 6066; ppageno 0'>
   <div class='ocr_carea' id='block_1_1' title="bbox 171 130 1821 203">
    <p class='ocr_par' dir='ltr' id='par_1_1' title="bbox 171 130 1821 203">
     <span class='ocr_line' id='line_1_1' title="bbox 171 130 1821 203; baseline -0.002 -13"><span class='ocrx_word' id='word_1_1' title='bbox 171 135 241 192; x_wconf 73' lang='lat' dir='ltr'><strong>teat</strong></span> <span class='ocrx_word' id='word_1_2' title='bbox 509 131 763 190; x_wconf 70' lang='lat' dir='ltr'><strong>commutarint</strong></span> <span class='ocrx_word' id='word_1_3' title='bbox 781 133 819 190; x_wconf 87' lang='lat' dir='ltr'><strong>IN</strong></span> <span class='ocrx_word' id='word_1_4' title='bbox 836 131 946 191; x_wconf 70' lang='lat' dir='ltr'><strong>Epist.</strong></span> <span class='ocrx_word' id='word_1_5' title='bbox 966 132 1000 190; x_wconf 89' lang='lat' dir='ltr'><strong>D.</strong></span> <span class='ocrx_word' id='word_1_6' title='bbox 1021 132 1136 193; x_wconf 72' lang='lat' dir='ltr'><strong>esunt.</strong></span> <span class='ocrx_word' id='word_1_7' title='bbox 1150 163 1186 176; x_wconf 89' lang='lat'><em>-</em></span> <span class='ocrx_word' id='word_1_8' title='bbox 1200 133 1237 189; x_wconf 89' lang='lat' dir='ltr'><strong>IN</strong></span> <span class='ocrx_word' id='word_1_9' title='bbox 1255 132 1309 188; x_wconf 85' lang='grc' dir='ltr'><strong>ΕΡ.</strong></span> <span class='ocrx_word' id='word_1_10' title='bbox 1330 132 1377 188; x_wconf 83' lang='grc' dir='ltr'><strong>ΑΙ)</strong></span> <span class='ocrx_word' id='word_1_11' title='bbox 1396 130 1481 188; x_wconf 81' lang='lat' dir='ltr'><strong>nont.</strong></span> <span class='ocrx_word' id='word_1_12' title='bbox 1752 133 1821 203; x_wconf 76' lang='lat' dir='ltr'><strong>lasa</strong></span> 
     </span>
    </p>
   </div>
   <div class='ocr_carea' id='block_1_2' title="bbox 133 254 1823 4144">
    <p class='ocr_par' dir='ltr' id='par_1_2' title="bbox 166 254 1823 1839">
     <span class='ocr_line' id='line_1_2' title="bbox 170 254 1820 332; baseline -0.001 -17"><span class='ocrx_word' id='word_1_13' title='bbox 170 264 227 316; x_wconf 85' lang='lat' dir='ltr'><strong>est:</strong></span> <span class='ocrx_word' id='word_1_14' title='bbox 240 256 312 314; x_wconf 82' lang='lat' dir='ltr'><strong>Vere</strong></span> <span class='ocrx_word' id='word_1_15' title='bbox 320 255 518 314; x_wconf 80' lang='lat' dir='ltr'><strong>inexcusabilis</strong></span> <span class='ocrx_word' id='word_1_16' title='bbox 528 273 559 314; x_wconf 89' lang='lat' dir='ltr'><strong>es</strong></span> <span class='ocrx_word' id='word_1_17' title='bbox 569 265 597 314; x_wconf 92' lang='lat' dir='ltr'><strong>tu</strong></span> <span class='ocrx_word' id='word_1_18' title='bbox 607 257 653 331; x_wconf 89' lang='lat' dir='ltr'><strong>qui</strong></span> <span class='ocrx_word' id='word_1_19' title='bbox 661 256 778 328; x_wconf 86' lang='lat' dir='ltr'><strong>judicas.</strong></span> <span class='ocrx_word' id='word_1_20' title='bbox 789 258 823 314; x_wconf 83' lang='lat' dir='ltr'><strong>la</strong></span> <span class='ocrx_word' id='word_1_21' title='bbox 830 274 883 332; x_wconf 83' lang='lat' dir='ltr'><strong>quo</strong></span> <span class='ocrx_word' id='word_1_22' title='bbox 893 258 1006 320; x_wconf 80' lang='lat' dir='ltr'><strong>enth</strong></span> <span class='ocrx_word' id='word_1_23' title='bbox 1021 258 1098 314; x_wconf 83' lang='lat' dir='ltr'><strong>ctum</strong></span> <span class='ocrx_word' id='word_1_24' title='bbox 1107 258 1158 314; x_wconf 81' lang='lat' dir='ltr'><strong>Dat</strong></span> <span class='ocrx_word' id='word_1_25' title='bbox 1171 261 1219 315; x_wconf 86' lang='grc' dir='ltr'><strong>ιει</strong></span> <span class='ocrx_word' id='word_1_26' title='bbox 1234 271 1269 312; x_wconf 90' lang='lat' dir='ltr'><strong>an</strong></span> <span class='ocrx_word' id='word_1_27' title='bbox 1285 258 1337 313; x_wconf 90' lang='lat' dir='ltr'><strong>boc</strong></span> <span class='ocrx_word' id='word_1_28' title='bbox 1352 255 1420 314; x_wconf 88' lang='lat' dir='ltr'><strong>lacis</strong></span> <span class='ocrx_word' id='word_1_29' title='bbox 1431 254 1538 327; x_wconf 79' lang='lat' dir='ltr'><strong>iQuasi</strong></span> <span class='ocrx_word' id='word_1_30' title='bbox 1551 255 1624 314; x_wconf 91' lang='lat' dir='ltr'><strong>dicat</strong></span> <span class='ocrx_word' id='word_1_31' title='bbox 1641 271 1647 310; x_wconf 92' lang='lat'>:</span> <span class='ocrx_word' id='word_1_32' title='bbox 1662 255 1761 312; x_wconf 82' lang='lat' dir='ltr'>Mirum</span> <span class='ocrx_word' id='word_1_33' title='bbox 1768 265 1820 316; x_wconf 89' lang='lat' dir='ltr'><strong>est.</strong></span> 
     </span>
     <span class='ocr_line' id='line_1_3' title="bbox 170 345 1821 420; baseline -0.001 -18"><span class='ocrx_word' id='word_1_34' title='bbox 170 347 297 402; x_wconf 82' lang='lat' dir='ltr'><strong>alteram</strong></span> <span class='ocrx_word' id='word_1_35' title='bbox 304 345 427 419; x_wconf 79' lang='lat' dir='ltr'><strong>judicos,</strong></span> <span class='ocrx_word' id='word_1_36' title='bbox 440 351 468 402; x_wconf 89' lang='grc' dir='ltr'><strong>ιε</strong></span> <span class='ocrx_word' id='word_1_37' title='bbox 477 347 570 420; x_wconf 82' lang='lat' dir='ltr'><strong>ipsum</strong></span> <span class='ocrx_word' id='word_1_38' title='bbox 580 347 762 417; x_wconf 81' lang='lat' dir='ltr'><strong>condemnas,</strong></span> <span class='ocrx_word' id='word_1_39' title='bbox 774 345 802 401; x_wconf 92' lang='lat' dir='ltr'><strong>id</strong></span> <span class='ocrx_word' id='word_1_40' title='bbox 813 354 855 402; x_wconf 89' lang='grc' dir='ltr'><strong>εει</strong></span> <span class='ocrx_word' id='word_1_41' title='bbox 864 353 892 402; x_wconf 92' lang='lat' dir='ltr'><strong>tu</strong></span> <span class='ocrx_word' id='word_1_42' title='bbox 908 346 967 418; x_wconf 92' lang='lat' dir='ltr'><strong>ipse</strong></span> <span class='ocrx_word' id='word_1_43' title='bbox 1021 349 1055 402; x_wconf 91' lang='lat' dir='ltr'><strong>Et</strong></span> <span class='ocrx_word' id='word_1_44' title='bbox 1069 354 1111 403; x_wconf 97' lang='grc' dir='ltr'><strong>εει</strong></span> <span class='ocrx_word' id='word_1_45' title='bbox 1130 347 1174 404; x_wconf 91' lang='lat' dir='ltr'><strong>bic</strong></span> <span class='ocrx_word' id='word_1_46' title='bbox 1200 345 1348 416; x_wconf 71' lang='lat' dir='ltr'>increpatio</span> <span class='ocrx_word' id='word_1_47' title='bbox 1377 361 1438 402; x_wconf 93' lang='lat' dir='ltr'><strong>cum</strong></span> <span class='ocrx_word' id='word_1_48' title='bbox 1467 345 1562 402; x_wconf 90' lang='lat' dir='ltr'><strong>ironia.</strong></span> <span class='ocrx_word' id='word_1_49' title='bbox 1592 345 1722 401; x_wconf 76' lang='lat' dir='ltr'><strong>Irascitur</strong></span> <span class='ocrx_word' id='word_1_50' title='bbox 1750 347 1821 402; x_wconf 91' lang='lat' dir='ltr'><strong>enim</strong></span> 
     </span>
     <span class='ocr_line' id='line_1_4' title="bbox 169 433 1818 507; baseline 0.001 -17"><span class='ocrx_word' id='word_1_51' title='bbox 169 433 287 490; x_wconf 87' lang='lat' dir='ltr'><strong>estestis</strong></span> <span class='ocrx_word' id='word_1_52' title='bbox 300 434 484 491; x_wconf 76' lang='lat' dir='ltr'><strong>damnationis</strong></span> <span class='ocrx_word' id='word_1_53' title='bbox 500 443 561 502; x_wconf 83' lang='lat' dir='ltr'><strong>tuae,</strong></span> <span class='ocrx_word' id='word_1_54' title='bbox 578 435 642 490; x_wconf 92' lang='lat' dir='ltr'><strong>dum</strong></span> <span class='ocrx_word' id='word_1_55' title='bbox 658 434 738 490; x_wconf 90' lang='lat' dir='ltr'><strong>alium</strong></span> <span class='ocrx_word' id='word_1_56' title='bbox 750 435 869 505; x_wconf 89' lang='lat' dir='ltr'><strong>judicas.</strong></span> <span class='ocrx_word' id='word_1_57' title='bbox 879 435 971 504; x_wconf 91' lang='lat' dir='ltr'><strong>Quare</strong></span> <span class='ocrx_word' id='word_1_58' title='bbox 1021 435 1062 490; x_wconf 89' lang='lat' dir='ltr'><strong>eis</strong></span> <span class='ocrx_word' id='word_1_59' title='bbox 1076 435 1234 506; x_wconf 81' lang='lat' dir='ltr'><strong>Apostolus,</strong></span> <span class='ocrx_word' id='word_1_60' title='bbox 1264 433 1328 505; x_wconf 90' lang='lat' dir='ltr'><strong>quia</strong></span> <span class='ocrx_word' id='word_1_61' title='bbox 1355 433 1544 505; x_wconf 82' lang='lat' dir='ltr'>impunitatem</span> <span class='ocrx_word' id='word_1_62' title='bbox 1571 434 1623 489; x_wconf 92' lang='lat' dir='ltr'><strong>sibi</strong></span> <span class='ocrx_word' id='word_1_63' title='bbox 1650 433 1818 507; x_wconf 89' lang='lat' dir='ltr'><strong>promittunt,</strong></span> 
     </span>
     <span class='ocr_line' id='line_1_5' title="bbox 169 519 1819 598; baseline 0 -20"><span class='ocrx_word' id='word_1_64' title='bbox 169 523 246 580; x_wconf 74' lang='lat' dir='ltr'><strong>hoc?</strong></span> <span class='ocrx_word' id='word_1_65' title='bbox 259 523 350 594; x_wconf 86' lang='lat' dir='ltr'>Enim,</span> <span class='ocrx_word' id='word_1_66' title='bbox 362 523 442 580; x_wconf 90' lang='lat' dir='ltr'><strong>idest</strong></span> <span class='ocrx_word' id='word_1_67' title='bbox 455 524 519 598; x_wconf 89' lang='lat' dir='ltr'><strong>quia</strong></span> <span class='ocrx_word' id='word_1_68' title='bbox 538 524 636 580; x_wconf 90' lang='lat' dir='ltr'><strong>eadem</strong></span> <span class='ocrx_word' id='word_1_69' title='bbox 656 523 717 594; x_wconf 84' lang='lat' dir='ltr'><strong>agis</strong></span> <span class='ocrx_word' id='word_1_70' title='bbox 730 540 791 596; x_wconf 82' lang='lat' dir='ltr'><strong>quae</strong></span> <span class='ocrx_word' id='word_1_71' title='bbox 804 523 922 594; x_wconf 89' lang='lat' dir='ltr'><strong>judicas,</strong></span> <span class='ocrx_word' id='word_1_72' title='bbox 943 522 970 579; x_wconf 95' lang='lat' dir='ltr'><strong>id</strong></span> <span class='ocrx_word' id='word_1_73' title='bbox 1021 522 1090 580; x_wconf 91' lang='lat' dir='ltr'><strong>alios</strong></span> <span class='ocrx_word' id='word_1_74' title='bbox 1102 523 1267 594; x_wconf 83' lang='lat' dir='ltr'><strong>judicantes.</strong></span> <span class='ocrx_word' id='word_1_75' title='bbox 1287 519 1438 594; x_wconf 71' lang='lat' dir='ltr'><strong>[ambros]</strong></span> <span class='ocrx_word' id='word_1_76' title='bbox 1454 523 1487 577; x_wconf 85' lang='lat' dir='ltr'><strong>Et</strong></span> <span class='ocrx_word' id='word_1_77' title='bbox 1510 538 1571 578; x_wconf 90' lang='lat' dir='ltr'><strong>cnm</strong></span> <span class='ocrx_word' id='word_1_78' title='bbox 1595 523 1648 579; x_wconf 91' lang='lat' dir='ltr'><strong>hoc</strong></span> <span class='ocrx_word' id='word_1_79' title='bbox 1671 523 1819 594; x_wconf 90' lang='lat' dir='ltr'><strong>capitulum</strong></span> 
     </span>
     <span class='ocr_line' id='line_1_6' title="bbox 170 610 1820 686; baseline -0.001 -16"><span class='ocrx_word' id='word_1_80' title='bbox 170 620 212 670; x_wconf 93' lang='grc' dir='ltr'><strong>εει</strong></span> <span class='ocrx_word' id='word_1_81' title='bbox 225 611 255 667; x_wconf 91' lang='lat' dir='ltr'><strong>in</strong></span> <span class='ocrx_word' id='word_1_82' title='bbox 270 611 332 668; x_wconf 87' lang='lat' dir='ltr'><strong>aliis</strong></span> <span class='ocrx_word' id='word_1_83' title='bbox 351 612 541 684; x_wconf 78' lang='lat' dir='ltr'>reprehendis.</span> <span class='ocrx_word' id='word_1_84' title='bbox 569 613 676 670; x_wconf 87' lang='lat' dir='ltr'><strong>Scimus</strong></span> <span class='ocrx_word' id='word_1_85' title='bbox 697 612 780 679; x_wconf 85' lang='lat' dir='ltr'><strong>euim,</strong></span> <span class='ocrx_word' id='word_1_86' title='bbox 803 612 846 668; x_wconf 90' lang='lat' dir='ltr'><strong>vel</strong></span> <span class='ocrx_word' id='word_1_87' title='bbox 869 620 969 678; x_wconf 92' lang='lat' dir='ltr'><strong>autem,</strong></span> <span class='ocrx_word' id='word_1_88' title='bbox 1021 611 1182 686; x_wconf 88' lang='lat' dir='ltr'><strong>generaliter</strong></span> <span class='ocrx_word' id='word_1_89' title='bbox 1194 618 1261 684; x_wconf 90' lang='lat' dir='ltr'><strong>agat</strong></span> <span class='ocrx_word' id='word_1_90' title='bbox 1276 619 1369 666; x_wconf 81' lang='lat' dir='ltr'><strong>contra</strong></span> <span class='ocrx_word' id='word_1_91' title='bbox 1382 610 1501 680; x_wconf 78' lang='lat' dir='ltr'><strong>ludaeos,</strong></span> <span class='ocrx_word' id='word_1_92' title='bbox 1530 618 1556 666; x_wconf 90' lang='lat' dir='ltr'><strong>et</strong></span> <span class='ocrx_word' id='word_1_93' title='bbox 1579 611 1704 684; x_wconf 76' lang='lat' dir='ltr'><strong>gentiles,</strong></span> <span class='ocrx_word' id='word_1_94' title='bbox 1730 620 1820 684; x_wconf 89' lang='lat' dir='ltr'><strong>potest</strong></span> 
     </span>
     <span class='ocr_line' id='line_1_7' title="bbox 169 697 1820 773; baseline -0.001 -17"><span class='ocrx_word' id='word_1_95' title='bbox 169 701 297 773; x_wconf 92' lang='lat' dir='ltr'><strong>quoniam</strong></span> <span class='ocrx_word' id='word_1_96' title='bbox 307 699 439 770; x_wconf 88' lang='lat' dir='ltr'><strong>judicium</strong></span> <span class='ocrx_word' id='word_1_97' title='bbox 450 701 559 768; x_wconf 88' lang='lat' dir='ltr'><strong>Deiest,</strong></span> <span class='ocrx_word' id='word_1_98' title='bbox 574 701 725 758; x_wconf 87' lang='lat' dir='ltr'><strong>secundum</strong></span> <span class='ocrx_word' id='word_1_99' title='bbox 733 701 873 757; x_wconf 87' lang='lat' dir='ltr'><strong>veritatem</strong></span> <span class='ocrx_word' id='word_1_100' title='bbox 884 700 911 754; x_wconf 94' lang='lat' dir='ltr'><strong>in</strong></span> <span class='ocrx_word' id='word_1_101' title='bbox 922 715 971 756; x_wconf 90' lang='lat' dir='ltr'><strong>aas</strong></span> <span class='ocrx_word' id='word_1_102' title='bbox 1021 703 1103 758; x_wconf 88' lang='lat' dir='ltr'><strong>etiam</strong></span> <span class='ocrx_word' id='word_1_103' title='bbox 1119 699 1272 772; x_wconf 81' lang='lat' dir='ltr'><strong>specialiter</strong></span> <span class='ocrx_word' id='word_1_104' title='bbox 1295 697 1381 770; x_wconf 84' lang='lat' dir='ltr'><strong>accipi</strong></span> <span class='ocrx_word' id='word_1_105' title='bbox 1405 705 1497 756; x_wconf 91' lang='lat' dir='ltr'><strong>contra</strong></span> <span class='ocrx_word' id='word_1_106' title='bbox 1519 700 1666 772; x_wconf 86' lang='lat' dir='ltr'><strong>quemlibet</strong></span> <span class='ocrx_word' id='word_1_107' title='bbox 1690 702 1820 772; x_wconf 90' lang='lat' dir='ltr'><strong>supersti-</strong></span> 
     </span>
     <span class='ocr_line' id='line_1_8' title="bbox 169 786 1820 863; baseline -0.001 -19"><span class='ocrx_word' id='word_1_108' title='bbox 169 789 217 863; x_wconf 84' lang='lat' dir='ltr'><strong>qui</strong></span> <span class='ocrx_word' id='word_1_109' title='bbox 230 789 295 844; x_wconf 91' lang='lat' dir='ltr'><strong>talia</strong></span> <span class='ocrx_word' id='word_1_110' title='bbox 310 795 404 862; x_wconf 83' lang='lat' dir='ltr'><strong>agunt.</strong></span> <span class='ocrx_word' id='word_1_111' title='bbox 422 791 531 846; x_wconf 75' lang='lat' dir='ltr'><strong>manem</strong></span> <span class='ocrx_word' id='word_1_112' title='bbox 547 790 752 846; x_wconf 86' lang='lat' dir='ltr'><strong>excusationem</strong></span> <span class='ocrx_word' id='word_1_113' title='bbox 765 790 923 846; x_wconf 76' lang='lat' dir='ltr'><strong>iudaeorum</strong></span> <span class='ocrx_word' id='word_1_114' title='bbox 944 796 971 844; x_wconf 91' lang='lat' dir='ltr'><strong>et</strong></span> <span class='ocrx_word' id='word_1_115' title='bbox 1021 789 1120 845; x_wconf 89' lang='lat' dir='ltr'><strong>tiosam</strong></span> <span class='ocrx_word' id='word_1_116' title='bbox 1134 789 1274 860; x_wconf 81' lang='lat' dir='ltr'><strong>praelatum</strong></span> <span class='ocrx_word' id='word_1_117' title='bbox 1289 787 1430 856; x_wconf 82' lang='lat' dir='ltr'><strong>Ecclesiae,</strong></span> <span class='ocrx_word' id='word_1_118' title='bbox 1446 786 1492 860; x_wconf 91' lang='lat' dir='ltr'><strong>qui</strong></span> <span class='ocrx_word' id='word_1_119' title='bbox 1506 803 1556 859; x_wconf 91' lang='lat' dir='ltr'><strong>per</strong></span> <span class='ocrx_word' id='word_1_120' title='bbox 1570 788 1733 859; x_wconf 80' lang='lat' dir='ltr'><strong>hypocrisim</strong></span> <span class='ocrx_word' id='word_1_121' title='bbox 1755 806 1820 844; x_wconf 90' lang='lat' dir='ltr'><strong>exa-</strong></span> 
     </span>
     <span class='ocr_line' id='line_1_9' title="bbox 170 876 1821 952; baseline -0.001 -18"><span class='ocrx_word' id='word_1_122' title='bbox 170 877 314 952; x_wconf 82' lang='lat' dir='ltr'><strong>geutilium</strong></span> <span class='ocrx_word' id='word_1_123' title='bbox 339 894 388 934; x_wconf 87' lang='lat' dir='ltr'><strong>sua</strong></span> <span class='ocrx_word' id='word_1_124' title='bbox 414 878 573 934; x_wconf 88' lang='lat' dir='ltr'><strong>auctoritate</strong></span> <span class='ocrx_word' id='word_1_125' title='bbox 601 878 715 934; x_wconf 84' lang='lat' dir='ltr'><strong>destruit</strong></span> <span class='ocrx_word' id='word_1_126' title='bbox 741 877 786 934; x_wconf 91' lang='lat' dir='ltr'><strong>hic</strong></span> <span class='ocrx_word' id='word_1_127' title='bbox 812 879 968 948; x_wconf 76' lang='lat' dir='ltr'><strong>Apostolus.</strong></span> <span class='ocrx_word' id='word_1_128' title='bbox 1020 894 1083 932; x_wconf 91' lang='lat' dir='ltr'><strong>men</strong></span> <span class='ocrx_word' id='word_1_129' title='bbox 1099 877 1166 932; x_wconf 80' lang='lat' dir='ltr'><strong>fallit</strong></span> <span class='ocrx_word' id='word_1_130' title='bbox 1181 877 1358 942; x_wconf 84' lang='lat' dir='ltr'><strong>intuentium;</strong></span> <span class='ocrx_word' id='word_1_131' title='bbox 1373 883 1402 931; x_wconf 93' lang='lat' dir='ltr'><strong>ut</strong></span> <span class='ocrx_word' id='word_1_132' title='bbox 1427 892 1488 931; x_wconf 91' lang='lat' dir='ltr'><strong>cum</strong></span> <span class='ocrx_word' id='word_1_133' title='bbox 1517 876 1672 946; x_wconf 91' lang='lat' dir='ltr'><strong>puniendus</strong></span> <span class='ocrx_word' id='word_1_134' title='bbox 1700 877 1742 942; x_wconf 91' lang='lat' dir='ltr'><strong>sit,</strong></span> <span class='ocrx_word' id='word_1_135' title='bbox 1770 878 1821 933; x_wconf 93' lang='lat' dir='ltr'><strong>ho-</strong></span> 
     </span>
     <span class='ocr_line' id='line_1_10' title="bbox 174 964 1823 1040; baseline -0.001 -18"><span class='ocrx_word' id='word_1_136' title='bbox 174 968 271 1022; x_wconf 88' lang='lat' dir='ltr'><strong>Posset</strong></span> <span class='ocrx_word' id='word_1_137' title='bbox 287 966 360 1022; x_wconf 88' lang='lat' dir='ltr'><strong>enim</strong></span> <span class='ocrx_word' id='word_1_138' title='bbox 374 965 402 1022; x_wconf 90' lang='grc' dir='ltr'><strong>ιιι</strong></span> <span class='ocrx_word' id='word_1_139' title='bbox 417 967 624 1024; x_wconf 86' lang='lat' dir='ltr'><strong>excusationem</strong></span> <span class='ocrx_word' id='word_1_140' title='bbox 639 966 681 1022; x_wconf 89' lang='lat' dir='ltr'><strong>sui</strong></span> <span class='ocrx_word' id='word_1_141' title='bbox 694 967 798 1038; x_wconf 88' lang='lat' dir='ltr'><strong>peccati</strong></span> <span class='ocrx_word' id='word_1_142' title='bbox 809 966 901 1024; x_wconf 88' lang='lat' dir='ltr'><strong>dicere</strong></span> <span class='ocrx_word' id='word_1_143' title='bbox 921 967 970 1022; x_wconf 87' lang='grc' dir='ltr'><strong>ιιι-</strong></span> <span class='ocrx_word' id='word_1_144' title='bbox 1021 981 1088 1022; x_wconf 91' lang='lat' dir='ltr'><strong>nore</strong></span> <span class='ocrx_word' id='word_1_145' title='bbox 1102 966 1201 1040; x_wconf 90' lang='lat' dir='ltr'><strong>dignus</strong></span> <span class='ocrx_word' id='word_1_146' title='bbox 1215 973 1357 1038; x_wconf 88' lang='lat' dir='ltr'><strong>appareat.</strong></span> <span class='ocrx_word' id='word_1_147' title='bbox 1375 964 1502 1020; x_wconf 88' lang='lat' dir='ltr'><strong>Similiter</strong></span> <span class='ocrx_word' id='word_1_148' title='bbox 1516 971 1543 1020; x_wconf 93' lang='lat' dir='ltr'><strong>et</strong></span> <span class='ocrx_word' id='word_1_149' title='bbox 1558 965 1592 1019; x_wconf 88' lang='lat' dir='ltr'><strong>de</strong></span> <span class='ocrx_word' id='word_1_150' title='bbox 1606 964 1710 1032; x_wconf 84' lang='lat' dir='ltr'><strong>tudaeo,</strong></span> <span class='ocrx_word' id='word_1_151' title='bbox 1727 965 1773 1038; x_wconf 91' lang='lat' dir='ltr'><strong>qui</strong></span> <span class='ocrx_word' id='word_1_152' title='bbox 1788 965 1823 1020; x_wconf 92' lang='lat' dir='ltr'><strong>si·</strong></span> 
     </span>
     <span class='ocr_line' id='line_1_11' title="bbox 171 1053 1819 1128; baseline 0 -18"><span class='ocrx_word' id='word_1_153' title='bbox 171 1055 268 1112; x_wconf 82' lang='lat' dir='ltr'><strong>daeus:</strong></span> <span class='ocrx_word' id='word_1_154' title='bbox 284 1062 312 1111; x_wconf 87' lang='lat' dir='ltr'><strong>et</strong></span> <span class='ocrx_word' id='word_1_155' title='bbox 340 1055 363 1110; x_wconf 91' lang='lat' dir='ltr'><strong>si</strong></span> <span class='ocrx_word' id='word_1_156' title='bbox 392 1054 487 1110; x_wconf 91' lang='lat' dir='ltr'><strong>eadem</strong></span> <span class='ocrx_word' id='word_1_157' title='bbox 518 1070 571 1128; x_wconf 88' lang='lat' dir='ltr'><strong>ago</strong></span> <span class='ocrx_word' id='word_1_158' title='bbox 594 1071 655 1128; x_wconf 81' lang='lat' dir='ltr'><strong>quae</strong></span> <span class='ocrx_word' id='word_1_159' title='bbox 679 1055 782 1126; x_wconf 86' lang='lat' dir='ltr'><strong>judico,</strong></span> <span class='ocrx_word' id='word_1_160' title='bbox 807 1071 851 1110; x_wconf 89' lang='lat' dir='ltr'><strong>me</strong></span> <span class='ocrx_word' id='word_1_161' title='bbox 879 1062 971 1110; x_wconf 90' lang='lat' dir='ltr'><strong>tamen</strong></span> <span class='ocrx_word' id='word_1_162' title='bbox 1019 1055 1103 1110; x_wconf 91' lang='lat' dir='ltr'><strong>mulat</strong></span> <span class='ocrx_word' id='word_1_163' title='bbox 1118 1055 1190 1128; x_wconf 87' lang='lat' dir='ltr'><strong>quod</strong></span> <span class='ocrx_word' id='word_1_164' title='bbox 1205 1070 1258 1110; x_wconf 90' lang='lat' dir='ltr'><strong>non</strong></span> <span class='ocrx_word' id='word_1_165' title='bbox 1276 1061 1326 1108; x_wconf 92' lang='lat' dir='ltr'><strong>est.</strong></span> <span class='ocrx_word' id='word_1_166' title='bbox 1343 1055 1377 1108; x_wconf 86' lang='lat' dir='ltr'><strong>Et</strong></span> <span class='ocrx_word' id='word_1_167' title='bbox 1405 1053 1466 1108; x_wconf 89' lang='lat' dir='ltr'><strong>ideo</strong></span> <span class='ocrx_word' id='word_1_168' title='bbox 1491 1068 1613 1124; x_wconf 87' lang='lat' dir='ltr'><strong>congrue</strong></span> <span class='ocrx_word' id='word_1_169' title='bbox 1641 1053 1687 1121; x_wconf 92' lang='lat' dir='ltr'><strong>ait,</strong></span> <span class='ocrx_word' id='word_1_170' title='bbox 1713 1053 1819 1124; x_wconf 87' lang='lat' dir='ltr'><strong>judicas</strong></span> 
     </span>
     <span class='ocr_line' id='line_1_12' title="bbox 171 1140 1816 1216; baseline 0 -18"><span class='ocrx_word' id='word_1_171' title='bbox 171 1143 296 1199; x_wconf 82' lang='lat' dir='ltr'><strong>tudaeum</strong></span> <span class='ocrx_word' id='word_1_172' title='bbox 311 1141 432 1199; x_wconf 77' lang='lat' dir='ltr'><strong>defendit</strong></span> <span class='ocrx_word' id='word_1_173' title='bbox 452 1143 654 1216; x_wconf 65' lang='lat' dir='ltr'><strong>genesarum</strong></span> <span class='ocrx_word' id='word_1_174' title='bbox 680 1151 706 1199; x_wconf 90' lang='grc' dir='ltr'><strong>ει</strong></span> <span class='ocrx_word' id='word_1_175' title='bbox 729 1151 822 1199; x_wconf 84' lang='grc' dir='ltr'><strong>εοιιιε</strong></span> <span class='ocrx_word' id='word_1_176' title='bbox 836 1142 968 1216; x_wconf 89' lang='lat' dir='ltr'><strong>gentilis:</strong></span> <span class='ocrx_word' id='word_1_177' title='bbox 1021 1143 1096 1216; x_wconf 90' lang='lat' dir='ltr'><strong>quasi</strong></span> <span class='ocrx_word' id='word_1_178' title='bbox 1112 1142 1227 1199; x_wconf 91' lang='lat' dir='ltr'><strong>aliorum</strong></span> <span class='ocrx_word' id='word_1_179' title='bbox 1242 1140 1358 1209; x_wconf 90' lang='lat' dir='ltr'><strong>doctor;</strong></span> <span class='ocrx_word' id='word_1_180' title='bbox 1382 1157 1437 1197; x_wconf 92' lang='lat' dir='ltr'><strong>non</strong></span> <span class='ocrx_word' id='word_1_181' title='bbox 1461 1149 1487 1196; x_wconf 92' lang='lat' dir='ltr'><strong>te</strong></span> <span class='ocrx_word' id='word_1_182' title='bbox 1514 1157 1638 1207; x_wconf 87' lang='lat' dir='ltr'><strong>acc-usas,</strong></span> <span class='ocrx_word' id='word_1_183' title='bbox 1664 1142 1713 1197; x_wconf 90' lang='lat' dir='ltr'><strong>sed</strong></span> <span class='ocrx_word' id='word_1_184' title='bbox 1737 1142 1816 1208; x_wconf 86' lang='lat' dir='ltr'><strong>alios,</strong></span> 
     </span>
     <span class='ocr_line' id='line_1_13' title="bbox 169 1229 1819 1304; baseline 0.001 -19"><span class='ocrx_word' id='word_1_185' title='bbox 169 1246 214 1286; x_wconf 92' lang='lat' dir='ltr'><strong>me</strong></span> <span class='ocrx_word' id='word_1_186' title='bbox 228 1229 349 1288; x_wconf 77' lang='lat' dir='ltr'><strong>defendit</strong></span> <span class='ocrx_word' id='word_1_187' title='bbox 363 1231 530 1304; x_wconf 81' lang='lat' dir='ltr'><strong>ignorantia.</strong></span> <span class='ocrx_word' id='word_1_188' title='bbox 550 1231 649 1288; x_wconf 85' lang='lat' dir='ltr'><strong>Contra</strong></span> <span class='ocrx_word' id='word_1_189' title='bbox 664 1231 738 1304; x_wconf 89' lang='lat' dir='ltr'><strong>quod</strong></span> <span class='ocrx_word' id='word_1_190' title='bbox 751 1229 897 1302; x_wconf 77' lang='lat' dir='ltr'><strong>Apostolus</strong></span> <span class='ocrx_word' id='word_1_191' title='bbox 913 1231 969 1286; x_wconf 88' lang='lat' dir='ltr'><strong>ait:</strong></span> <span class='ocrx_word' id='word_1_192' title='bbox 1020 1231 1208 1303; x_wconf 90' lang='lat' dir='ltr'><strong>impunitatem</strong></span> <span class='ocrx_word' id='word_1_193' title='bbox 1225 1246 1351 1301; x_wconf 88' lang='lat' dir='ltr'><strong>sperans,</strong></span> <span class='ocrx_word' id='word_1_194' title='bbox 1367 1229 1429 1303; x_wconf 89' lang='lat' dir='ltr'><strong>quia</strong></span> <span class='ocrx_word' id='word_1_195' title='bbox 1451 1231 1509 1286; x_wconf 87' lang='lat' dir='ltr'><strong>baec</strong></span> <span class='ocrx_word' id='word_1_196' title='bbox 1538 1237 1659 1301; x_wconf 88' lang='lat' dir='ltr'><strong>potestas</strong></span> <span class='ocrx_word' id='word_1_197' title='bbox 1687 1229 1751 1285; x_wconf 89' lang='lat' dir='ltr'><strong>data</strong></span> <span class='ocrx_word' id='word_1_198' title='bbox 1778 1238 1819 1287; x_wconf 89' lang='lat' dir='ltr'><strong>est</strong></span> 
     </span>
     <span class='ocr_line' id='line_1_14' title="bbox 169 1318 1817 1392; baseline -0.001 -17"><span class='ocrx_word' id='word_1_199' title='bbox 169 1319 290 1386; x_wconf 80' lang='lat' dir='ltr'><strong>Scimus,</strong></span> <span class='ocrx_word' id='word_1_200' title='bbox 308 1326 378 1387; x_wconf 80' lang='grc' dir='ltr'><strong>ειε.,</strong></span> <span class='ocrx_word' id='word_1_201' title='bbox 393 1320 542 1378; x_wconf 88' lang='lat' dir='ltr'><strong>ostendens</strong></span> <span class='ocrx_word' id='word_1_202' title='bbox 555 1320 665 1376; x_wconf 83' lang='lat' dir='ltr'><strong>Judaeos</strong></span> <span class='ocrx_word' id='word_1_203' title='bbox 681 1336 736 1375; x_wconf 94' lang='lat' dir='ltr'><strong>non</strong></span> <span class='ocrx_word' id='word_1_204' title='bbox 750 1335 831 1391; x_wconf 87' lang='lat' dir='ltr'><strong>posse</strong></span> <span class='ocrx_word' id='word_1_205' title='bbox 846 1319 971 1377; x_wconf 87' lang='lat' dir='ltr'><strong>excusari</strong></span> <span class='ocrx_word' id='word_1_206' title='bbox 1020 1321 1078 1391; x_wconf 89' lang='lat' dir='ltr'><strong>tibi,</strong></span> <span class='ocrx_word' id='word_1_207' title='bbox 1095 1329 1120 1378; x_wconf 91' lang='lat' dir='ltr'><strong>et</strong></span> <span class='ocrx_word' id='word_1_208' title='bbox 1135 1337 1190 1376; x_wconf 92' lang='lat' dir='ltr'><strong>non</strong></span> <span class='ocrx_word' id='word_1_209' title='bbox 1206 1328 1247 1376; x_wconf 91' lang='grc' dir='ltr'><strong>εει</strong></span> <span class='ocrx_word' id='word_1_210' title='bbox 1262 1319 1290 1374; x_wconf 89' lang='grc' dir='ltr'><strong>ιι</strong></span> <span class='ocrx_word' id='word_1_211' title='bbox 1304 1319 1416 1388; x_wconf 90' lang='lat' dir='ltr'><strong>mundo,</strong></span> <span class='ocrx_word' id='word_1_212' title='bbox 1438 1319 1524 1392; x_wconf 89' lang='lat' dir='ltr'><strong>quite</strong></span> <span class='ocrx_word' id='word_1_213' title='bbox 1544 1318 1659 1388; x_wconf 87' lang='lat' dir='ltr'><strong>judicet.</strong></span> <span class='ocrx_word' id='word_1_214' title='bbox 1693 1318 1747 1374; x_wconf 89' lang='lat' dir='ltr'><strong>Sed</strong></span> <span class='ocrx_word' id='word_1_215' title='bbox 1766 1320 1817 1375; x_wconf 90' lang='lat' dir='ltr'><strong>etsi</strong></span> 
     </span>
     <span class='ocr_line' id='line_1_15' title="bbox 171 1406 1819 1482; baseline -0.001 -18"><span class='ocrx_word' id='word_1_216' title='bbox 171 1424 222 1480; x_wconf 89' lang='lat' dir='ltr'><strong>par</strong></span> <span class='ocrx_word' id='word_1_217' title='bbox 237 1407 328 1482; x_wconf 89' lang='lat' dir='ltr'><strong>legem</strong></span> <span class='ocrx_word' id='word_1_218' title='bbox 352 1407 396 1464; x_wconf 85' lang='lat' dir='ltr'><strong>vel</strong></span> <span class='ocrx_word' id='word_1_219' title='bbox 417 1425 524 1480; x_wconf 86' lang='lat' dir='ltr'><strong>genus,</strong></span> <span class='ocrx_word' id='word_1_220' title='bbox 548 1425 600 1465; x_wconf 91' lang='lat' dir='ltr'><strong>nec</strong></span> <span class='ocrx_word' id='word_1_221' title='bbox 621 1408 682 1465; x_wconf 91' lang='lat' dir='ltr'><strong>illos</strong></span> <span class='ocrx_word' id='word_1_222' title='bbox 704 1424 755 1480; x_wconf 86' lang='lat' dir='ltr'><strong>per</strong></span> <span class='ocrx_word' id='word_1_223' title='bbox 775 1408 969 1482; x_wconf 77' lang='lat' dir='ltr'><strong>ignorantiam.</strong></span> <span class='ocrx_word' id='word_1_224' title='bbox 1020 1410 1090 1466; x_wconf 88' lang='lat' dir='ltr'><strong>desit</strong></span> <span class='ocrx_word' id='word_1_225' title='bbox 1105 1410 1140 1465; x_wconf 90' lang='lat' dir='ltr'><strong>ad</strong></span> <span class='ocrx_word' id='word_1_226' title='bbox 1154 1408 1333 1482; x_wconf 81' lang='lat' dir='ltr'><strong>praesensqui</strong></span> <span class='ocrx_word' id='word_1_227' title='bbox 1348 1415 1373 1464; x_wconf 91' lang='lat' dir='ltr'><strong>te</strong></span> <span class='ocrx_word' id='word_1_228' title='bbox 1384 1407 1496 1478; x_wconf 88' lang='lat' dir='ltr'><strong>judicet,</strong></span> <span class='ocrx_word' id='word_1_229' title='bbox 1513 1406 1632 1481; x_wconf 82' lang='lat' dir='ltr'><strong>effugere</strong></span> <span class='ocrx_word' id='word_1_230' title='bbox 1660 1416 1751 1463; x_wconf 92' lang='lat' dir='ltr'><strong>tamen</strong></span> <span class='ocrx_word' id='word_1_231' title='bbox 1772 1408 1819 1478; x_wconf 88' lang='lat' dir='ltr'><strong>ju-</strong></span> 
     </span>
     <span class='ocr_line' id='line_1_16' title="bbox 169 1494 1819 1570; baseline 0 -18"><span class='ocrx_word' id='word_1_232' title='bbox 169 1494 309 1570; x_wconf 79' lang='lat' dir='ltr'><strong>[August]</strong></span> <span class='ocrx_word' id='word_1_233' title='bbox 325 1496 484 1569; x_wconf 79' lang='lat' dir='ltr'><strong>Ignorantia</strong></span> <span class='ocrx_word' id='word_1_234' title='bbox 499 1495 614 1552; x_wconf 91' lang='lat' dir='ltr'><strong>enimin</strong></span> <span class='ocrx_word' id='word_1_235' title='bbox 629 1495 730 1569; x_wconf 89' lang='lat' dir='ltr'><strong>eisqui</strong></span> <span class='ocrx_word' id='word_1_236' title='bbox 751 1495 905 1570; x_wconf 89' lang='lat' dir='ltr'><strong>intelligere</strong></span> <span class='ocrx_word' id='word_1_237' title='bbox 925 1512 971 1552; x_wconf 80' lang='lat' dir='ltr'><strong>no</strong></span> <span class='ocrx_word' id='word_1_238' title='bbox 1019 1499 1119 1555; x_wconf 91' lang='lat' dir='ltr'><strong>dicium</strong></span> <span class='ocrx_word' id='word_1_239' title='bbox 1134 1498 1184 1554; x_wconf 90' lang='lat' dir='ltr'><strong>Dei</strong></span> <span class='ocrx_word' id='word_1_240' title='bbox 1199 1497 1273 1570; x_wconf 89' lang='lat' dir='ltr'><strong>quod</strong></span> <span class='ocrx_word' id='word_1_241' title='bbox 1287 1497 1315 1551; x_wconf 92' lang='lat' dir='ltr'><strong>in</strong></span> <span class='ocrx_word' id='word_1_242' title='bbox 1330 1497 1432 1551; x_wconf 93' lang='lat' dir='ltr'><strong>mundo</strong></span> <span class='ocrx_word' id='word_1_243' title='bbox 1457 1496 1578 1563; x_wconf 86' lang='lat' dir='ltr'><strong>evasisti,</strong></span> <span class='ocrx_word' id='word_1_244' title='bbox 1601 1495 1630 1551; x_wconf 94' lang='lat' dir='ltr'><strong>in</strong></span> <span class='ocrx_word' id='word_1_245' title='bbox 1650 1495 1740 1552; x_wconf 89' lang='lat' dir='ltr'><strong>laturo</strong></span> <span class='ocrx_word' id='word_1_246' title='bbox 1764 1513 1819 1553; x_wconf 92' lang='lat' dir='ltr'><strong>non</strong></span> 
     </span>
     <span class='ocr_line' id='line_1_17' title="bbox 168 1584 1821 1673; baseline 0.001 -33"><span class='ocrx_word' id='word_1_247' title='bbox 168 1584 288 1652; x_wconf 88' lang='lat' dir='ltr'><strong>luerunt,</strong></span> <span class='ocrx_word' id='word_1_248' title='bbox 304 1593 447 1656; x_wconf 88' lang='lat' dir='ltr'><strong>peccatum</strong></span> <span class='ocrx_word' id='word_1_249' title='bbox 463 1594 522 1654; x_wconf 91' lang='lat' dir='ltr'><strong>est;</strong></span> <span class='ocrx_word' id='word_1_250' title='bbox 538 1593 565 1640; x_wconf 91' lang='grc' dir='ltr'><strong>ει</strong></span> <span class='ocrx_word' id='word_1_251' title='bbox 578 1585 607 1640; x_wconf 87' lang='grc' dir='ltr'><strong>ιι</strong></span> <span class='ocrx_word' id='word_1_252' title='bbox 621 1586 661 1642; x_wconf 88' lang='grc' dir='ltr'><strong>ειε</strong></span> <span class='ocrx_word' id='word_1_253' title='bbox 677 1585 722 1658; x_wconf 92' lang='lat' dir='ltr'><strong>qui</strong></span> <span class='ocrx_word' id='word_1_254' title='bbox 737 1601 793 1642; x_wconf 91' lang='lat' dir='ltr'><strong>non</strong></span> <span class='ocrx_word' id='word_1_255' title='bbox 812 1593 968 1656; x_wconf 87' lang='lat' dir='ltr'><strong>potuerunt,</strong></span> <span class='ocrx_word' id='word_1_256' title='bbox 981 1613 1007 1673; x_wconf 80' lang='lat' dir='ltr'><strong>B</strong></span> <span class='ocrx_word' id='word_1_257' title='bbox 1021 1587 1132 1660; x_wconf 91' lang='lat' dir='ltr'><strong>poteris.</strong></span> <span class='ocrx_word' id='word_1_258' title='bbox 1149 1587 1182 1642; x_wconf 90' lang='lat' dir='ltr'><strong>Et</strong></span> <span class='ocrx_word' id='word_1_259' title='bbox 1197 1587 1275 1660; x_wconf 80' lang='lat' dir='ltr'><strong>qtrasi</strong></span> <span class='ocrx_word' id='word_1_260' title='bbox 1289 1585 1335 1641; x_wconf 93' lang='lat' dir='ltr'><strong>ille</strong></span> <span class='ocrx_word' id='word_1_261' title='bbox 1349 1585 1452 1641; x_wconf 91' lang='lat' dir='ltr'><strong>diceret</strong></span> <span class='ocrx_word' id='word_1_262' title='bbox 1469 1600 1475 1639; x_wconf 92' lang='lat'>:</span> <span class='ocrx_word' id='word_1_263' title='bbox 1492 1585 1546 1640; x_wconf 87' lang='lat' dir='ltr'><strong>Cur</strong></span> <span class='ocrx_word' id='word_1_264' title='bbox 1562 1602 1630 1658; x_wconf 85' lang='lat' dir='ltr'><strong>ergo</strong></span> <span class='ocrx_word' id='word_1_265' title='bbox 1644 1601 1699 1641; x_wconf 90' lang='lat' dir='ltr'><strong>non</strong></span> <span class='ocrx_word' id='word_1_266' title='bbox 1721 1586 1821 1658; x_wconf 82' lang='lat' dir='ltr'><strong>puniti</strong></span> 
     </span>
     <span class='ocr_line' id='line_1_18' title="bbox 166 1673 1820 1748; baseline -0.001 -16"><span class='ocrx_word' id='word_1_267' title='bbox 166 1673 376 1747; x_wconf 81' lang='lat' dir='ltr'><strong>poenapeccati.</strong></span> <span class='ocrx_word' id='word_1_268' title='bbox 393 1673 509 1741; x_wconf 89' lang='lat' dir='ltr'><strong>Scimus,</strong></span> <span class='ocrx_word' id='word_1_269' title='bbox 526 1683 579 1730; x_wconf 89' lang='lat' dir='ltr'><strong>etc.</strong></span> <span class='ocrx_word' id='word_1_270' title='bbox 592 1673 709 1748; x_wconf 81' lang='lat' dir='ltr'><strong>[Haimol</strong></span> <span class='ocrx_word' id='word_1_271' title='bbox 720 1673 804 1745; x_wconf 85' lang='lat' dir='ltr'><strong>Quasi</strong></span> <span class='ocrx_word' id='word_1_272' title='bbox 815 1675 885 1748; x_wconf 84' lang='lat' dir='ltr'><strong>dicat</strong></span> <span class='ocrx_word' id='word_1_273' title='bbox 898 1689 904 1728; x_wconf 93' lang='lat'>:</span> <span class='ocrx_word' id='word_1_274' title='bbox 915 1676 970 1731; x_wconf 86' lang='lat' dir='ltr'><strong>Vos</strong></span> <span class='ocrx_word' id='word_1_275' title='bbox 1021 1677 1065 1733; x_wconf 79' lang='lat' dir='ltr'><strong>lit</strong></span> <span class='ocrx_word' id='word_1_276' title='bbox 1080 1675 1245 1748; x_wconf 76' lang='lat' dir='ltr'><strong>Apostolus:</strong></span> <span class='ocrx_word' id='word_1_277' title='bbox 1262 1673 1333 1744; x_wconf 87' lang='lat' dir='ltr'><strong>Quia</strong></span> <span class='ocrx_word' id='word_1_278' title='bbox 1348 1674 1436 1730; x_wconf 90' lang='lat' dir='ltr'><strong>bonus</strong></span> <span class='ocrx_word' id='word_1_279' title='bbox 1452 1675 1526 1730; x_wconf 89' lang='lat' dir='ltr'><strong>Deus</strong></span> <span class='ocrx_word' id='word_1_280' title='bbox 1539 1683 1677 1747; x_wconf 80' lang='lat' dir='ltr'><strong>exspectat</strong></span> <span class='ocrx_word' id='word_1_281' title='bbox 1691 1684 1727 1731; x_wconf 89' lang='lat' dir='ltr'><strong>te.</strong></span> <span class='ocrx_word' id='word_1_282' title='bbox 1740 1673 1820 1744; x_wconf 92' lang='lat' dir='ltr'><strong>Quod</strong></span> 
     </span>
     <span class='ocr_line' id='line_1_19' title="bbox 167 1761 1676 1839; baseline 0.001 -22"><span class='ocrx_word' id='word_1_283' title='bbox 167 1761 206 1818; x_wconf 88' lang='lat' dir='ltr'><strong>ita</strong></span> <span class='ocrx_word' id='word_1_284' title='bbox 220 1762 379 1834; x_wconf 88' lang='lat' dir='ltr'><strong>opinamini,</strong></span> <span class='ocrx_word' id='word_1_285' title='bbox 396 1762 446 1818; x_wconf 88' lang='lat' dir='ltr'><strong>sed</strong></span> <span class='ocrx_word' id='word_1_286' title='bbox 460 1779 511 1818; x_wconf 91' lang='lat' dir='ltr'><strong>nos</strong></span> <span class='ocrx_word' id='word_1_287' title='bbox 526 1762 628 1818; x_wconf 89' lang='lat' dir='ltr'><strong>scimus</strong></span> <span class='ocrx_word' id='word_1_288' title='bbox 653 1763 715 1835; x_wconf 88' lang='lat' dir='ltr'><strong>quia</strong></span> <span class='ocrx_word' id='word_1_289' title='bbox 734 1762 877 1833; x_wconf 90' lang='lat' dir='ltr'><strong>judicium,</strong></span> <span class='ocrx_word' id='word_1_290' title='bbox 903 1770 967 1830; x_wconf 89' lang='grc' dir='ltr'><strong>ειε.,</strong></span> <span class='ocrx_word' id='word_1_291' title='bbox 1020 1774 1047 1822; x_wconf 91' lang='lat' dir='ltr'><strong>tu</strong></span> <span class='ocrx_word' id='word_1_292' title='bbox 1063 1766 1186 1839; x_wconf 87' lang='lat' dir='ltr'><strong>ignoras,</strong></span> <span class='ocrx_word' id='word_1_293' title='bbox 1203 1773 1230 1820; x_wconf 90' lang='lat' dir='ltr'><strong>et</strong></span> <span class='ocrx_word' id='word_1_294' title='bbox 1243 1764 1306 1820; x_wconf 92' lang='lat' dir='ltr'><strong>ideo</strong></span> <span class='ocrx_word' id='word_1_295' title='bbox 1322 1763 1483 1820; x_wconf 87' lang='lat' dir='ltr'><strong>contemnis.</strong></span> <span class='ocrx_word' id='word_1_296' title='bbox 1499 1765 1533 1820; x_wconf 89' lang='lat' dir='ltr'><strong>Et</strong></span> <span class='ocrx_word' id='word_1_297' title='bbox 1548 1765 1599 1819; x_wconf 93' lang='lat' dir='ltr'><strong>hoc</strong></span> <span class='ocrx_word' id='word_1_298' title='bbox 1613 1772 1654 1818; x_wconf 90' lang='lat' dir='ltr'><strong>est</strong></span> <span class='ocrx_word' id='word_1_299' title='bbox 1670 1779 1676 1819; x_wconf 76' lang='grc' dir='ltr'><strong>ε</strong></span> 
     </span>
    </p>

    <p class='ocr_par' dir='ltr' id='par_1_3' title="bbox 133 1850 1821 4144">
     <span class='ocr_line' id='line_1_20' title="bbox 168 1850 1818 1926; baseline 0 -18"><span class='ocrx_word' id='word_1_300' title='bbox 168 1850 213 1908; x_wconf 85' lang='lat' dir='ltr'><strong>vel</strong></span> <span class='ocrx_word' id='word_1_301' title='bbox 228 1851 252 1906; x_wconf 93' lang='lat' dir='ltr'><strong>si</strong></span> <span class='ocrx_word' id='word_1_302' title='bbox 265 1857 308 1907; x_wconf 93' lang='lat' dir='ltr'><strong>est</strong></span> <span class='ocrx_word' id='word_1_303' title='bbox 321 1850 358 1906; x_wconf 91' lang='lat' dir='ltr'><strong>ibi</strong></span> <span class='ocrx_word' id='word_1_304' title='bbox 372 1852 459 1921; x_wconf 81' lang='lat' dir='ltr'><strong>enim,</strong></span> <span class='ocrx_word' id='word_1_305' title='bbox 476 1851 514 1906; x_wconf 84' lang='lat' dir='ltr'><strong>ita</strong></span> <span class='ocrx_word' id='word_1_306' title='bbox 526 1851 590 1924; x_wconf 89' lang='lat' dir='ltr'><strong>lege</strong></span> <span class='ocrx_word' id='word_1_307' title='bbox 606 1866 612 1906; x_wconf 92' lang='lat'>:</span> <span class='ocrx_word' id='word_1_308' title='bbox 630 1851 698 1908; x_wconf 85' lang='lat' dir='ltr'><strong>Vere</strong></span> <span class='ocrx_word' id='word_1_309' title='bbox 712 1851 903 1910; x_wconf 82' lang='lat' dir='ltr'><strong>inexcusabilis</strong></span> <span class='ocrx_word' id='word_1_310' title='bbox 927 1868 967 1919; x_wconf 91' lang='lat' dir='ltr'><strong>es,</strong></span> <span class='ocrx_word' id='word_1_311' title='bbox 1055 1856 1094 1911; x_wconf 85' lang='lat' dir='ltr'><strong>Tu</strong></span> <span class='ocrx_word' id='word_1_312' title='bbox 1109 1854 1267 1912; x_wconf 72' lang='lat' dir='ltr'><strong>contemnis</strong></span> <span class='ocrx_word' id='word_1_313' title='bbox 1279 1851 1537 1908; x_wconf 81' lang='lat' dir='ltr'><strong>divitiosbonitatts</strong></span> <span class='ocrx_word' id='word_1_314' title='bbox 1551 1855 1620 1926; x_wconf 86' lang='lat' dir='ltr'><strong>ejus,</strong></span> <span class='ocrx_word' id='word_1_315' title='bbox 1630 1850 1732 1925; x_wconf 89' lang='lat' dir='ltr'><strong>[Orig.,</strong></span> <span class='ocrx_word' id='word_1_316' title='bbox 1752 1851 1818 1908; x_wconf 90' lang='lat' dir='ltr'><strong>llai-</strong></span> 
     </span>
     <span class='ocr_line' id='line_1_21' title="bbox 170 1938 1818 2017; baseline 0.002 -23"><span class='ocrx_word' id='word_1_317' title='bbox 170 1938 234 2011; x_wconf 91' lang='lat' dir='ltr'><strong>quia</strong></span> <span class='ocrx_word' id='word_1_318' title='bbox 249 1939 361 2006; x_wconf 88' lang='lat' dir='ltr'><strong>scimus,</strong></span> <span class='ocrx_word' id='word_1_319' title='bbox 377 1940 593 2014; x_wconf 83' lang='lat' dir='ltr'><strong>quiajadiciom</strong></span> <span class='ocrx_word' id='word_1_320' title='bbox 609 1939 659 1999; x_wconf 76' lang='lat' dir='ltr'><strong>net</strong></span> <span class='ocrx_word' id='word_1_321' title='bbox 670 1943 713 1996; x_wconf 87' lang='grc' dir='ltr'><strong>εει</strong></span> <span class='ocrx_word' id='word_1_322' title='bbox 728 1941 883 1997; x_wconf 80' lang='lat' dir='ltr'><strong>secundum</strong></span> <span class='ocrx_word' id='word_1_323' title='bbox 894 1942 969 1998; x_wconf 82' lang='grc' dir='ltr'><strong>εειι-</strong></span> <span class='ocrx_word' id='word_1_324' title='bbox 1019 1942 1075 2017; x_wconf 92' lang='lat' dir='ltr'><strong>mo]</strong></span> <span class='ocrx_word' id='word_1_325' title='bbox 1089 1942 1116 1998; x_wconf 92' lang='lat' dir='ltr'><strong>id</strong></span> <span class='ocrx_word' id='word_1_326' title='bbox 1131 1951 1172 1998; x_wconf 87' lang='lat' dir='ltr'><strong>est</strong></span> <span class='ocrx_word' id='word_1_327' title='bbox 1186 1941 1326 2015; x_wconf 89' lang='lat' dir='ltr'><strong>copiosam</strong></span> <span class='ocrx_word' id='word_1_328' title='bbox 1337 1941 1485 1997; x_wconf 91' lang='lat' dir='ltr'><strong>bonitatem</strong></span> <span class='ocrx_word' id='word_1_329' title='bbox 1500 1940 1568 2011; x_wconf 88' lang='lat' dir='ltr'><strong>ejus.</strong></span> <span class='ocrx_word' id='word_1_330' title='bbox 1581 1940 1700 2012; x_wconf 90' lang='lat' dir='ltr'><strong>Copiosa</strong></span> <span class='ocrx_word' id='word_1_331' title='bbox 1714 1950 1755 1998; x_wconf 86' lang='lat' dir='ltr'><strong>est</strong></span> <span class='ocrx_word' id='word_1_332' title='bbox 1765 1941 1818 1998; x_wconf 92' lang='lat' dir='ltr'><strong>bo-</strong></span> 
     </span>
     <span class='ocr_line' id='line_1_22' title="bbox 170 2027 1818 2104; baseline 0.001 -20"><span class='ocrx_word' id='word_1_333' title='bbox 170 2032 270 2096; x_wconf 82' lang='lat' dir='ltr'><strong>tatem,</strong></span> <span class='ocrx_word' id='word_1_334' title='bbox 286 2027 314 2084; x_wconf 93' lang='lat' dir='ltr'><strong>id</strong></span> <span class='ocrx_word' id='word_1_335' title='bbox 329 2035 371 2084; x_wconf 90' lang='lat' dir='ltr'><strong>est</strong></span> <span class='ocrx_word' id='word_1_336' title='bbox 386 2027 542 2101; x_wconf 67' lang='lat' dir='ltr'><strong>aequitatem</strong></span> <span class='ocrx_word' id='word_1_337' title='bbox 557 2029 607 2096; x_wconf 89' lang='lat' dir='ltr'><strong>rei,</strong></span> <span class='ocrx_word' id='word_1_338' title='bbox 624 2044 679 2084; x_wconf 91' lang='lat' dir='ltr'><strong>non</strong></span> <span class='ocrx_word' id='word_1_339' title='bbox 695 2029 845 2086; x_wconf 92' lang='lat' dir='ltr'><strong>secundum</strong></span> <span class='ocrx_word' id='word_1_340' title='bbox 869 2045 969 2100; x_wconf 85' lang='lat' dir='ltr'><strong>accep·</strong></span> <span class='ocrx_word' id='word_1_341' title='bbox 1019 2033 1089 2088; x_wconf 90' lang='lat' dir='ltr'><strong>nitas</strong></span> <span class='ocrx_word' id='word_1_342' title='bbox 1102 2032 1153 2087; x_wconf 90' lang='lat' dir='ltr'><strong>Dei</strong></span> <span class='ocrx_word' id='word_1_343' title='bbox 1168 2048 1229 2104; x_wconf 78' lang='lat' dir='ltr'><strong>qum</strong></span> <span class='ocrx_word' id='word_1_344' title='bbox 1244 2030 1335 2086; x_wconf 91' lang='lat' dir='ltr'><strong>multis</strong></span> <span class='ocrx_word' id='word_1_345' title='bbox 1358 2029 1536 2102; x_wconf 89' lang='lat' dir='ltr'><strong>peccantibus</strong></span> <span class='ocrx_word' id='word_1_346' title='bbox 1559 2030 1645 2086; x_wconf 88' lang='lat' dir='ltr'><strong>multa</strong></span> <span class='ocrx_word' id='word_1_347' title='bbox 1668 2030 1740 2086; x_wconf 91' lang='lat' dir='ltr'><strong>bona</strong></span> <span class='ocrx_word' id='word_1_348' title='bbox 1764 2031 1818 2086; x_wconf 92' lang='lat' dir='ltr'><strong>mi-</strong></span> 
     </span>
     <span class='ocr_line' id='line_1_23' title="bbox 167 2116 1816 2192; baseline 0.003 -21"><span class='ocrx_word' id='word_1_349' title='bbox 167 2116 269 2192; x_wconf 89' lang='lat' dir='ltr'><strong>tionem</strong></span> <span class='ocrx_word' id='word_1_350' title='bbox 284 2132 475 2188; x_wconf 89' lang='lat' dir='ltr'><strong>personarum,</strong></span> <span class='ocrx_word' id='word_1_351' title='bbox 493 2118 591 2188; x_wconf 83' lang='lat' dir='ltr'><strong>iocos,</strong></span> <span class='ocrx_word' id='word_1_352' title='bbox 606 2116 634 2172; x_wconf 92' lang='grc' dir='ltr'><strong>ιι</strong></span> <span class='ocrx_word' id='word_1_353' title='bbox 656 2125 696 2172; x_wconf 89' lang='grc' dir='ltr'><strong>εει</strong></span> <span class='ocrx_word' id='word_1_354' title='bbox 720 2125 814 2174; x_wconf 90' lang='lat' dir='ltr'><strong>contra</strong></span> <span class='ocrx_word' id='word_1_355' title='bbox 838 2134 896 2188; x_wconf 92' lang='lat' dir='ltr'><strong>eos,</strong></span> <span class='ocrx_word' id='word_1_356' title='bbox 921 2118 969 2190; x_wconf 83' lang='lat' dir='ltr'><strong>qai</strong></span> <span class='ocrx_word' id='word_1_357' title='bbox 1018 2121 1124 2187; x_wconf 91' lang='lat' dir='ltr'><strong>nistrat‚</strong></span> <span class='ocrx_word' id='word_1_358' title='bbox 1150 2119 1294 2175; x_wconf 87' lang='lat' dir='ltr'><strong>blandiens</strong></span> <span class='ocrx_word' id='word_1_359' title='bbox 1331 2127 1359 2174; x_wconf 92' lang='lat' dir='ltr'><strong>ut</strong></span> <span class='ocrx_word' id='word_1_360' title='bbox 1374 2119 1409 2174; x_wconf 92' lang='lat' dir='ltr'><strong>ad</strong></span> <span class='ocrx_word' id='word_1_361' title='bbox 1425 2118 1611 2191; x_wconf 90' lang='lat' dir='ltr'><strong>poenitentiam</strong></span> <span class='ocrx_word' id='word_1_362' title='bbox 1634 2120 1763 2176; x_wconf 86' lang='lat' dir='ltr'><strong>attrabat.</strong></span> <span class='ocrx_word' id='word_1_363' title='bbox 1780 2123 1816 2176; x_wconf 84' lang='lat' dir='ltr'><strong>Et</strong></span> 
     </span>
     <span class='ocr_line' id='line_1_24' title="bbox 168 2197 1819 2281; baseline 0.001 -19"><span class='ocrx_word' id='word_1_364' title='bbox 168 2207 240 2262; x_wconf 82' lang='lat' dir='ltr'><strong>talia</strong></span> <span class='ocrx_word' id='word_1_365' title='bbox 255 2210 353 2278; x_wconf 77' lang='lat' dir='ltr'><strong>agunt,</strong></span> <span class='ocrx_word' id='word_1_366' title='bbox 370 2206 429 2261; x_wconf 89' lang='lat' dir='ltr'><strong>sive</strong></span> <span class='ocrx_word' id='word_1_367' title='bbox 443 2205 540 2273; x_wconf 85' lang='lat' dir='ltr'><strong>tudaei,</strong></span> <span class='ocrx_word' id='word_1_368' title='bbox 557 2206 614 2261; x_wconf 87' lang='lat' dir='ltr'><strong>sive</strong></span> <span class='ocrx_word' id='word_1_369' title='bbox 629 2205 745 2279; x_wconf 77' lang='lat' dir='ltr'><strong>gentiles</strong></span> <span class='ocrx_word' id='word_1_370' title='bbox 760 2205 824 2275; x_wconf 89' lang='lat' dir='ltr'><strong>sint,</strong></span> <span class='ocrx_word' id='word_1_371' title='bbox 840 2206 868 2262; x_wconf 94' lang='lat' dir='ltr'><strong>id</strong></span> <span class='ocrx_word' id='word_1_372' title='bbox 883 2213 923 2262; x_wconf 91' lang='lat' dir='ltr'><strong>est</strong></span> <span class='ocrx_word' id='word_1_373' title='bbox 941 2205 970 2260; x_wconf 88' lang='lat' dir='ltr'><strong>in</strong></span> <span class='ocrx_word' id='word_1_374' title='bbox 1020 2209 1172 2266; x_wconf 89' lang='lat' dir='ltr'><strong>contemnis</strong></span> <span class='ocrx_word' id='word_1_375' title='bbox 1185 2207 1291 2265; x_wconf 90' lang='lat' dir='ltr'><strong>divitias</strong></span> <span class='ocrx_word' id='word_1_376' title='bbox 1300 2208 1458 2281; x_wconf 73' lang='lat' dir='ltr'><strong>patientioe,</strong></span> <span class='ocrx_word' id='word_1_377' title='bbox 1472 2197 1498 2262; x_wconf 92' lang='lat' dir='ltr'><strong>id</strong></span> <span class='ocrx_word' id='word_1_378' title='bbox 1514 2217 1555 2263; x_wconf 91' lang='lat' dir='ltr'><strong>est</strong></span> <span class='ocrx_word' id='word_1_379' title='bbox 1564 2207 1704 2280; x_wconf 88' lang='lat' dir='ltr'><strong>copiosam</strong></span> <span class='ocrx_word' id='word_1_380' title='bbox 1714 2208 1819 2280; x_wconf 88' lang='lat' dir='ltr'><strong>patien-</strong></span> 
     </span>
     <span class='ocr_line' id='line_1_25' title="bbox 168 2293 1818 2368; baseline -0.001 -17"><span class='ocrx_word' id='word_1_381' title='bbox 168 2310 216 2352; x_wconf 89' lang='lat' dir='ltr'><strong>eos</strong></span> <span class='ocrx_word' id='word_1_382' title='bbox 230 2294 336 2368; x_wconf 83' lang='lat' dir='ltr'><strong>quiilla</strong></span> <span class='ocrx_word' id='word_1_383' title='bbox 351 2293 452 2350; x_wconf 84' lang='lat' dir='ltr'><strong>iaciunt</strong></span> <span class='ocrx_word' id='word_1_384' title='bbox 467 2293 567 2367; x_wconf 83' lang='lat' dir='ltr'><strong>quaein</strong></span> <span class='ocrx_word' id='word_1_385' title='bbox 582 2293 643 2350; x_wconf 87' lang='lat' dir='ltr'><strong>aliis</strong></span> <span class='ocrx_word' id='word_1_386' title='bbox 657 2293 970 2366; x_wconf 76' lang='lat' dir='ltr'><strong>reprehenduntflomi·</strong></span> <span class='ocrx_word' id='word_1_387' title='bbox 1020 2295 1086 2350; x_wconf 88' lang='lat' dir='ltr'><strong>tiam</strong></span> <span class='ocrx_word' id='word_1_388' title='bbox 1102 2293 1161 2360; x_wconf 90' lang='lat' dir='ltr'><strong>Dei,</strong></span> <span class='ocrx_word' id='word_1_389' title='bbox 1179 2311 1238 2367; x_wconf 82' lang='lat' dir='ltr'><strong>quaa</strong></span> <span class='ocrx_word' id='word_1_390' title='bbox 1253 2300 1291 2349; x_wconf 89' lang='lat' dir='ltr'><strong>tot</strong></span> <span class='ocrx_word' id='word_1_391' title='bbox 1306 2299 1332 2349; x_wconf 93' lang='lat' dir='ltr'><strong>et</strong></span> <span class='ocrx_word' id='word_1_392' title='bbox 1347 2299 1421 2353; x_wconf 86' lang='lat' dir='ltr'><strong>tanta</strong></span> <span class='ocrx_word' id='word_1_393' title='bbox 1440 2301 1583 2364; x_wconf 88' lang='lat' dir='ltr'><strong>peccantes</strong></span> <span class='ocrx_word' id='word_1_394' title='bbox 1612 2293 1736 2359; x_wconf 87' lang='lat' dir='ltr'><strong>sustinet,</strong></span> <span class='ocrx_word' id='word_1_395' title='bbox 1766 2309 1818 2350; x_wconf 91' lang='lat' dir='ltr'><strong>nec</strong></span> 
     </span>
     <span class='ocr_line' id='line_1_26' title="bbox 168 2380 1819 2454; baseline -0.002 -14"><span class='ocrx_word' id='word_1_396' title='bbox 168 2399 220 2440; x_wconf 90' lang='lat' dir='ltr'><strong>nes</strong></span> <span class='ocrx_word' id='word_1_397' title='bbox 232 2383 260 2438; x_wconf 93' lang='lat' dir='ltr'><strong>in</strong></span> <span class='ocrx_word' id='word_1_398' title='bbox 271 2383 374 2452; x_wconf 74' lang='lat' dir='ltr'><strong>iudicio</strong></span> <span class='ocrx_word' id='word_1_399' title='bbox 389 2383 529 2438; x_wconf 91' lang='lat' dir='ltr'><strong>attendunt</strong></span> <span class='ocrx_word' id='word_1_400' title='bbox 542 2399 675 2454; x_wconf 88' lang='lat' dir='ltr'><strong>personas</strong></span> <span class='ocrx_word' id='word_1_401' title='bbox 689 2383 840 2453; x_wconf 88' lang='lat' dir='ltr'><strong>potentium</strong></span> <span class='ocrx_word' id='word_1_402' title='bbox 855 2381 969 2439; x_wconf 91' lang='lat' dir='ltr'><strong>divitum</strong></span> <span class='ocrx_word' id='word_1_403' title='bbox 1020 2384 1074 2442; x_wconf 90' lang='lat' dir='ltr'><strong>cito</strong></span> <span class='ocrx_word' id='word_1_404' title='bbox 1088 2399 1137 2440; x_wconf 91' lang='lat' dir='ltr'><strong>eos</strong></span> <span class='ocrx_word' id='word_1_405' title='bbox 1150 2383 1237 2454; x_wconf 91' lang='lat' dir='ltr'><strong>punit.</strong></span> <span class='ocrx_word' id='word_1_406' title='bbox 1254 2381 1360 2446; x_wconf 82' lang='lat' dir='ltr'><strong>Subdit,</strong></span> <span class='ocrx_word' id='word_1_407' title='bbox 1372 2386 1401 2438; x_wconf 91' lang='grc' dir='ltr'><strong>ει</strong></span> <span class='ocrx_word' id='word_1_408' title='bbox 1410 2381 1561 2438; x_wconf 87' lang='lat' dir='ltr'><strong>contemnis</strong></span> <span class='ocrx_word' id='word_1_409' title='bbox 1575 2380 1693 2449; x_wconf 83' lang='lat' dir='ltr'><strong>divitias,</strong></span> <span class='ocrx_word' id='word_1_410' title='bbox 1720 2383 1819 2454; x_wconf 82' lang='lat' dir='ltr'><strong>tenpo-</strong></span> 
     </span>
     <span class='ocr_line' id='line_1_27' title="bbox 170 2469 1820 2545; baseline -0.002 -17"><span class='ocrx_word' id='word_1_411' title='bbox 170 2471 648 2544; x_wconf 86' lang='lat' dir='ltr'><strong>propinquorum,sedDaijudicium</strong></span> <span class='ocrx_word' id='word_1_412' title='bbox 657 2471 971 2544; x_wconf 84' lang='lat' dir='ltr'><strong>inhocverumest,quia</strong></span> <span class='ocrx_word' id='word_1_413' title='bbox 1020 2473 1167 2530; x_wconf 80' lang='lat' dir='ltr'><strong>almitatis</strong></span> <span class='ocrx_word' id='word_1_414' title='bbox 1177 2471 1244 2542; x_wconf 83' lang='lat' dir='ltr'><strong>ejus,</strong></span> <span class='ocrx_word' id='word_1_415' title='bbox 1257 2471 1396 2545; x_wconf 79' lang='lat' dir='ltr'><strong>[August.‚</strong></span> <span class='ocrx_word' id='word_1_416' title='bbox 1413 2469 1504 2544; x_wconf 90' lang='lat' dir='ltr'><strong>Orig.]</strong></span> <span class='ocrx_word' id='word_1_417' title='bbox 1519 2471 1546 2526; x_wconf 89' lang='lat' dir='ltr'><strong>id</strong></span> <span class='ocrx_word' id='word_1_418' title='bbox 1557 2477 1598 2525; x_wconf 90' lang='grc' dir='ltr'><strong>εει</strong></span> <span class='ocrx_word' id='word_1_419' title='bbox 1609 2470 1748 2542; x_wconf 92' lang='lat' dir='ltr'><strong>copiosam</strong></span> <span class='ocrx_word' id='word_1_420' title='bbox 1759 2469 1820 2527; x_wconf 92' lang='lat' dir='ltr'><strong>lon·</strong></span> 
     </span>
     <span class='ocr_line' id='line_1_28' title="bbox 168 2559 1817 2636; baseline -0.002 -18"><span class='ocrx_word' id='word_1_421' title='bbox 168 2560 215 2634; x_wconf 77' lang='lat' dir='ltr'><strong>quai</strong></span> <span class='ocrx_word' id='word_1_422' title='bbox 226 2576 309 2618; x_wconf 85' lang='lat' dir='ltr'><strong>verax</strong></span> <span class='ocrx_word' id='word_1_423' title='bbox 322 2567 364 2616; x_wconf 91' lang='grc' dir='ltr'><strong>εει</strong></span> <span class='ocrx_word' id='word_1_424' title='bbox 379 2576 435 2616; x_wconf 93' lang='lat' dir='ltr'><strong>non</strong></span> <span class='ocrx_word' id='word_1_425' title='bbox 449 2560 562 2616; x_wconf 87' lang='lat' dir='ltr'><strong>attendit</strong></span> <span class='ocrx_word' id='word_1_426' title='bbox 589 2575 744 2631; x_wconf 84' lang='lat' dir='ltr'><strong>personam,</strong></span> <span class='ocrx_word' id='word_1_427' title='bbox 757 2560 807 2616; x_wconf 91' lang='lat' dir='ltr'><strong>sed</strong></span> <span class='ocrx_word' id='word_1_428' title='bbox 813 2559 876 2617; x_wconf 85' lang='lat' dir='ltr'><strong>vitae</strong></span> <span class='ocrx_word' id='word_1_429' title='bbox 884 2560 970 2616; x_wconf 91' lang='lat' dir='ltr'><strong>meri·</strong></span> <span class='ocrx_word' id='word_1_430' title='bbox 1021 2562 1209 2636; x_wconf 91' lang='lat' dir='ltr'><strong>ganimitatem</strong></span> <span class='ocrx_word' id='word_1_431' title='bbox 1224 2560 1283 2628; x_wconf 85' lang='lat' dir='ltr'><strong>Dei,</strong></span> <span class='ocrx_word' id='word_1_432' title='bbox 1300 2576 1361 2632; x_wconf 79' lang='lat' dir='ltr'><strong>quae</strong></span> <span class='ocrx_word' id='word_1_433' title='bbox 1376 2576 1429 2616; x_wconf 93' lang='lat' dir='ltr'><strong>non</strong></span> <span class='ocrx_word' id='word_1_434' title='bbox 1444 2560 1479 2614; x_wconf 92' lang='lat' dir='ltr'><strong>ad</strong></span> <span class='ocrx_word' id='word_1_435' title='bbox 1492 2561 1588 2614; x_wconf 90' lang='lat' dir='ltr'><strong>boram</strong></span> <span class='ocrx_word' id='word_1_436' title='bbox 1604 2565 1656 2627; x_wconf 89' lang='lat' dir='ltr'><strong>est,</strong></span> <span class='ocrx_word' id='word_1_437' title='bbox 1668 2559 1717 2614; x_wconf 91' lang='grc' dir='ltr'><strong>εει</strong></span> <span class='ocrx_word' id='word_1_438' title='bbox 1725 2559 1817 2634; x_wconf 90' lang='lat' dir='ltr'><strong>longa,</strong></span> 
     </span>
     <span class='ocr_line' id='line_1_29' title="bbox 133 2646 1819 2723; baseline -0.001 -17"><span class='ocrx_word' id='word_1_439' title='bbox 133 2685 137 2696; x_wconf 86' lang='lat'>·</span> <span class='ocrx_word' id='word_1_440' title='bbox 170 2657 237 2706; x_wconf 89' lang='lat' dir='ltr'><strong>tum.</strong></span> <span class='ocrx_word' id='word_1_441' title='bbox 254 2648 341 2722; x_wconf 78' lang='lat' dir='ltr'><strong>[toan.</strong></span> <span class='ocrx_word' id='word_1_442' title='bbox 358 2646 450 2721; x_wconf 76' lang='lat' dir='ltr'><strong>llam]</strong></span> <span class='ocrx_word' id='word_1_443' title='bbox 467 2650 622 2706; x_wconf 87' lang='lat' dir='ltr'><strong>Humanum</strong></span> <span class='ocrx_word' id='word_1_444' title='bbox 640 2649 880 2723; x_wconf 87' lang='lat' dir='ltr'><strong>quippejudicium</strong></span> <span class='ocrx_word' id='word_1_445' title='bbox 901 2650 971 2705; x_wconf 91' lang='lat' dir='ltr'><strong>mul·</strong></span> <span class='ocrx_word' id='word_1_446' title='bbox 1021 2660 1105 2722; x_wconf 90' lang='lat' dir='ltr'><strong>etper</strong></span> <span class='ocrx_word' id='word_1_447' title='bbox 1119 2650 1204 2706; x_wconf 91' lang='lat' dir='ltr'><strong>multa</strong></span> <span class='ocrx_word' id='word_1_448' title='bbox 1218 2647 1819 2721; x_wconf 86' lang='lat' dir='ltr'><strong>exspectanstempora.HancexhibetDeus,</strong></span> 
     </span>
     <span class='ocr_line' id='line_1_30' title="bbox 166 2735 1818 2811; baseline -0.001 -18"><span class='ocrx_word' id='word_1_449' title='bbox 166 2738 201 2796; x_wconf 90' lang='grc' dir='ltr'><strong>ιιε</strong></span> <span class='ocrx_word' id='word_1_450' title='bbox 215 2738 304 2794; x_wconf 90' lang='lat' dir='ltr'><strong>modis</strong></span> <span class='ocrx_word' id='word_1_451' title='bbox 318 2738 512 2810; x_wconf 87' lang='lat' dir='ltr'><strong>corrumpitur,</strong></span> <span class='ocrx_word' id='word_1_452' title='bbox 534 2754 636 2806; x_wconf 91' lang='lat' dir='ltr'><strong>amore,</strong></span> <span class='ocrx_word' id='word_1_453' title='bbox 663 2737 735 2804; x_wconf 90' lang='lat' dir='ltr'><strong>odio,</strong></span> <span class='ocrx_word' id='word_1_454' title='bbox 761 2738 869 2794; x_wconf 91' lang='lat' dir='ltr'><strong>timore.</strong></span> <span class='ocrx_word' id='word_1_455' title='bbox 892 2738 971 2809; x_wconf 84' lang='lat' dir='ltr'><strong>Saepe</strong></span> <span class='ocrx_word' id='word_1_456' title='bbox 1020 2738 1084 2811; x_wconf 90' lang='lat' dir='ltr'><strong>quia</strong></span> <span class='ocrx_word' id='word_1_457' title='bbox 1100 2739 1180 2795; x_wconf 92' lang='lat' dir='ltr'><strong>modo</strong></span> <span class='ocrx_word' id='word_1_458' title='bbox 1196 2745 1305 2810; x_wconf 91' lang='lat' dir='ltr'><strong>tempus</strong></span> <span class='ocrx_word' id='word_1_459' title='bbox 1320 2746 1362 2792; x_wconf 92' lang='lat' dir='ltr'><strong>est</strong></span> <span class='ocrx_word' id='word_1_460' title='bbox 1378 2736 1581 2793; x_wconf 76' lang='lat' dir='ltr'><strong>misericordiae.</strong></span> <span class='ocrx_word' id='word_1_461' title='bbox 1598 2737 1640 2804; x_wconf 86' lang='lat' dir='ltr'><strong>Et,</strong></span> <span class='ocrx_word' id='word_1_462' title='bbox 1660 2753 1695 2792; x_wconf 90' lang='lat' dir='ltr'><strong>an</strong></span> <span class='ocrx_word' id='word_1_463' title='bbox 1707 2737 1760 2794; x_wconf 87' lang='lat' dir='ltr'><strong>boc</strong></span> <span class='ocrx_word' id='word_1_464' title='bbox 1774 2735 1818 2792; x_wconf 90' lang='lat' dir='ltr'><strong>la-</strong></span> 
     </span>
     <span class='ocr_line' id='line_1_31' title="bbox 163 2823 1818 2900; baseline -0.001 -17"><span class='ocrx_word' id='word_1_465' title='bbox 163 2827 295 2897; x_wconf 88' lang='lat' dir='ltr'><strong>judicium</strong></span> <span class='ocrx_word' id='word_1_466' title='bbox 310 2827 468 2900; x_wconf 87' lang='lat' dir='ltr'><strong>integritate</strong></span> <span class='ocrx_word' id='word_1_467' title='bbox 489 2827 616 2895; x_wconf 83' lang='lat' dir='ltr'><strong>violatur,</strong></span> <span class='ocrx_word' id='word_1_468' title='bbox 638 2834 665 2882; x_wconf 92' lang='grc' dir='ltr'><strong>ει</strong></span> <span class='ocrx_word' id='word_1_469' title='bbox 678 2835 775 2884; x_wconf 89' lang='lat' dir='ltr'><strong>contra</strong></span> <span class='ocrx_word' id='word_1_470' title='bbox 786 2827 895 2897; x_wconf 82' lang='lat' dir='ltr'><strong>justitiae</strong></span> <span class='ocrx_word' id='word_1_471' title='bbox 923 2842 970 2882; x_wconf 93' lang='lat' dir='ltr'><strong>re·</strong></span> <span class='ocrx_word' id='word_1_472' title='bbox 1021 2827 1084 2884; x_wconf 85' lang='lat' dir='ltr'><strong>cis?</strong></span> <span class='ocrx_word' id='word_1_473' title='bbox 1099 2825 1184 2896; x_wconf 89' lang='lat' dir='ltr'><strong>Quasi</strong></span> <span class='ocrx_word' id='word_1_474' title='bbox 1199 2825 1271 2883; x_wconf 87' lang='lat' dir='ltr'><strong>dicat</strong></span> <span class='ocrx_word' id='word_1_475' title='bbox 1288 2842 1294 2881; x_wconf 93' lang='lat'>:</span> <span class='ocrx_word' id='word_1_476' title='bbox 1310 2823 1424 2881; x_wconf 89' lang='lat' dir='ltr'><strong>lliruml</strong></span> <span class='ocrx_word' id='word_1_477' title='bbox 1447 2825 1562 2882; x_wconf 81' lang='lat' dir='ltr'><strong>Videtur</strong></span> <span class='ocrx_word' id='word_1_478' title='bbox 1586 2834 1676 2882; x_wconf 85' lang='lat' dir='ltr'><strong>autem</strong></span> <span class='ocrx_word' id='word_1_479' title='bbox 1692 2825 1818 2900; x_wconf 89' lang='lat' dir='ltr'><strong>longani-</strong></span> 
     </span>
     <span class='ocr_line' id='line_1_32' title="bbox 166 2913 1820 2990; baseline 0 -20"><span class='ocrx_word' id='word_1_480' title='bbox 166 2915 259 2990; x_wconf 84' lang='lat' dir='ltr'><strong>gulam</strong></span> <span class='ocrx_word' id='word_1_481' title='bbox 275 2915 410 2972; x_wconf 89' lang='lat' dir='ltr'><strong>interdum</strong></span> <span class='ocrx_word' id='word_1_482' title='bbox 423 2915 613 2972; x_wconf 86' lang='lat' dir='ltr'><strong>misericordia</strong></span> <span class='ocrx_word' id='word_1_483' title='bbox 632 2914 790 2972; x_wconf 89' lang='lat' dir='ltr'><strong>inclinatur.</strong></span> <span class='ocrx_word' id='word_1_484' title='bbox 818 2915 969 2988; x_wconf 68' lang='lat' dir='ltr'><strong>lambros,</strong></span> <span class='ocrx_word' id='word_1_485' title='bbox 1022 2915 1110 2982; x_wconf 82' lang='lat' dir='ltr'><strong>milas,</strong></span> <span class='ocrx_word' id='word_1_486' title='bbox 1135 2932 1196 2988; x_wconf 84' lang='lat' dir='ltr'><strong>quae</strong></span> <span class='ocrx_word' id='word_1_487' title='bbox 1226 2915 1291 2970; x_wconf 92' lang='lat' dir='ltr'><strong>alibi</strong></span> <span class='ocrx_word' id='word_1_488' title='bbox 1319 2915 1480 2982; x_wconf 80' lang='lat' dir='ltr'><strong>sustentatio</strong></span> <span class='ocrx_word' id='word_1_489' title='bbox 1511 2913 1618 2982; x_wconf 90' lang='lat' dir='ltr'><strong>dicitur,</strong></span> <span class='ocrx_word' id='word_1_490' title='bbox 1648 2931 1663 2970; x_wconf 92' lang='lat' dir='ltr'><strong>a</strong></span> <span class='ocrx_word' id='word_1_491' title='bbox 1691 2915 1820 2987; x_wconf 90' lang='lat' dir='ltr'><strong>patientia</strong></span> 
     </span>
     <span class='ocr_line' id='line_1_33' title="bbox 169 3001 1818 3078; baseline -0.003 -14"><span class='ocrx_word' id='word_1_492' title='bbox 169 3003 261 3078; x_wconf 77' lang='lat' dir='ltr'><strong>Orig]</strong></span> <span class='ocrx_word' id='word_1_493' title='bbox 274 3004 411 3061; x_wconf 75' lang='lat' dir='ltr'><strong>iudicium</strong></span> <span class='ocrx_word' id='word_1_494' title='bbox 425 3019 490 3060; x_wconf 86' lang='lat' dir='ltr'><strong>vero</strong></span> <span class='ocrx_word' id='word_1_495' title='bbox 515 3004 567 3061; x_wconf 86' lang='lat' dir='ltr'><strong>Dei</strong></span> <span class='ocrx_word' id='word_1_496' title='bbox 586 3011 627 3060; x_wconf 92' lang='lat' dir='ltr'><strong>est</strong></span> <span class='ocrx_word' id='word_1_497' title='bbox 651 3003 803 3060; x_wconf 90' lang='lat' dir='ltr'><strong>secundum</strong></span> <span class='ocrx_word' id='word_1_498' title='bbox 818 3003 969 3073; x_wconf 82' lang='lat' dir='ltr'><strong>veritatem,</strong></span> <span class='ocrx_word' id='word_1_499' title='bbox 1022 3003 1215 3075; x_wconf 89' lang='lat' dir='ltr'><strong>differre,quia</strong></span> <span class='ocrx_word' id='word_1_500' title='bbox 1236 3003 1281 3076; x_wconf 86' lang='lat' dir='ltr'><strong>qui</strong></span> <span class='ocrx_word' id='word_1_501' title='bbox 1296 3001 1450 3059; x_wconf 83' lang='lat' dir='ltr'><strong>infirmitate</strong></span> <span class='ocrx_word' id='word_1_502' title='bbox 1470 3003 1557 3076; x_wconf 92' lang='lat' dir='ltr'><strong>magis</strong></span> <span class='ocrx_word' id='word_1_503' title='bbox 1576 3020 1656 3075; x_wconf 92' lang='lat' dir='ltr'><strong>quam</strong></span> <span class='ocrx_word' id='word_1_504' title='bbox 1677 3005 1818 3076; x_wconf 88' lang='lat' dir='ltr'><strong>proposito</strong></span> 
     </span>
     <span class='ocr_line' id='line_1_34' title="bbox 170 3090 1818 3168; baseline -0.001 -19"><span class='ocrx_word' id='word_1_505' title='bbox 170 3093 236 3168; x_wconf 88' lang='lat' dir='ltr'><strong>quia</strong></span> <span class='ocrx_word' id='word_1_506' title='bbox 261 3093 407 3166; x_wconf 91' lang='lat' dir='ltr'><strong>unicuique</strong></span> <span class='ocrx_word' id='word_1_507' title='bbox 425 3094 522 3150; x_wconf 85' lang='lat' dir='ltr'><strong>reddet</strong></span> <span class='ocrx_word' id='word_1_508' title='bbox 550 3093 701 3150; x_wconf 89' lang='lat' dir='ltr'><strong>secundum</strong></span> <span class='ocrx_word' id='word_1_509' title='bbox 728 3107 884 3148; x_wconf 87' lang='lat' dir='ltr'><strong>mensuram</strong></span> <span class='ocrx_word' id='word_1_510' title='bbox 907 3090 971 3146; x_wconf 91' lang='lat' dir='ltr'><strong>boni</strong></span> <span class='ocrx_word' id='word_1_511' title='bbox 1020 3091 1190 3165; x_wconf 88' lang='lat' dir='ltr'><strong>delinquunt,</strong></span> <span class='ocrx_word' id='word_1_512' title='bbox 1204 3091 1349 3147; x_wconf 89' lang='lat' dir='ltr'><strong>sustentari</strong></span> <span class='ocrx_word' id='word_1_513' title='bbox 1363 3108 1413 3163; x_wconf 90' lang='lat' dir='ltr'><strong>per</strong></span> <span class='ocrx_word' id='word_1_514' title='bbox 1428 3091 1661 3164; x_wconf 87' lang='lat' dir='ltr'><strong>longanimitatem</strong></span> <span class='ocrx_word' id='word_1_515' title='bbox 1674 3091 1818 3148; x_wconf 89' lang='lat' dir='ltr'><strong>dicuntur:</strong></span> 
     </span>
     <span class='ocr_line' id='line_1_35' title="bbox 167 3179 1817 3255; baseline -0.002 -17"><span class='ocrx_word' id='word_1_516' title='bbox 167 3182 212 3238; x_wconf 88' lang='lat' dir='ltr'><strong>vel</strong></span> <span class='ocrx_word' id='word_1_517' title='bbox 226 3181 299 3238; x_wconf 90' lang='lat' dir='ltr'><strong>mali.</strong></span> <span class='ocrx_word' id='word_1_518' title='bbox 327 3181 433 3238; x_wconf 87' lang='lat' dir='ltr'><strong>Veritas</strong></span> <span class='ocrx_word' id='word_1_519' title='bbox 454 3182 554 3255; x_wconf 91' lang='lat' dir='ltr'><strong>quippe</strong></span> <span class='ocrx_word' id='word_1_520' title='bbox 573 3181 669 3252; x_wconf 88' lang='lat' dir='ltr'><strong>judicii</strong></span> <span class='ocrx_word' id='word_1_521' title='bbox 705 3181 757 3237; x_wconf 92' lang='lat' dir='ltr'><strong>boc</strong></span> <span class='ocrx_word' id='word_1_522' title='bbox 784 3181 911 3253; x_wconf 89' lang='lat' dir='ltr'><strong>postulat,</strong></span> <span class='ocrx_word' id='word_1_523' title='bbox 941 3187 971 3234; x_wconf 89' lang='lat' dir='ltr'><strong>ut</strong></span> <span class='ocrx_word' id='word_1_524' title='bbox 1022 3181 1067 3254; x_wconf 89' lang='lat' dir='ltr'><strong>qui</strong></span> <span class='ocrx_word' id='word_1_525' title='bbox 1082 3197 1150 3238; x_wconf 86' lang='lat' dir='ltr'><strong>vero</strong></span> <span class='ocrx_word' id='word_1_526' title='bbox 1161 3180 1293 3254; x_wconf 90' lang='lat' dir='ltr'><strong>pertinaci</strong></span> <span class='ocrx_word' id='word_1_527' title='bbox 1307 3190 1398 3236; x_wconf 93' lang='lat' dir='ltr'><strong>mente</strong></span> <span class='ocrx_word' id='word_1_528' title='bbox 1414 3180 1547 3236; x_wconf 84' lang='lat' dir='ltr'><strong>exsultant</strong></span> <span class='ocrx_word' id='word_1_529' title='bbox 1569 3179 1597 3234; x_wconf 94' lang='lat' dir='ltr'><strong>in</strong></span> <span class='ocrx_word' id='word_1_530' title='bbox 1620 3179 1728 3236; x_wconf 90' lang='lat' dir='ltr'><strong>delictis</strong></span> <span class='ocrx_word' id='word_1_531' title='bbox 1751 3181 1817 3252; x_wconf 89' lang='lat' dir='ltr'><strong>suis,</strong></span> 
     </span>
     <span class='ocr_line' id='line_1_36' title="bbox 165 3268 1819 3344; baseline -0.001 -16"><span class='ocrx_word' id='word_1_532' title='bbox 165 3271 255 3328; x_wconf 87' lang='lat' dir='ltr'><strong>malus</strong></span> <span class='ocrx_word' id='word_1_533' title='bbox 269 3271 350 3338; x_wconf 89' lang='lat' dir='ltr'><strong>mala,</strong></span> <span class='ocrx_word' id='word_1_534' title='bbox 367 3271 454 3326; x_wconf 92' lang='lat' dir='ltr'><strong>bonus</strong></span> <span class='ocrx_word' id='word_1_535' title='bbox 471 3271 583 3344; x_wconf 89' lang='lat' dir='ltr'><strong>recipiat</strong></span> <span class='ocrx_word' id='word_1_536' title='bbox 599 3271 683 3327; x_wconf 90' lang='lat' dir='ltr'><strong>bona.</strong></span> <span class='ocrx_word' id='word_1_537' title='bbox 702 3269 756 3326; x_wconf 88' lang='lat' dir='ltr'><strong>Sed</strong></span> <span class='ocrx_word' id='word_1_538' title='bbox 777 3269 844 3326; x_wconf 92' lang='lat' dir='ltr'><strong>illud</strong></span> <span class='ocrx_word' id='word_1_539' title='bbox 867 3269 896 3324; x_wconf 94' lang='lat' dir='ltr'><strong>in</strong></span> <span class='ocrx_word' id='word_1_540' title='bbox 919 3269 971 3326; x_wconf 88' lang='lat' dir='ltr'><strong>boo</strong></span> <span class='ocrx_word' id='word_1_541' title='bbox 1022 3270 1085 3327; x_wconf 85' lang='lat' dir='ltr'><strong>terri</strong></span> <span class='ocrx_word' id='word_1_542' title='bbox 1101 3270 1236 3342; x_wconf 91' lang='lat' dir='ltr'><strong>patienter</strong></span> <span class='ocrx_word' id='word_1_543' title='bbox 1250 3269 1359 3327; x_wconf 91' lang='lat' dir='ltr'><strong>dicendi</strong></span> <span class='ocrx_word' id='word_1_544' title='bbox 1374 3277 1445 3325; x_wconf 90' lang='lat' dir='ltr'><strong>sunt.</strong></span> <span class='ocrx_word' id='word_1_545' title='bbox 1462 3268 1581 3343; x_wconf 78' lang='lat' dir='ltr'><strong>[llaimol</strong></span> <span class='ocrx_word' id='word_1_546' title='bbox 1595 3269 1726 3325; x_wconf 86' lang='lat' dir='ltr'><strong>Patientia</strong></span> <span class='ocrx_word' id='word_1_547' title='bbox 1751 3287 1819 3343; x_wconf 88' lang='lat' dir='ltr'><strong>ergo</strong></span> 
     </span>
     <span class='ocr_line' id='line_1_37' title="bbox 165 3359 1820 3433; baseline -0.001 -17"><span class='ocrx_word' id='word_1_548' title='bbox 165 3361 228 3420; x_wconf 86' lang='lat' dir='ltr'><strong>laco</strong></span> <span class='ocrx_word' id='word_1_549' title='bbox 242 3360 349 3417; x_wconf 88' lang='lat' dir='ltr'><strong>videtur</strong></span> <span class='ocrx_word' id='word_1_550' title='bbox 363 3361 481 3427; x_wconf 89' lang='lat' dir='ltr'><strong>ostendi,</strong></span> <span class='ocrx_word' id='word_1_551' title='bbox 499 3361 573 3432; x_wconf 89' lang='lat' dir='ltr'><strong>quod</strong></span> <span class='ocrx_word' id='word_1_552' title='bbox 588 3360 673 3416; x_wconf 91' lang='lat' dir='ltr'><strong>solius</strong></span> <span class='ocrx_word' id='word_1_553' title='bbox 687 3359 736 3415; x_wconf 87' lang='lat' dir='ltr'><strong>Dei</strong></span> <span class='ocrx_word' id='word_1_554' title='bbox 763 3359 798 3415; x_wconf 92' lang='lat' dir='ltr'><strong>sit</strong></span> <span class='ocrx_word' id='word_1_555' title='bbox 820 3359 971 3416; x_wconf 90' lang='lat' dir='ltr'><strong>secundum</strong></span> <span class='ocrx_word' id='word_1_556' title='bbox 1021 3368 1062 3416; x_wconf 92' lang='grc' dir='ltr'><strong>εει</strong></span> <span class='ocrx_word' id='word_1_557' title='bbox 1077 3376 1130 3433; x_wconf 88' lang='lat' dir='ltr'><strong>qua</strong></span> <span class='ocrx_word' id='word_1_558' title='bbox 1146 3377 1194 3432; x_wconf 90' lang='lat' dir='ltr'><strong>per</strong></span> <span class='ocrx_word' id='word_1_559' title='bbox 1210 3359 1549 3432; x_wconf 89' lang='lat' dir='ltr'><strong>superbiam,etpertinaci</strong></span> <span class='ocrx_word' id='word_1_560' title='bbox 1559 3368 1650 3415; x_wconf 92' lang='lat' dir='ltr'><strong>mente</strong></span> <span class='ocrx_word' id='word_1_561' title='bbox 1673 3367 1820 3431; x_wconf 88' lang='lat' dir='ltr'><strong>peccantes</strong></span> 
     </span>
     <span class='ocr_line' id='line_1_38' title="bbox 166 3447 1819 3522; baseline -0.001 -16"><span class='ocrx_word' id='word_1_562' title='bbox 166 3450 307 3506; x_wconf 80' lang='lat' dir='ltr'><strong>ueritatem</strong></span> <span class='ocrx_word' id='word_1_563' title='bbox 319 3449 461 3520; x_wconf 87' lang='lat' dir='ltr'><strong>judicium,</strong></span> <span class='ocrx_word' id='word_1_564' title='bbox 479 3449 542 3521; x_wconf 90' lang='lat' dir='ltr'><strong>quia</strong></span> <span class='ocrx_word' id='word_1_565' title='bbox 557 3449 642 3506; x_wconf 89' lang='lat' dir='ltr'><strong>corda</strong></span> <span class='ocrx_word' id='word_1_566' title='bbox 656 3448 795 3504; x_wconf 92' lang='lat' dir='ltr'><strong>bominum</strong></span> <span class='ocrx_word' id='word_1_567' title='bbox 814 3463 897 3504; x_wconf 90' lang='lat' dir='ltr'><strong>nosse</strong></span> <span class='ocrx_word' id='word_1_568' title='bbox 920 3463 968 3502; x_wconf 89' lang='lat' dir='ltr'><strong>so·</strong></span> <span class='ocrx_word' id='word_1_569' title='bbox 1020 3465 1074 3505; x_wconf 91' lang='lat' dir='ltr'><strong>non</strong></span> <span class='ocrx_word' id='word_1_570' title='bbox 1089 3449 1178 3504; x_wconf 92' lang='lat' dir='ltr'><strong>statim</strong></span> <span class='ocrx_word' id='word_1_571' title='bbox 1193 3449 1280 3522; x_wconf 91' lang='lat' dir='ltr'><strong>punit.</strong></span> <span class='ocrx_word' id='word_1_572' title='bbox 1297 3447 1501 3520; x_wconf 89' lang='lat' dir='ltr'><strong>Longanimitas</strong></span> <span class='ocrx_word' id='word_1_573' title='bbox 1516 3454 1557 3504; x_wconf 90' lang='lat' dir='ltr'><strong>est</strong></span> <span class='ocrx_word' id='word_1_574' title='bbox 1572 3464 1627 3521; x_wconf 91' lang='lat' dir='ltr'><strong>qua</strong></span> <span class='ocrx_word' id='word_1_575' title='bbox 1640 3447 1819 3522; x_wconf 87' lang='lat' dir='ltr'><strong>perinfirmi-</strong></span> 
     </span>
     <span class='ocr_line' id='line_1_39' title="bbox 166 3535 1820 3611; baseline 0 -17"><span class='ocrx_word' id='word_1_576' title='bbox 166 3538 222 3594; x_wconf 90' lang='lat' dir='ltr'><strong>lius</strong></span> <span class='ocrx_word' id='word_1_577' title='bbox 233 3539 282 3594; x_wconf 85' lang='lat' dir='ltr'><strong>bei</strong></span> <span class='ocrx_word' id='word_1_578' title='bbox 293 3546 344 3606; x_wconf 91' lang='lat' dir='ltr'><strong>est,</strong></span> <span class='ocrx_word' id='word_1_579' title='bbox 356 3546 383 3594; x_wconf 89' lang='lat' dir='ltr'><strong>et</strong></span> <span class='ocrx_word' id='word_1_580' title='bbox 395 3538 492 3593; x_wconf 89' lang='lat' dir='ltr'><strong>mentis</strong></span> <span class='ocrx_word' id='word_1_581' title='bbox 503 3545 609 3594; x_wconf 87' lang='lat' dir='ltr'><strong>secreta</strong></span> <span class='ocrx_word' id='word_1_582' title='bbox 623 3537 796 3611; x_wconf 88' lang='lat' dir='ltr'><strong>dignoscere.</strong></span> <span class='ocrx_word' id='word_1_583' title='bbox 813 3537 881 3592; x_wconf 92' lang='lat' dir='ltr'><strong>Sunt</strong></span> <span class='ocrx_word' id='word_1_584' title='bbox 897 3535 969 3592; x_wconf 87' lang='lat' dir='ltr'><strong>enirn</strong></span> <span class='ocrx_word' id='word_1_585' title='bbox 1019 3545 1111 3604; x_wconf 89' lang='lat' dir='ltr'><strong>tatem,</strong></span> <span class='ocrx_word' id='word_1_586' title='bbox 1128 3545 1155 3593; x_wconf 92' lang='lat' dir='ltr'><strong>et</strong></span> <span class='ocrx_word' id='word_1_587' title='bbox 1168 3553 1223 3594; x_wconf 90' lang='lat' dir='ltr'><strong>non</strong></span> <span class='ocrx_word' id='word_1_588' title='bbox 1247 3535 1390 3593; x_wconf 87' lang='lat' dir='ltr'><strong>deliberati</strong></span> <span class='ocrx_word' id='word_1_589' title='bbox 1412 3538 1495 3594; x_wconf 90' lang='lat' dir='ltr'><strong>animi</strong></span> <span class='ocrx_word' id='word_1_590' title='bbox 1519 3538 1649 3593; x_wconf 90' lang='lat' dir='ltr'><strong>malitiam</strong></span> <span class='ocrx_word' id='word_1_591' title='bbox 1673 3545 1820 3610; x_wconf 90' lang='lat' dir='ltr'><strong>peccantes</strong></span> 
     </span>
     <span class='ocr_line' id='line_1_40' title="bbox 171 3623 1820 3700; baseline 0 -18"><span class='ocrx_word' id='word_1_592' title='bbox 171 3626 294 3700; x_wconf 91' lang='lat' dir='ltr'><strong>quaedam</strong></span> <span class='ocrx_word' id='word_1_593' title='bbox 309 3643 370 3700; x_wconf 78' lang='lat' dir='ltr'><strong>quac</strong></span> <span class='ocrx_word' id='word_1_594' title='bbox 384 3625 804 3698; x_wconf 88' lang='lat' dir='ltr'><strong>committunturoperequidem</strong></span> <span class='ocrx_word' id='word_1_595' title='bbox 813 3623 968 3694; x_wconf 89' lang='lat' dir='ltr'><strong>malo,ani-</strong></span> <span class='ocrx_word' id='word_1_596' title='bbox 1020 3627 1067 3682; x_wconf 94' lang='lat' dir='ltr'><strong>diu</strong></span> <span class='ocrx_word' id='word_1_597' title='bbox 1089 3633 1185 3698; x_wconf 89' lang='lat' dir='ltr'><strong>portat,</strong></span> <span class='ocrx_word' id='word_1_598' title='bbox 1212 3635 1373 3698; x_wconf 87' lang='lat' dir='ltr'><strong>exspectans</strong></span> <span class='ocrx_word' id='word_1_599' title='bbox 1399 3625 1434 3682; x_wconf 89' lang='lat' dir='ltr'><strong>ad</strong></span> <span class='ocrx_word' id='word_1_600' title='bbox 1458 3627 1654 3698; x_wconf 77' lang='lat' dir='ltr'><strong>poenitentiam.</strong></span> <span class='ocrx_word' id='word_1_601' title='bbox 1680 3625 1820 3700; x_wconf 79' lang='lat' dir='ltr'><strong>[August]</strong></span> 
     </span>
     <span class='ocr_line' id='line_1_41' title="bbox 167 3712 1818 3788; baseline -0.001 -16"><span class='ocrx_word' id='word_1_602' title='bbox 167 3731 213 3772; x_wconf 88' lang='lat' dir='ltr'><strong>mo</strong></span> <span class='ocrx_word' id='word_1_603' title='bbox 227 3725 318 3771; x_wconf 91' lang='lat' dir='ltr'><strong>autem</strong></span> <span class='ocrx_word' id='word_1_604' title='bbox 332 3732 386 3771; x_wconf 92' lang='lat' dir='ltr'><strong>non</strong></span> <span class='ocrx_word' id='word_1_605' title='bbox 401 3715 482 3783; x_wconf 89' lang='lat' dir='ltr'><strong>malo,</strong></span> <span class='ocrx_word' id='word_1_606' title='bbox 493 3714 554 3770; x_wconf 90' lang='lat' dir='ltr'><strong>utsi</strong></span> <span class='ocrx_word' id='word_1_607' title='bbox 566 3713 626 3786; x_wconf 89' lang='lat' dir='ltr'><strong>quis</strong></span> <span class='ocrx_word' id='word_1_608' title='bbox 638 3714 713 3770; x_wconf 89' lang='lat' dir='ltr'><strong>verbi</strong></span> <span class='ocrx_word' id='word_1_609' title='bbox 726 3729 808 3770; x_wconf 89' lang='lat' dir='ltr'><strong>causa</strong></span> <span class='ocrx_word' id='word_1_610' title='bbox 831 3712 969 3768; x_wconf 90' lang='lat' dir='ltr'><strong>hominem</strong></span> <span class='ocrx_word' id='word_1_611' title='bbox 1020 3715 1084 3771; x_wconf 84' lang='lat' dir='ltr'><strong>llaec</strong></span> <span class='ocrx_word' id='word_1_612' title='bbox 1100 3722 1190 3772; x_wconf 90' lang='lat' dir='ltr'><strong>autem</strong></span> <span class='ocrx_word' id='word_1_613' title='bbox 1206 3714 1352 3771; x_wconf 88' lang='lat' dir='ltr'><strong>contemnit</strong></span> <span class='ocrx_word' id='word_1_614' title='bbox 1366 3714 1412 3788; x_wconf 88' lang='lat' dir='ltr'><strong>qui</strong></span> <span class='ocrx_word' id='word_1_615' title='bbox 1426 3731 1481 3770; x_wconf 93' lang='lat' dir='ltr'><strong>non</strong></span> <span class='ocrx_word' id='word_1_616' title='bbox 1497 3714 1536 3771; x_wconf 92' lang='lat' dir='ltr'><strong>sic</strong></span> <span class='ocrx_word' id='word_1_617' title='bbox 1562 3715 1647 3770; x_wconf 89' lang='lat' dir='ltr'><strong>utitur</strong></span> <span class='ocrx_word' id='word_1_618' title='bbox 1669 3716 1704 3771; x_wconf 92' lang='lat' dir='ltr'><strong>ad</strong></span> <span class='ocrx_word' id='word_1_619' title='bbox 1729 3714 1818 3786; x_wconf 91' lang='lat' dir='ltr'><strong>poeni·</strong></span> 
     </span>
     <span class='ocr_line' id='line_1_42' title="bbox 166 3801 1813 3875; baseline -0.001 -15"><span class='ocrx_word' id='word_1_620' title='bbox 166 3820 222 3862; x_wconf 91' lang='lat' dir='ltr'><strong>non</strong></span> <span class='ocrx_word' id='word_1_621' title='bbox 235 3805 375 3861; x_wconf 87' lang='lat' dir='ltr'><strong>voluntate</strong></span> <span class='ocrx_word' id='word_1_622' title='bbox 389 3803 529 3862; x_wconf 89' lang='lat' dir='ltr'><strong>occiderit.</strong></span> <span class='ocrx_word' id='word_1_623' title='bbox 544 3803 605 3860; x_wconf 78' lang='lat' dir='ltr'><strong>atie</strong></span> <span class='ocrx_word' id='word_1_624' title='bbox 620 3819 686 3860; x_wconf 83' lang='lat' dir='ltr'><strong>vero</strong></span> <span class='ocrx_word' id='word_1_625' title='bbox 709 3810 771 3858; x_wconf 89' lang='lat' dir='ltr'><strong>sunt</strong></span> <span class='ocrx_word' id='word_1_626' title='bbox 800 3817 883 3872; x_wconf 89' lang='lat' dir='ltr'><strong>opere</strong></span> <span class='ocrx_word' id='word_1_627' title='bbox 910 3801 971 3874; x_wconf 87' lang='lat' dir='ltr'><strong>qui·</strong></span> <span class='ocrx_word' id='word_1_628' title='bbox 1019 3804 1141 3871; x_wconf 86' lang='lat' dir='ltr'><strong>tentiam,</strong></span> <span class='ocrx_word' id='word_1_629' title='bbox 1156 3811 1185 3859; x_wconf 93' lang='lat' dir='ltr'><strong>ut</strong></span> <span class='ocrx_word' id='word_1_630' title='bbox 1201 3805 1273 3859; x_wconf 82' lang='lat' dir='ltr'><strong>Deus</strong></span> <span class='ocrx_word' id='word_1_631' title='bbox 1288 3802 1411 3871; x_wconf 92' lang='lat' dir='ltr'><strong>intendit,</strong></span> <span class='ocrx_word' id='word_1_632' title='bbox 1429 3802 1478 3859; x_wconf 89' lang='grc' dir='ltr'><strong>εει</strong></span> <span class='ocrx_word' id='word_1_633' title='bbox 1493 3803 1528 3858; x_wconf 93' lang='lat' dir='ltr'><strong>ad</strong></span> <span class='ocrx_word' id='word_1_634' title='bbox 1547 3801 1733 3875; x_wconf 90' lang='lat' dir='ltr'><strong>impunitatem</strong></span> <span class='ocrx_word' id='word_1_635' title='bbox 1754 3819 1813 3861; x_wconf 87' lang='lat' dir='ltr'><strong>ver-</strong></span> 
     </span>
     <span class='ocr_line' id='line_1_43' title="bbox 166 3888 1818 3964; baseline -0.001 -14"><span class='ocrx_word' id='word_1_636' title='bbox 166 3894 230 3951; x_wconf 93' lang='lat' dir='ltr'><strong>dem</strong></span> <span class='ocrx_word' id='word_1_637' title='bbox 245 3893 326 3960; x_wconf 89' lang='lat' dir='ltr'><strong>bono,</strong></span> <span class='ocrx_word' id='word_1_638' title='bbox 344 3893 394 3950; x_wconf 91' lang='lat' dir='ltr'><strong>sed</strong></span> <span class='ocrx_word' id='word_1_639' title='bbox 410 3892 501 3948; x_wconf 87' lang='lat' dir='ltr'><strong>animo</strong></span> <span class='ocrx_word' id='word_1_640' title='bbox 514 3909 570 3948; x_wconf 90' lang='lat' dir='ltr'><strong>non</strong></span> <span class='ocrx_word' id='word_1_641' title='bbox 586 3892 667 3959; x_wconf 91' lang='lat' dir='ltr'><strong>bono,</strong></span> <span class='ocrx_word' id='word_1_642' title='bbox 683 3898 711 3946; x_wconf 90' lang='lat' dir='ltr'><strong>ut</strong></span> <span class='ocrx_word' id='word_1_643' title='bbox 730 3890 753 3946; x_wconf 92' lang='lat' dir='ltr'><strong>si</strong></span> <span class='ocrx_word' id='word_1_644' title='bbox 774 3889 834 3962; x_wconf 85' lang='lat' dir='ltr'><strong>quis</strong></span> <span class='ocrx_word' id='word_1_645' title='bbox 858 3888 968 3944; x_wconf 90' lang='lat' dir='ltr'><strong>miseri·</strong></span> <span class='ocrx_word' id='word_1_646' title='bbox 1020 3893 1060 3948; x_wconf 91' lang='lat' dir='ltr'><strong>tit.</strong></span> <span class='ocrx_word' id='word_1_647' title='bbox 1077 3892 1164 3963; x_wconf 92' lang='lat' dir='ltr'><strong>Quem</strong></span> <span class='ocrx_word' id='word_1_648' title='bbox 1177 3900 1206 3947; x_wconf 88' lang='lat' dir='ltr'><strong>ut</strong></span> <span class='ocrx_word' id='word_1_649' title='bbox 1221 3891 1366 3948; x_wconf 90' lang='lat' dir='ltr'><strong>sollicitum</strong></span> <span class='ocrx_word' id='word_1_650' title='bbox 1381 3889 1460 3948; x_wconf 83' lang='lat' dir='ltr'><strong>faciat</strong></span> <span class='ocrx_word' id='word_1_651' title='bbox 1474 3899 1556 3964; x_wconf 90' lang='lat' dir='ltr'><strong>atque</strong></span> <span class='ocrx_word' id='word_1_652' title='bbox 1578 3891 1697 3963; x_wconf 89' lang='lat' dir='ltr'><strong>apertius</strong></span> <span class='ocrx_word' id='word_1_653' title='bbox 1718 3890 1818 3949; x_wconf 88' lang='lat' dir='ltr'><strong>redar-</strong></span> 
     </span>
     <span class='ocr_line' id='line_1_44' title="bbox 166 3977 1818 4056; baseline -0.001 -16"><span class='ocrx_word' id='word_1_654' title='bbox 166 3982 267 4040; x_wconf 86' lang='lat' dir='ltr'><strong>cordiae</strong></span> <span class='ocrx_word' id='word_1_655' title='bbox 283 3998 352 4054; x_wconf 92' lang='lat' dir='ltr'><strong>opus</strong></span> <span class='ocrx_word' id='word_1_656' title='bbox 367 3998 422 4038; x_wconf 89' lang='lat' dir='ltr'><strong>non</strong></span> <span class='ocrx_word' id='word_1_657' title='bbox 435 3998 486 4053; x_wconf 90' lang='lat' dir='ltr'><strong>pro</strong></span> <span class='ocrx_word' id='word_1_658' title='bbox 500 3980 627 4036; x_wconf 89' lang='lat' dir='ltr'><strong>mandato</strong></span> <span class='ocrx_word' id='word_1_659' title='bbox 643 3979 704 4048; x_wconf 89' lang='lat' dir='ltr'><strong>Dei,</strong></span> <span class='ocrx_word' id='word_1_660' title='bbox 721 3979 770 4036; x_wconf 91' lang='lat' dir='ltr'><strong>sed</strong></span> <span class='ocrx_word' id='word_1_661' title='bbox 793 3986 822 4034; x_wconf 91' lang='lat' dir='ltr'><strong>ut</strong></span> <span class='ocrx_word' id='word_1_662' title='bbox 845 3977 970 4034; x_wconf 90' lang='lat' dir='ltr'><strong>laudetur</strong></span> <span class='ocrx_word' id='word_1_663' title='bbox 1020 3989 1095 4056; x_wconf 89' lang='lat' dir='ltr'><strong>gual,</strong></span> <span class='ocrx_word' id='word_1_664' title='bbox 1111 3981 1185 4037; x_wconf 90' lang='lat' dir='ltr'><strong>addit</strong></span> <span class='ocrx_word' id='word_1_665' title='bbox 1199 3981 1423 4053; x_wconf 77' lang='lat' dir='ltr'><strong>:lquorcsquare</strong></span> <span class='ocrx_word' id='word_1_666' title='bbox 1437 3980 1590 4036; x_wconf 90' lang='lat' dir='ltr'><strong>contemnis</strong></span> <span class='ocrx_word' id='word_1_667' title='bbox 1600 3981 1750 4037; x_wconf 90' lang='lat' dir='ltr'><strong>bonitatem</strong></span> <span class='ocrx_word' id='word_1_668' title='bbox 1758 3981 1818 4050; x_wconf 89' lang='lat' dir='ltr'><strong>Dei,</strong></span> 
     </span>
     <span class='ocr_line' id='line_1_45' title="bbox 167 4070 1821 4144; baseline -0.001 -16"><span class='ocrx_word' id='word_1_669' title='bbox 167 4071 201 4128; x_wconf 92' lang='lat' dir='ltr'><strong>ab</strong></span> <span class='ocrx_word' id='word_1_670' title='bbox 217 4071 374 4128; x_wconf 90' lang='lat' dir='ltr'><strong>bominibus</strong></span> <span class='ocrx_word' id='word_1_671' title='bbox 387 4070 479 4127; x_wconf 83' lang='lat' dir='ltr'><strong>iaciat.</strong></span> <span class='ocrx_word' id='word_1_672' title='bbox 1020 4078 1047 4126; x_wconf 91' lang='grc' dir='ltr'><strong>ει</strong></span> <span class='ocrx_word' id='word_1_673' title='bbox 1062 4071 1142 4126; x_wconf 90' lang='lat' dir='ltr'><strong>etiam</strong></span> <span class='ocrx_word' id='word_1_674' title='bbox 1156 4071 1285 4144; x_wconf 87' lang='lat' dir='ltr'><strong>:ignoras</strong></span> <span class='ocrx_word' id='word_1_675' title='bbox 1301 4071 1434 4144; x_wconf 76' lang='lat' dir='ltr'><strong>quoniam</strong></span> <span class='ocrx_word' id='word_1_676' title='bbox 1456 4070 1616 4143; x_wconf 76' lang='lat' dir='ltr'><strong>bertipnitas</strong></span> <span class='ocrx_word' id='word_1_677' title='bbox 1635 4073 1686 4128; x_wconf 80' lang='grc' dir='ltr'><strong>ιιει</strong></span> <span class='ocrx_word' id='word_1_678' title='bbox 1703 4071 1821 4128; x_wconf 81' lang='lat' dir='ltr'><strong>adducit</strong></span> 
     </span>
    </p>
   </div>
   <div class='ocr_carea' id='block_1_3' title="bbox 962 4159 1820 4232">
    <p class='ocr_par' dir='ltr' id='par_1_4' title="bbox 962 4159 1820 4232">
     <span class='ocr_line' id='line_1_46' title="bbox 962 4159 1820 4232; baseline 0 -16"><span class='ocrx_word' id='word_1_679' title='bbox 962 4211 968 4224; x_wconf 86' lang='grc'><strong>,</strong></span> <span class='ocrx_word' id='word_1_680' title='bbox 1021 4164 1058 4228; x_wconf 89' lang='grc' dir='ltr'><strong>ιε,</strong></span> <span class='ocrx_word' id='word_1_681' title='bbox 1070 4159 1237 4232; x_wconf 87' lang='lat' dir='ltr'><strong>quantumin</strong></span> <span class='ocrx_word' id='word_1_682' title='bbox 1250 4175 1279 4214; x_wconf 89' lang='lat' dir='ltr'><strong>se</strong></span> <span class='ocrx_word' id='word_1_683' title='bbox 1290 4167 1340 4228; x_wconf 89' lang='lat' dir='ltr'><strong>est,</strong></span> <span class='ocrx_word' id='word_1_684' title='bbox 1352 4159 1388 4215; x_wconf 83' lang='lat' dir='ltr'><strong>ad</strong></span> <span class='ocrx_word' id='word_1_685' title='bbox 1396 4159 1618 4232; x_wconf 75' lang='lat' dir='ltr'><strong>penitentiam?</strong></span> <span class='ocrx_word' id='word_1_686' title='bbox 1632 4161 1705 4217; x_wconf 85' lang='lat' dir='ltr'><strong>Ecce</strong></span> <span class='ocrx_word' id='word_1_687' title='bbox 1732 4161 1820 4216; x_wconf 89' lang='lat' dir='ltr'><strong>Deum</strong></span> 
     </span>
    </p>
   </div>
   <div class='ocr_carea' id='block_1_4' title="bbox 168 4211 1818 4373">
    <p class='ocr_par' dir='ltr' id='par_1_5' title="bbox 168 4211 1818 4373">
     <span class='ocr_line' id='line_1_47' title="bbox 203 4211 1818 4319; baseline -0.001 -12"><span class='ocrx_word' id='word_1_688' title='bbox 203 4215 291 4315; x_wconf 53' lang='lat' dir='ltr'><strong>,vfflffs’</strong></span> <span class='ocrx_word' id='word_1_689' title='bbox 308 4217 365 4270; x_wconf 56' lang='grc' dir='ltr'><strong>Μ·</strong></span> <span class='ocrx_word' id='word_1_690' title='bbox 377 4244 412 4254; x_wconf 82' lang='grc'><em>“</em></span> <span class='ocrx_word' id='word_1_691' title='bbox 424 4231 436 4313; x_wconf 76' lang='lat'><strong>,⁸</strong></span> <span class='ocrx_word' id='word_1_692' title='bbox 449 4211 597 4313; x_wconf 44' lang='lat' dir='ltr'>Efistimas</span> <span class='ocrx_word' id='word_1_693' title='bbox 612 4217 703 4267; x_wconf 55' lang='lat' dir='ltr'><strong>autem</strong></span> <span class='ocrx_word' id='word_1_694' title='bbox 716 4212 779 4311; x_wconf 38' lang='lat'><strong>19⁰¹</strong></span> <span class='ocrx_word' id='word_1_695' title='bbox 794 4225 811 4268; x_wconf 88' lang='lat'>⁰</span> <span class='ocrx_word' id='word_1_696' title='bbox 826 4211 909 4269; x_wconf 76' lang='lat' dir='ltr'>h⁰¹¹¹⁰</span> <span class='ocrx_word' id='word_1_697' title='bbox 923 4229 970 4285; x_wconf 60' lang='lat'>‘³¹¹¹</span> <span class='ocrx_word' id='word_1_698' title='bbox 1020 4247 1335 4305; x_wconf 90' lang='lat' dir='ltr'><strong>misericordemnescis.</strong></span> <span class='ocrx_word' id='word_1_699' title='bbox 1351 4249 1385 4304; x_wconf 86' lang='lat' dir='ltr'><strong>Et</strong></span> <span class='ocrx_word' id='word_1_700' title='bbox 1401 4263 1435 4303; x_wconf 94' lang='lat' dir='ltr'><strong>an</strong></span> <span class='ocrx_word' id='word_1_701' title='bbox 1449 4249 1501 4305; x_wconf 92' lang='lat' dir='ltr'><strong>hoc</strong></span> <span class='ocrx_word' id='word_1_702' title='bbox 1516 4247 1608 4306; x_wconf 77' lang='lat' dir='ltr'><strong>facist</strong></span> <span class='ocrx_word' id='word_1_703' title='bbox 1623 4249 1708 4319; x_wconf 92' lang='lat' dir='ltr'><strong>Quasi</strong></span> <span class='ocrx_word' id='word_1_704' title='bbox 1724 4249 1796 4306; x_wconf 88' lang='lat' dir='ltr'><strong>dicat</strong></span> <span class='ocrx_word' id='word_1_705' title='bbox 1812 4265 1818 4305; x_wconf 89' lang='lat'>:</span> 
     </span>
     <span class='ocr_line' id='line_1_48' title="bbox 168 4298 819 4373; baseline 0 -18"><span class='ocrx_word' id='word_1_706' title='bbox 168 4325 180 4355; x_wconf 75' lang='grc' dir='ltr'><strong>ι</strong></span> <span class='ocrx_word' id='word_1_707' title='bbox 199 4303 308 4373; x_wconf 82' lang='lat' dir='ltr'><strong>Judrcas</strong></span> <span class='ocrx_word' id='word_1_708' title='bbox 322 4318 370 4358; x_wconf 91' lang='lat' dir='ltr'><strong>eos</strong></span> <span class='ocrx_word' id='word_1_709' title='bbox 386 4318 431 4373; x_wconf 83' lang='lat' dir='ltr'><strong>qur</strong></span> <span class='ocrx_word' id='word_1_710' title='bbox 447 4301 510 4356; x_wconf 82' lang='lat' dir='ltr'><strong>talia</strong></span> <span class='ocrx_word' id='word_1_711' title='bbox 533 4309 625 4373; x_wconf 89' lang='lat' dir='ltr'><strong>agunt,</strong></span> <span class='ocrx_word' id='word_1_712' title='bbox 649 4308 674 4356; x_wconf 89' lang='lat' dir='ltr'><strong>et</strong></span> <span class='ocrx_word' id='word_1_713' title='bbox 696 4298 763 4356; x_wconf 85' lang='lat' dir='ltr'><strong>lacis</strong></span> <span class='ocrx_word' id='word_1_714' title='bbox 787 4316 819 4356; x_wconf 90' lang='lat' dir='ltr'><strong>ea</strong></span> 
     </span>
    </p>
   </div>
   <div class='ocr_carea' id='block_1_5' title="bbox 166 4388 1821 4589">
    <p class='ocr_par' dir='ltr' id='par_1_6' title="bbox 166 4388 1821 4589">
     <span class='ocr_line' id='line_1_49' title="bbox 166 4388 1821 4501; baseline 0.006 -57"><span class='ocrx_word' id='word_1_715' title='bbox 166 4414 178 4444; x_wconf 75' lang='grc' dir='ltr'><strong>ι</strong></span> <span class='ocrx_word' id='word_1_716' title='bbox 199 4391 314 4465; x_wconf 83' lang='lat' dir='ltr'><strong>eflugies</strong></span> <span class='ocrx_word' id='word_1_717' title='bbox 323 4390 454 4461; x_wconf 87' lang='lat' dir='ltr'><strong>judicium</strong></span> <span class='ocrx_word' id='word_1_718' title='bbox 468 4389 542 4446; x_wconf 75' lang='lat' dir='ltr'><strong>Dei?</strong></span> <span class='ocrx_word' id='word_1_719' title='bbox 555 4392 597 4445; x_wconf 77' lang='lat' dir='ltr'><strong>An</strong></span> <span class='ocrx_word' id='word_1_720' title='bbox 612 4388 720 4444; x_wconf 86' lang='lat' dir='ltr'><strong>divitias</strong></span> <span class='ocrx_word' id='word_1_721' title='bbox 748 4389 875 4446; x_wconf 85' lang='lat' dir='ltr'><strong>bonitatis</strong></span> <span class='ocrx_word' id='word_1_722' title='bbox 899 4391 966 4461; x_wconf 85' lang='lat' dir='ltr'><strong>ejus,</strong></span> <span class='ocrx_word' id='word_1_723' title='bbox 1016 4426 1089 4482; x_wconf 59' lang='lat' dir='ltr'><strong>mala</strong></span> <span class='ocrx_word' id='word_1_724' title='bbox 1103 4443 1181 4482; x_wconf 66' lang='lat' dir='ltr'><strong>mens</strong></span> <span class='ocrx_word' id='word_1_725' title='bbox 1197 4443 1250 4482; x_wconf 67' lang='lat' dir='ltr'><strong>non</strong></span> <span class='ocrx_word' id='word_1_726' title='bbox 1267 4434 1410 4483; x_wconf 44' lang='lat' dir='ltr'><strong>revocant</strong></span> <span class='ocrx_word' id='word_1_727' title='bbox 1424 4426 1460 4482; x_wconf 56' lang='lat' dir='ltr'><strong>ad</strong></span> <span class='ocrx_word' id='word_1_728' title='bbox 1472 4426 1551 4483; x_wconf 53' lang='lat' dir='ltr'>vitam</span> <span class='ocrx_word' id='word_1_729' title='bbox 1564 4426 1616 4481; x_wconf 64' lang='lat' dir='ltr'>nisi</span> <span class='ocrx_word' id='word_1_730' title='bbox 1629 4426 1735 4482; x_wconf 34' lang='lat' dir='ltr'><strong>timore·</strong></span> <span class='ocrx_word' id='word_1_731' title='bbox 1747 4426 1821 4501; x_wconf 48' lang='lat' dir='ltr'>[Am.</span> 
     </span>
     <span class='ocr_line' id='line_1_50' title="bbox 168 4476 1820 4589; baseline 0.007 -56"><span class='ocrx_word' id='word_1_732' title='bbox 168 4501 181 4533; x_wconf 77' lang='grc' dir='ltr'><strong>ι</strong></span> <span class='ocrx_word' id='word_1_733' title='bbox 207 4479 388 4551; x_wconf 81' lang='lat' dir='ltr'><strong>etpatientiae,</strong></span> <span class='ocrx_word' id='word_1_734' title='bbox 400 4486 427 4534; x_wconf 92' lang='lat' dir='ltr'><strong>et</strong></span> <span class='ocrx_word' id='word_1_735' title='bbox 446 4477 658 4552; x_wconf 84' lang='lat' dir='ltr'><strong>longanimitatis</strong></span> <span class='ocrx_word' id='word_1_736' title='bbox 671 4476 969 4551; x_wconf 83' lang='lat' dir='ltr'><strong>contemnistlgnoras</strong></span> <span class='ocrx_word' id='word_1_737' title='bbox 1016 4515 1103 4589; x_wconf 59' lang='lat' dir='ltr'><strong>hm]</strong></span> <span class='ocrx_word' id='word_1_738' title='bbox 1119 4517 1150 4571; x_wconf 72' lang='lat' dir='ltr'><strong>E,</strong></span> <span class='ocrx_word' id='word_1_739' title='bbox 1167 4515 1277 4571; x_wconf 50' lang='lat' dir='ltr'><strong>amende</strong></span> <span class='ocrx_word' id='word_1_740' title='bbox 1291 4515 1318 4570; x_wconf 67' lang='lat' dir='ltr'><strong>in</strong></span> <span class='ocrx_word' id='word_1_741' title='bbox 1331 4515 1373 4570; x_wconf 65' lang='lat' dir='ltr'><strong>his</strong></span> <span class='ocrx_word' id='word_1_742' title='bbox 1387 4515 1474 4570; x_wconf 54' lang='lat' dir='ltr'><strong>,ribus</strong></span> <span class='ocrx_word' id='word_1_743' title='bbox 1489 4515 1616 4570; x_wconf 56' lang='lat' dir='ltr'>versibus</span> <span class='ocrx_word' id='word_1_744' title='bbox 1641 4523 1695 4570; x_wconf 60' lang='lat' dir='ltr'><strong>,res</strong></span> <span class='ocrx_word' id='word_1_745' title='bbox 1720 4532 1820 4588; x_wconf 59' lang='lat' dir='ltr'><strong>pecca,</strong></span> 
     </span>
    </p>
   </div>
   <div class='ocr_carea' id='block_1_6' title="bbox 167 4567 1821 4766">
    <p class='ocr_par' dir='ltr' id='par_1_7' title="bbox 167 4567 1821 4766">
     <span class='ocr_line' id='line_1_51' title="bbox 167 4567 1819 4680; baseline -0.006 -9"><span class='ocrx_word' id='word_1_746' title='bbox 167 4591 179 4621; x_wconf 70' lang='lat'><em>‘</em></span> <span class='ocrx_word' id='word_1_747' title='bbox 201 4569 329 4669; x_wconf 52' lang='lat' dir='ltr'><strong>quoniam</strong></span> <span class='ocrx_word' id='word_1_748' title='bbox 344 4567 498 4640; x_wconf 49' lang='lat' dir='ltr'><strong>benignitas</strong></span> <span class='ocrx_word' id='word_1_749' title='bbox 513 4567 563 4623; x_wconf 64' lang='lat' dir='ltr'><strong>Dei</strong></span> <span class='ocrx_word' id='word_1_750' title='bbox 578 4567 814 4668; x_wconf 49' lang='lat' dir='ltr'><strong>aq.poeni¹⁹n²iam</strong></span> <span class='ocrx_word' id='word_1_751' title='bbox 831 4574 857 4667; x_wconf 44' lang='lat' dir='ltr'><strong>tf</strong></span> <span class='ocrx_word' id='word_1_752' title='bbox 883 4567 970 4666; x_wconf 42' lang='grc' dir='ltr'><strong>ΜΨ</strong></span> <span class='ocrx_word' id='word_1_753' title='bbox 1019 4612 1108 4661; x_wconf 91' lang='lat' dir='ltr'><strong>torum</strong></span> <span class='ocrx_word' id='word_1_754' title='bbox 1123 4603 1227 4680; x_wconf 81' lang='lat' dir='ltr'><strong>gra&#39;dns</strong></span> <span class='ocrx_word' id='word_1_755' title='bbox 1242 4605 1396 4661; x_wconf 90' lang='lat' dir='ltr'><strong>adnotatos.</strong></span> <span class='ocrx_word' id='word_1_756' title='bbox 1408 4605 1511 4661; x_wconf 90' lang='lat' dir='ltr'><strong>Peocas</strong></span> <span class='ocrx_word' id='word_1_757' title='bbox 1527 4604 1610 4671; x_wconf 92' lang='lat' dir='ltr'><strong>enim,</strong></span> <span class='ocrx_word' id='word_1_758' title='bbox 1622 4620 1639 4660; x_wconf 94' lang='lat' dir='ltr'><strong>o</strong></span> <span class='ocrx_word' id='word_1_759' title='bbox 1649 4605 1740 4674; x_wconf 90' lang='lat' dir='ltr'><strong>bomo,</strong></span> <span class='ocrx_word' id='word_1_760' title='bbox 1754 4605 1819 4662; x_wconf 89' lang='lat' dir='ltr'><strong>dum</strong></span> 
     </span>
     <span class='ocr_line' id='line_1_52' title="bbox 167 4656 1821 4766; baseline -0.003 -11"><span class='ocrx_word' id='word_1_761' title='bbox 167 4681 178 4708; x_wconf 66' lang='lat'><strong>⁸⁴</strong></span> <span class='ocrx_word' id='word_1_762' title='bbox 201 4659 261 4714; x_wconf 58' lang='lat' dir='ltr'><strong>m</strong></span> <span class='ocrx_word' id='word_1_763' title='bbox 277 4657 432 4714; x_wconf 57' lang='lat' dir='ltr'><strong>secundum</strong></span> <span class='ocrx_word' id='word_1_764' title='bbox 446 4665 535 4712; x_wconf 54' lang='lat' dir='ltr'><strong>autem</strong></span> <span class='ocrx_word' id='word_1_765' title='bbox 549 4656 674 4711; x_wconf 55' lang='lat' dir='ltr'><strong>dumam</strong></span> <span class='ocrx_word' id='word_1_766' title='bbox 689 4663 763 4710; x_wconf 55' lang='lat' dir='ltr'><strong>tuam</strong></span> <span class='ocrx_word' id='word_1_767' title='bbox 788 4663 813 4711; x_wconf 58' lang='lat'><strong>⁰¹</strong></span> <span class='ocrx_word' id='word_1_768' title='bbox 838 4671 969 4727; x_wconf 65' lang='lat' dir='ltr'>”npoem&#39;</span> <span class='ocrx_word' id='word_1_769' title='bbox 1019 4701 1048 4750; x_wconf 90' lang='lat' dir='ltr'><strong>tu</strong></span> <span class='ocrx_word' id='word_1_770' title='bbox 1063 4693 1251 4765; x_wconf 89' lang='lat' dir='ltr'><strong>impunitatem</strong></span> <span class='ocrx_word' id='word_1_771' title='bbox 1266 4693 1401 4766; x_wconf 89' lang='lat' dir='ltr'><strong>promittis</strong></span> <span class='ocrx_word' id='word_1_772' title='bbox 1418 4711 1424 4748; x_wconf 80' lang='grc' dir='ltr'><strong>ι</strong></span> <span class='ocrx_word' id='word_1_773' title='bbox 1446 4692 1571 4766; x_wconf 88' lang='lat' dir='ltr'><strong>quodibi</strong></span> <span class='ocrx_word' id='word_1_774' title='bbox 1593 4701 1710 4765; x_wconf 89' lang='lat' dir='ltr'><strong>notatur,</strong></span> <span class='ocrx_word' id='word_1_775' title='bbox 1730 4693 1821 4750; x_wconf 85' lang='lat' dir='ltr'><strong>existi·</strong></span> 
     </span>
    </p>
   </div>
   <div class='ocr_carea' id='block_1_7' title="bbox 168 4744 1820 4940">
    <p class='ocr_par' dir='ltr' id='par_1_8' title="bbox 168 4744 1820 4940">
     <span class='ocr_line' id='line_1_53' title="bbox 168 4744 1820 4856; baseline -0.007 -7"><span class='ocrx_word' id='word_1_776' title='bbox 168 4770 179 4796; x_wconf 54' lang='grc' dir='ltr'>Ἰ</span> <span class='ocrx_word' id='word_1_777' title='bbox 201 4755 263 4847; x_wconf 46' lang='grc' dir='ltr'>Ψ</span> <span class='ocrx_word' id='word_1_778' title='bbox 278 4761 336 4846; x_wconf 43' lang='lat' dir='ltr'><strong>qm)</strong></span> <span class='ocrx_word' id='word_1_779' title='bbox 351 4746 519 4846; x_wconf 37' lang='lat' dir='ltr'>thefaupfas</span> <span class='ocrx_word' id='word_1_780' title='bbox 534 4745 583 4845; x_wconf 40' lang='lat'><strong>‘3¹³¹</strong></span> <span class='ocrx_word' id='word_1_781' title='bbox 596 4761 665 4845; x_wconf 32' lang='lat' dir='ltr'><strong>”pm</strong></span> <span class='ocrx_word' id='word_1_782' title='bbox 681 4761 709 4800; x_wconf 72' lang='lat' dir='ltr'>m</span> <span class='ocrx_word' id='word_1_783' title='bbox 724 4744 768 4800; x_wconf 58' lang='lat' dir='ltr'><strong>dle</strong></span> <span class='ocrx_word' id='word_1_784' title='bbox 783 4761 832 4844; x_wconf 45' lang='grc' dir='ltr'><strong>Ψ</strong></span> <span class='ocrx_word' id='word_1_785' title='bbox 844 4752 873 4844; x_wconf 57' lang='lat' dir='ltr'><strong>‚et</strong></span> <span class='ocrx_word' id='word_1_786' title='bbox 887 4759 969 4800; x_wconf 45' lang='grc' dir='ltr'><strong>Μ’</strong></span> <span class='ocrx_word' id='word_1_787' title='bbox 992 4846 997 4854; x_wconf 38' lang='grc'><strong>,</strong></span> <span class='ocrx_word' id='word_1_788' title='bbox 1018 4799 1078 4838; x_wconf 90' lang='lat' dir='ltr'><strong>mas</strong></span> <span class='ocrx_word' id='word_1_789' title='bbox 1093 4791 1192 4850; x_wconf 89' lang='lat' dir='ltr'><strong>autern,</strong></span> <span class='ocrx_word' id='word_1_790' title='bbox 1205 4791 1256 4839; x_wconf 90' lang='lat' dir='ltr'><strong>etc.</strong></span> <span class='ocrx_word' id='word_1_791' title='bbox 1269 4785 1345 4848; x_wconf 89' lang='lat' dir='ltr'><strong>ltem,</strong></span> <span class='ocrx_word' id='word_1_792' title='bbox 1358 4782 1467 4856; x_wconf 86' lang='lat' dir='ltr'><strong>gravius</strong></span> <span class='ocrx_word' id='word_1_793' title='bbox 1482 4797 1591 4854; x_wconf 85' lang='lat' dir='ltr'><strong>peccas,</strong></span> <span class='ocrx_word' id='word_1_794' title='bbox 1609 4783 1674 4854; x_wconf 86' lang='lat' dir='ltr'><strong>quia</strong></span> <span class='ocrx_word' id='word_1_795' title='bbox 1695 4791 1820 4839; x_wconf 87' lang='lat' dir='ltr'><strong>contem-</strong></span> 
     </span>
     <span class='ocr_line' id='line_1_54' title="bbox 168 4833 1817 4940; baseline -0.004 -7"><span class='ocrx_word' id='word_1_796' title='bbox 168 4857 179 4888; x_wconf 76' lang='lat'><em>*</em></span> <span class='ocrx_word' id='word_1_797' title='bbox 200 4834 490 4905; x_wconf 64' lang='lat' dir='ltr'><strong>¹³¹¹⁰¹¹¹⁸³⁰⁵¹¹³⁰d¹⁰¹¹</strong></span> <span class='ocrx_word' id='word_1_798' title='bbox 505 4835 565 4905; x_wconf 69' lang='lat'><strong>⁰⁹¹²</strong></span> <span class='ocrx_word' id='word_1_799' title='bbox 582 4850 627 4906; x_wconf 72' lang='lat'>‘¹¹¹¹</span> <span class='ocrx_word' id='word_1_800' title='bbox 642 4833 739 4889; x_wconf 53' lang='lat' dir='ltr'><strong>”dm</strong></span> <span class='ocrx_word' id='word_1_801' title='bbox 760 4849 905 4906; x_wconf 65' lang='lat' dir='ltr'><strong>⁰⁰¹⁰¹¹¹l¹¹³</strong></span> <span class='ocrx_word' id='word_1_802' title='bbox 926 4848 970 4889; x_wconf 56' lang='lat' dir='ltr'><strong>³e&#39;</strong></span> <span class='ocrx_word' id='word_1_803' title='bbox 1019 4873 1062 4928; x_wconf 74' lang='lat' dir='ltr'><strong>aas</strong></span> <span class='ocrx_word' id='word_1_804' title='bbox 1076 4872 1225 4929; x_wconf 72' lang='lat' dir='ltr'><strong>bonitatem</strong></span> <span class='ocrx_word' id='word_1_805' title='bbox 1240 4871 1300 4928; x_wconf 79' lang='lat' dir='ltr'><strong>nea.</strong></span> <span class='ocrx_word' id='word_1_806' title='bbox 1317 4872 1395 4928; x_wconf 76' lang='lat' dir='ltr'><strong>unae</strong></span> <span class='ocrx_word' id='word_1_807' title='bbox 1408 4870 1455 4938; x_wconf 86' lang='grc' dir='ltr'><strong>ιιι,</strong></span> <span class='ocrx_word' id='word_1_808' title='bbox 1480 4887 1517 4927; x_wconf 79' lang='lat' dir='ltr'><strong>an</strong></span> <span class='ocrx_word' id='word_1_809' title='bbox 1543 4871 1652 4927; x_wconf 82' lang='lat' dir='ltr'><strong>divitias</strong></span> <span class='ocrx_word' id='word_1_810' title='bbox 1679 4871 1817 4940; x_wconf 72' lang='lat' dir='ltr'><strong>uanitate,</strong></span> 
     </span>
    </p>
   </div>
   <div class='ocr_carea' id='block_1_8' title="bbox 159 4924 1821 5480">
    <p class='ocr_par' dir='ltr' id='par_1_9' title="bbox 168 4924 1819 5036">
     <span class='ocr_line' id='line_1_55' title="bbox 168 4924 1819 5036; baseline 0 -20"><span class='ocrx_word' id='word_1_811' title='bbox 168 4947 179 4972; x_wconf 78' lang='lat'><strong>‘¹</strong></span> <span class='ocrx_word' id='word_1_812' title='bbox 202 4924 321 4981; x_wconf 70' lang='lat' dir='ltr'><strong>⁰⁰¹¹d¹¹m</strong></span> <span class='ocrx_word' id='word_1_813' title='bbox 336 4939 420 4995; x_wconf 54' lang='lat' dir='ltr'><strong>wem</strong></span> <span class='ocrx_word' id='word_1_814' title='bbox 435 4939 502 4993; x_wconf 65' lang='lat'><strong>‘³³⁰⁸‘</strong></span> <span class='ocrx_word' id='word_1_815' title='bbox 522 4943 533 4974; x_wconf 86' lang='lat'>&#39;</span> <span class='ocrx_word' id='word_1_816' title='bbox 1020 4969 1075 5018; x_wconf 88' lang='lat' dir='ltr'><strong>etc.</strong></span> <span class='ocrx_word' id='word_1_817' title='bbox 1092 4963 1126 5018; x_wconf 87' lang='lat' dir='ltr'><strong>Et</strong></span> <span class='ocrx_word' id='word_1_818' title='bbox 1141 4960 1302 5036; x_wconf 88' lang='lat' dir='ltr'><strong>gravissime</strong></span> <span class='ocrx_word' id='word_1_819' title='bbox 1317 4977 1424 5034; x_wconf 88' lang='lat' dir='ltr'><strong>peccas,</strong></span> <span class='ocrx_word' id='word_1_820' title='bbox 1441 4960 1622 5034; x_wconf 87' lang='lat' dir='ltr'><strong>quiaignoras</strong></span> <span class='ocrx_word' id='word_1_821' title='bbox 1642 4969 1668 5016; x_wconf 91' lang='lat' dir='ltr'><strong>te</strong></span> <span class='ocrx_word' id='word_1_822' title='bbox 1696 4967 1819 5017; x_wconf 87' lang='lat' dir='ltr'><strong>contem·</strong></span> 
     </span>
    </p>

    <p class='ocr_par' dir='ltr' id='par_1_10' title="bbox 159 5045 1821 5480">
     <span class='ocr_line' id='line_1_56' title="bbox 204 5045 1821 5122; baseline 0.001 -18"><span class='ocrx_word' id='word_1_823' title='bbox 204 5046 288 5119; x_wconf 90' lang='lat' dir='ltr'><strong>Quasi</strong></span> <span class='ocrx_word' id='word_1_824' title='bbox 302 5047 374 5105; x_wconf 87' lang='lat' dir='ltr'><strong>dicat</strong></span> <span class='ocrx_word' id='word_1_825' title='bbox 391 5063 397 5104; x_wconf 95' lang='lat'><strong>:</strong></span> <span class='ocrx_word' id='word_1_826' title='bbox 413 5049 470 5104; x_wconf 91' lang='lat' dir='ltr'><strong>Nos</strong></span> <span class='ocrx_word' id='word_1_827' title='bbox 484 5046 598 5121; x_wconf 90' lang='lat' dir='ltr'><strong>apostoli</strong></span> <span class='ocrx_word' id='word_1_828' title='bbox 619 5046 657 5102; x_wconf 92' lang='lat' dir='ltr'><strong>ita</strong></span> <span class='ocrx_word' id='word_1_829' title='bbox 677 5045 787 5112; x_wconf 90' lang='lat' dir='ltr'><strong>scimus,</strong></span> <span class='ocrx_word' id='word_1_830' title='bbox 820 5045 867 5103; x_wconf 89' lang='grc' dir='ltr'><strong>εει</strong></span> <span class='ocrx_word' id='word_1_831' title='bbox 895 5054 938 5116; x_wconf 88' lang='lat' dir='ltr'><strong>tu,</strong></span> <span class='ocrx_word' id='word_1_832' title='bbox 955 5064 970 5104; x_wconf 92' lang='lat' dir='ltr'><strong>o</strong></span> <span class='ocrx_word' id='word_1_833' title='bbox 1020 5067 1097 5107; x_wconf 88' lang='lat' dir='ltr'><strong>nere.</strong></span> <span class='ocrx_word' id='word_1_834' title='bbox 1113 5051 1192 5108; x_wconf 90' lang='lat' dir='ltr'><strong>Unde</strong></span> <span class='ocrx_word' id='word_1_835' title='bbox 1207 5050 1254 5116; x_wconf 90' lang='lat' dir='ltr'><strong>ibi,</strong></span> <span class='ocrx_word' id='word_1_836' title='bbox 1272 5051 1394 5122; x_wconf 85' lang='lat' dir='ltr'><strong>ignoras,</strong></span> <span class='ocrx_word' id='word_1_837' title='bbox 1410 5053 1462 5107; x_wconf 82' lang='lat' dir='ltr'><strong>etc&#39;.</strong></span> <span class='ocrx_word' id='word_1_838' title='bbox 1473 5049 1576 5120; x_wconf 77' lang='lat' dir='ltr'><strong>llnlroc</strong></span> <span class='ocrx_word' id='word_1_839' title='bbox 1600 5048 1821 5122; x_wconf 82' lang='lat' dir='ltr'><strong>lacisilncrepa-</strong></span> 
     </span>
     <span class='ocr_line' id='line_1_57' title="bbox 166 5135 1821 5213; baseline 0.001 -18"><span class='ocrx_word' id='word_1_840' title='bbox 166 5140 256 5206; x_wconf 82' lang='lat' dir='ltr'><strong>bomo,</strong></span> <span class='ocrx_word' id='word_1_841' title='bbox 273 5137 376 5194; x_wconf 92' lang='lat' dir='ltr'><strong>scilicet</strong></span> <span class='ocrx_word' id='word_1_842' title='bbox 390 5138 519 5205; x_wconf 89' lang='lat' dir='ltr'><strong>carnalis,</strong></span> <span class='ocrx_word' id='word_1_843' title='bbox 547 5153 601 5192; x_wconf 91' lang='lat' dir='ltr'><strong>non</strong></span> <span class='ocrx_word' id='word_1_844' title='bbox 623 5135 778 5207; x_wconf 90' lang='lat' dir='ltr'><strong>spiritualis,</strong></span> <span class='ocrx_word' id='word_1_845' title='bbox 809 5135 898 5190; x_wconf 89' lang='lat' dir='ltr'><strong>omnis</strong></span> <span class='ocrx_word' id='word_1_846' title='bbox 922 5137 970 5208; x_wconf 83' lang='lat' dir='ltr'><strong>qai</strong></span> <span class='ocrx_word' id='word_1_847' title='bbox 1020 5139 1058 5195; x_wconf 91' lang='lat' dir='ltr'><strong>tio</strong></span> <span class='ocrx_word' id='word_1_848' title='bbox 1074 5147 1132 5208; x_wconf 86' lang='lat' dir='ltr'><strong>est;</strong></span> <span class='ocrx_word' id='word_1_849' title='bbox 1148 5139 1224 5213; x_wconf 91' lang='lat' dir='ltr'><strong>quasi</strong></span> <span class='ocrx_word' id='word_1_850' title='bbox 1238 5139 1332 5196; x_wconf 87' lang='lat' dir='ltr'><strong>dicat:</strong></span> <span class='ocrx_word' id='word_1_851' title='bbox 1354 5139 1449 5194; x_wconf 90' lang='lat' dir='ltr'><strong>llirum</strong></span> <span class='ocrx_word' id='word_1_852' title='bbox 1472 5136 1528 5195; x_wconf 89' lang='lat' dir='ltr'><strong>estl</strong></span> <span class='ocrx_word' id='word_1_853' title='bbox 1545 5139 1705 5196; x_wconf 81' lang='lat' dir='ltr'><strong>Secundum</strong></span> <span class='ocrx_word' id='word_1_854' title='bbox 1723 5144 1821 5196; x_wconf 83' lang='lat' dir='ltr'><strong>autem</strong></span> 
     </span>
     <span class='ocr_line' id='line_1_58' title="bbox 159 5223 1821 5301; baseline 0.002 -18"><span class='ocrx_word' id='word_1_855' title='bbox 159 5227 275 5299; x_wconf 81' lang='lat' dir='ltr'><strong>judicas</strong></span> <span class='ocrx_word' id='word_1_856' title='bbox 289 5243 335 5283; x_wconf 86' lang='lat' dir='ltr'><strong>eos</strong></span> <span class='ocrx_word' id='word_1_857' title='bbox 345 5228 392 5299; x_wconf 81' lang='lat' dir='ltr'><strong>qut</strong></span> <span class='ocrx_word' id='word_1_858' title='bbox 404 5227 475 5282; x_wconf 84' lang='lat' dir='ltr'><strong>tollo</strong></span> <span class='ocrx_word' id='word_1_859' title='bbox 484 5228 584 5299; x_wconf 75' lang='lat' dir='ltr'><strong>agunt,</strong></span> <span class='ocrx_word' id='word_1_860' title='bbox 597 5224 685 5296; x_wconf 88' lang='lat' dir='ltr'><strong>qualia</strong></span> <span class='ocrx_word' id='word_1_861' title='bbox 700 5239 782 5295; x_wconf 89' lang='lat' dir='ltr'><strong>supra</strong></span> <span class='ocrx_word' id='word_1_862' title='bbox 803 5223 968 5280; x_wconf 87' lang='lat' dir='ltr'><strong>memoravi·</strong></span> <span class='ocrx_word' id='word_1_863' title='bbox 1021 5229 1161 5285; x_wconf 84' lang='lat' dir='ltr'><strong>daritiam</strong></span> <span class='ocrx_word' id='word_1_864' title='bbox 1177 5233 1258 5286; x_wconf 83' lang='lat' dir='ltr'><strong>tuam</strong></span> <span class='ocrx_word' id='word_1_865' title='bbox 1269 5233 1297 5284; x_wconf 91' lang='grc' dir='ltr'><strong>ει</strong></span> <span class='ocrx_word' id='word_1_866' title='bbox 1308 5229 1544 5301; x_wconf 81' lang='lat' dir='ltr'><strong>tmpoentteosror</strong></span> <span class='ocrx_word' id='word_1_867' title='bbox 1556 5226 1586 5284; x_wconf 90' lang='lat'><strong>1</strong></span> <span class='ocrx_word' id='word_1_868' title='bbox 1598 5226 1628 5284; x_wconf 90' lang='lat'><strong>1</strong></span> <span class='ocrx_word' id='word_1_869' title='bbox 1646 5227 1821 5286; x_wconf 77' lang='lat' dir='ltr'><strong>thesaurisas</strong></span> 
     </span>
     <span class='ocr_line' id='line_1_59' title="bbox 164 5312 1821 5392; baseline 0.002 -22"><span class='ocrx_word' id='word_1_870' title='bbox 164 5331 236 5370; x_wconf 91' lang='lat' dir='ltr'><strong>mus.</strong></span> <span class='ocrx_word' id='word_1_871' title='bbox 252 5317 287 5372; x_wconf 81' lang='grc' dir='ltr'><strong>Ει</strong></span> <span class='ocrx_word' id='word_1_872' title='bbox 298 5323 387 5370; x_wconf 89' lang='lat' dir='ltr'><strong>tamen</strong></span> <span class='ocrx_word' id='word_1_873' title='bbox 401 5316 475 5388; x_wconf 78' lang='lat' dir='ltr'><strong>[ocis</strong></span> <span class='ocrx_word' id='word_1_874' title='bbox 485 5331 518 5371; x_wconf 85' lang='grc' dir='ltr'><strong>εε</strong></span> <span class='ocrx_word' id='word_1_875' title='bbox 529 5314 690 5382; x_wconf 73' lang='lat' dir='ltr'><strong>existimas,</strong></span> <span class='ocrx_word' id='word_1_876' title='bbox 714 5312 742 5367; x_wconf 94' lang='lat' dir='ltr'><strong>id</strong></span> <span class='ocrx_word' id='word_1_877' title='bbox 769 5319 810 5368; x_wconf 90' lang='grc' dir='ltr'><strong>εει</strong></span> <span class='ocrx_word' id='word_1_878' title='bbox 838 5313 968 5384; x_wconf 87' lang='lat' dir='ltr'><strong>opinaris,</strong></span> <span class='ocrx_word' id='word_1_879' title='bbox 1023 5317 1072 5374; x_wconf 80' lang='lat' dir='ltr'><strong>titt</strong></span> <span class='ocrx_word' id='word_1_880' title='bbox 1085 5319 1177 5387; x_wconf 85' lang='lat' dir='ltr'><strong>trom;</strong></span> <span class='ocrx_word' id='word_1_881' title='bbox 1188 5317 1268 5392; x_wconf 89' lang='lat' dir='ltr'><strong>quasi</strong></span> <span class='ocrx_word' id='word_1_882' title='bbox 1282 5317 1354 5374; x_wconf 89' lang='lat' dir='ltr'><strong>dicat</strong></span> <span class='ocrx_word' id='word_1_883' title='bbox 1371 5315 1543 5390; x_wconf 89' lang='lat' dir='ltr'><strong>:Benignitas</strong></span> <span class='ocrx_word' id='word_1_884' title='bbox 1558 5316 1609 5374; x_wconf 87' lang='lat' dir='ltr'><strong>Dei</strong></span> <span class='ocrx_word' id='word_1_885' title='bbox 1623 5325 1650 5374; x_wconf 89' lang='lat' dir='ltr'><strong>tc</strong></span> <span class='ocrx_word' id='word_1_886' title='bbox 1662 5317 1772 5376; x_wconf 87' lang='lat' dir='ltr'><strong>adducit</strong></span> <span class='ocrx_word' id='word_1_887' title='bbox 1785 5319 1821 5374; x_wconf 88' lang='lat' dir='ltr'><strong>ad</strong></span> 
     </span>
     <span class='ocr_line' id='line_1_60' title="bbox 165 5402 1601 5480; baseline 0.001 -21"><span class='ocrx_word' id='word_1_888' title='bbox 165 5405 229 5472; x_wconf 86' lang='lat' dir='ltr'><strong>hoc,</strong></span> <span class='ocrx_word' id='word_1_889' title='bbox 245 5403 764 5476; x_wconf 76' lang='lat' dir='ltr'><strong>scilicetqoictoeffupiesquocunque</strong></span> <span class='ocrx_word' id='word_1_890' title='bbox 782 5402 866 5458; x_wconf 92' lang='lat' dir='ltr'><strong>modo</strong></span> <span class='ocrx_word' id='word_1_891' title='bbox 891 5403 969 5474; x_wconf 80' lang='lat' dir='ltr'><strong>jodi-</strong></span> <span class='ocrx_word' id='word_1_892' title='bbox 1021 5406 1216 5480; x_wconf 69' lang='lat' dir='ltr'><strong>peonitentiam,</strong></span> <span class='ocrx_word' id='word_1_893' title='bbox 1233 5407 1281 5464; x_wconf 79' lang='lat' dir='ltr'><strong>aad</strong></span> <span class='ocrx_word' id='word_1_894' title='bbox 1295 5421 1351 5463; x_wconf 86' lang='lat' dir='ltr'><strong>aon</strong></span> <span class='ocrx_word' id='word_1_895' title='bbox 1365 5405 1523 5464; x_wconf 85' lang='lat' dir='ltr'><strong>adduceris.</strong></span> <span class='ocrx_word' id='word_1_896' title='bbox 1543 5407 1601 5462; x_wconf 88' lang='lat' dir='ltr'><strong>lma</strong></span> 
     </span>
    </p>
   </div>
   <div class='ocr_carea' id='block_1_9' title="bbox 820 4308 1820 4411">
    <p class='ocr_par' dir='ltr' id='par_1_11' title="bbox 820 4308 1820 4411">
     <span class='ocr_line' id='line_1_61' title="bbox 820 4308 1820 4411; baseline 0.029 -27"><span class='ocrx_word' id='word_1_897' title='bbox 820 4344 829 4367; x_wconf 66' lang='grc' dir='ltr'><strong>ι</strong></span> <span class='ocrx_word' id='word_1_898' title='bbox 856 4315 919 4373; x_wconf 64' lang='lat'>‘³⁰¹⁸</span> <span class='ocrx_word' id='word_1_899' title='bbox 942 4308 970 4357; x_wconf 65' lang='grc' dir='ltr'>ω</span> <span class='ocrx_word' id='word_1_900' title='bbox 991 4331 1299 4394; x_wconf 83' lang='lat' dir='ltr'><strong>DllirumestlSevcre</strong></span> <span class='ocrx_word' id='word_1_901' title='bbox 1323 4337 1350 4392; x_wconf 92' lang='lat' dir='ltr'><strong>in</strong></span> <span class='ocrx_word' id='word_1_902' title='bbox 1377 4337 1422 4395; x_wconf 91' lang='lat' dir='ltr'><strong>his</strong></span> <span class='ocrx_word' id='word_1_903' title='bbox 1444 4338 1570 4394; x_wconf 90' lang='lat' dir='ltr'><strong>omnibus</strong></span> <span class='ocrx_word' id='word_1_904' title='bbox 1597 4338 1726 4409; x_wconf 77' lang='lat' dir='ltr'><strong>loquitur,</strong></span> <span class='ocrx_word' id='word_1_905' title='bbox 1756 4339 1820 4411; x_wconf 65' lang='grc' dir='ltr'><strong>(ιυἰᾶ</strong></span> 
     </span>
    </p>
   </div>
   <div class='ocr_carea' id='block_1_10' title="bbox 0 0 1974 6066">
    <p class='ocr_par' dir='ltr' id='par_1_12' title="bbox 0 0 1974 6066">
     <span class='ocr_line' id='line_1_62' title="bbox 0 0 1974 6066; baseline 0 1"><span class='ocrx_word' id='word_1_906' title='bbox 0 0 1974 6066; x_wconf 95' lang='lat' dir='ltr'><strong> </strong></span> 
     </span>
    </p>
   </div>
  </div>
 </body>
</html>
