3878 6322
443 103 512 160 tooa
766 104 1020 166 COLLECTleid
1038 108 1075 164 IN
1093 103 1202 164 urtsr.
1223 105 1260 164 D.
1284 107 1398 166 raum.
1417 137 1453 150 ·-
1467 107 1504 166 ΙΝ
1522 108 1577 168 ΕΡ.
1598 108 1608 165 l
1627 133 1634 166 t

448 226 569 283 novitate
582 228 721 285 miraculis
743 230 896 286 movendis.
914 231 971 300 l'el,
995 232 1030 286 ita
1053 231 1080 286 in
1095 231 1167 304 lege,
1192 237 1246 288 etc.
1261 232 1377 294 Atrea?
1395 231 1463 290 dnm
1482 235 1634 290 convenitis

449 315 520 370 Dicit
535 315 643 388 linguas
657 318 757 390 quibus
772 320 874 376 velatur
895 321 995 377 veritas
1008 337 1063 376 non
1083 337 1144 377 esse
1160 335 1247 392 appe·
1296 337 1376 377 nrum
1386 323 1634 388 babet‚doetrinnm

450 405 557 473 tendas,
583 407 647 478 quia
672 407 750 463 etiam
780 408 872 464 omnia
894 409 1032 466 velamina
1054 410 1125 484 legis
1148 409 1248 466 veteris
1296 410 1634 482 poarutaoetpnmrprm

447 493 580 550 Dominus
596 512 646 566 per
659 497 822 568 prophetam
833 515 893 554 esse
906 499 1037 554 mutanda
1050 498 1125 566 dixit,
1137 506 1166 553 ut
1180 497 1248 554 tide·
1296 499 1459 569 ficationem
1475 499 1558 568 finnt.
1580 499 1634 556 sia

446 580 518 637 libus
538 583 682 656 perspicua
706 583 784 642 fieret
806 586 908 643 veritas
921 587 950 642 ia
963 587 1041 644 Novo
1064 588 1245 656 Testamenta,
1297 587 1634 664 dnmduos,aut,ntmutt

448 680 554 728 remoto
568 673 699 746 legalium
712 673 862 746 figurarum
885 675 1030 732 velamine.
1046 676 1080 732 Et
1094 676 1146 732 baa
1170 674 1248 730 simi·
1297 675 1516 748 interpretetur.
1528 677 1558 732 Si
1569 679 1634 732 ante

449 760 562 817 titudine
585 762 704 818 ostendit
727 763 844 838 linguas,
861 764 959 834 ouibus
973 763 1111 838 obtegitur
1134 765 1245 834 veritas,
1296 765 1327 820 in
1348 765 1551 832 eoelesin3sibi
1570 769 1634 821 aute

451 865 506 906 non
519 866 581 906 esse
595 851 772 922 appetendas,
799 869 850 909 nec
874 852 933 908 dari
951 862 1064 925 propter
1078 852 1183 922 fideles,
1199 854 1248 910 sed
1296 856 1395 910 autem
1421 853 1475 909 duo
1497 857 1548 910 nat
1570 857 1627 910 tres

447 937 583 1004 infideles,
599 939 667 995 sicut
682 940 709 994 in
722 941 808 997 veteri
822 941 885 1014 lege
906 941 1030 998 velamen
1045 950 1113 1009 erat,
1130 949 1158 998 ut
1173 942 1246 997 indi·
1298 942 1407 1010 Quodsi
1425 943 1478 998 atii
1495 943 1634 998 reueletur

451 1025 514 1099 gnis
530 1035 556 1083 et
569 1027 725 1084 infidelibus
748 1029 884 1085 velaretur
906 1029 1016 1097 veritas,
1047 1031 1125 1102 quasi
1151 1031 1246 1086 dicat:
1296 1032 1419 1086 Potestis
1440 1031 1628 1086 enimomnes

449 1115 514 1171 ldeo
542 1133 576 1171 ne
604 1117 730 1188 qaaerutis
760 1117 879 1191 linguas,
909 1119 972 1190 quia
1001 1119 1130 1190 scriptum
1155 1126 1196 1174 est
1219 1119 1247 1174 in
1296 1135 1393 1176 omnes
1410 1119 1574 1186 diseunt,et
1592 1135 1634 1172 om

449 1203 511 1277 lege
521 1205 592 1261 hoc:
607 1207 743 1274 Quoniam
760 1206 968 1279 loquarpopulo
979 1206 1054 1274 lraic,
1070 1209 1102 1262 in
1117 1209 1183 1264 aliis
1195 1209 1248 1264 lin·
1294 1206 1497 1279 prophetarum
1519 1208 1634 1280 propbet

448 1294 521 1363 puis,
538 1293 641 1350 scilicet
654 1310 710 1350 non
723 1294 758 1351 de
782 1295 909 1362 sabbato,
926 1305 952 1351 et
973 1295 1135 1364 neomeniis,
1150 1297 1246 1352 etcir-
1296 1295 1479 1352 dissensionis
1512 1300 1555 1352 est
1587 1296 1634 1350 Der

448 1381 626 1450 cumcisione,
641 1391 668 1438 et
678 1369 900 1452 hujusmodi,sed
914 1385 1022 1440 Novum
1032 1385 1244 1441 Testamentum.
1295 1381 1424 1441 omnibus
1438 1385 1570 1441 Ecclesiis
1584 1402 1634 1439 san

450 1471 485 1526 Et
500 1470 560 1526 aliis
575 1471 664 1537 labiis,
675 1471 754 1527 idest
768 1472 829 1528 aliis
843 1472 943 1540 verbis,
957 1473 1061 1530 scilicet
1074 1474 1108 1529 de
1123 1473 1248 1544 spiritua·
1333 1473 1363 1528 Si
1377 1489 1452 1544 erpo.
1469 1472 1529 1528 Alia
1544 1473 1612 1528 ratio
1628 1474 1634 1526 l

451 1559 593 1626 libus,non
605 1560 640 1615 de
648 1561 773 1616 terrenis.
786 1563 820 1617 lit
830 1578 882 1617 nee
893 1563 933 1618 sie
947 1563 1104 1618 exaudient
1114 1563 1281 1656 me,dieitB
1294 1568 1355 1615 rent
1370 1561 1445 1634 loqui
1458 1560 1562 1634 linguis
1572 1569 1634 1615 tana

448 1650 595 1705 Dominus.
613 1651 670 1706 lloc
684 1649 717 1705 dc
732 1649 775 1705 his
789 1649 865 1718 dixit,
883 1666 952 1722 quos
966 1651 1103 1722 praescivit
1114 1666 1172 1726 non
1186 1668 1246 1708 cre·
1295 1656 1357 1704 sunt
1371 1649 1399 1704 in
1415 1650 1534 1723 signum,
1551 1658 1577 1706 et
1591 1666 1634 1704 nor

447 1737 561 1806 dituros,
579 1737 677 1809 quibus
694 1745 808 1809 propter
830 1747 942 1809 peccata
964 1754 1018 1794 non
1033 1747 1116 1810 patet,
1132 1739 1177 1796 vel
1189 1756 1245 1797 non
1296 1740 1467 1796 sianioersa
1482 1739 1634 1795 Ecclesiae

447 1825 538 1898 placet
558 1827 666 1882 veritas.
687 1826 1029 1899 Ethoc211aque,patet,
1047 1829 1120 1900 quod
1144 1828 1245 1912 lingum
1297 1828 1450 1900 loquuntur
1475 1828 1589 1901 tinguis,
1615 1827 1634 1882 si

446 1912 591 1987 aliquando
602 1915 743 1987 insignum
754 1923 816 1971 sunt
825 1932 880 1972 non
888 1913 1017 1982 fidelium,
1025 1917 1075 1972 sed
1085 1915 1242 1988 infidelium,
1295 1918 1356 1988 qais
1367 1918 1457 1973 idiota
1471 1919 1514 1974 oet
1524 1917 1634 1986 infideli

446 2003 508 2076 quia
524 2004 589 2059 dum
610 2005 657 2059 dat
677 2004 751 2060 Deus
774 2003 849 2076 loqui
872 2004 975 2076 linguis
999 2005 1058 2060 sine
1079 2005 1244 2078 interprete·
1295 2004 1380 2074 Quasi
1388 2006 1461 2063 dicat
1478 2005 1635 2077 :Arreptitii

450 2092 532 2160 tione,
556 2091 724 2166 significatur
745 2101 857 2165 propter
885 2091 1010 2150 infideles
1037 2096 1089 2151 boo
1113 2094 1182 2164 fieri,
1210 2111 1244 2151 ne
1294 2095 1409 2150 alterum
1432 2111 1489 2150 non
1501 2094 1632 2166 intelligat

445 2182 485 2238 eis
500 2181 633 2238 reveletur
646 2181 755 2238 veritas.
779 2181 828 2238 Vel
842 2182 880 2237 ita
895 2200 901 2236 :
918 2182 979 2237 aliis
992 2182 1094 2255 linguis
1117 2183 1200 2256 loqui,
1219 2193 1246 2240 et
1295 2183 1448 2239 inconditus
1472 2184 1633 2238 multitudini

448 2271 508 2326 aliis
523 2271 604 2326 labiis
618 2271 683 2327 dicit
698 2270 853 2342 parabolice
871 2279 898 2327 et
912 2271 1031 2327 obscure
1052 2271 1137 2344 loqui,
1155 2273 1245 2344 quali·
1295 2271 1479 2346 [ambrosius]
1495 2275 1547 2328 dut
1562 2272 1632 2328 torte

446 2367 488 2416 ter
516 2359 664 2416 incredulis
691 2359 811 2432 loquitur
834 2359 1245 2428 Dominus3s1delibusautern
1295 2361 1407 2416 audiunt
1428 2362 1560 2432 putabunt
1584 2378 1634 2418 essi

447 2449 476 2504 in
502 2448 670 2506 revelatione
692 2449 821 2505 veritatis.
860 2449 938 2505 Unde
960 2450 1093 2506 Dominus
1114 2450 1244 2522 apostolia
1295 2450 1356 2523 guis
1377 2458 1496 2517 canatur,
1513 2450 1577 2522 quio
1599 2468 1634 2522 pu

446 2538 482 2594 uit
495 2555 502 2594 ε
517 2539 591 2595 l'obis
606 2539 705 2595 dotum
728 2543 770 2595 est
794 2555 875 2595 nosse
898 2539 1066 2611 mysterium
1080 2542 1160 2612 regni
1182 2541 1242 2608 Dei,
1295 2539 1368 2610 apud
1381 2555 1515 2612 paganos,
1533 2538 1631 2611 quibus

445 2627 556 2684 carens
578 2632 674 2683 nutem
694 2629 726 2683 in
752 2627 892 2700 parabolis
907 2629 986 2700 (tue.
1003 2628 1045 2700 x).
1060 2629 1094 2684 Et
1109 2629 1244 2686 velamine
1294 2636 1435 2696 vocantur,
1451 2643 1532 2684 sacra
1551 2627 1630 2684 velari

446 2714 591 2786 incognitae
610 2715 709 2786 lingum
727 2715 906 2772 obscurantur
920 2732 1062 2772 sermones
1077 2717 1138 2785 Dei,
1154 2734 1189 2774 ne
1205 2718 1244 2774 vi·
1294 2715 1380 2772 illudi.
1404 2715 1500 2772 Omnis
1524 2717 1597 2772 enim
1627 2717 1634 2771 i

446 2801 709 2875 deanturaperddis,
718 2810 744 2858 et
752 2803 814 2860 ideo
828 2803 983 2877 linguanou
991 2811 1032 2860 est
1048 2806 1210 2877 appetenda,
1218 2814 1244 2861 et
1295 2805 1365 2860 falsa
1379 2821 1430 2876 pro
1444 2805 1517 2862 veris
1530 2805 1634 2862 ostendi

445 2891 606 2948 convenitis
621 2899 698 2963 parte
712 2908 774 2948 aum
792 2891 964 2963 precedente
983 2892 1099 2949 lectione
1110 2912 1118 2959 3
1129 2901 1246 2964 utraque
1295 2894 1366 2948 tibus
1381 2893 1540 2948 illuduntur.
1557 2895 1635 2965 Apud

445 2980 518 3036 enim
532 2989 575 3035 est
587 2980 734 3036 Ambrosii.
761 2979 846 3050 Quasi
867 2981 939 3037 dicut
956 2999 963 3036 ε
978 2981 1043 3036 Ideo
1057 2997 1093 3037 ne
1117 2983 1243 3053 quaeratis
1260 2952 1351 3036 orum
1378 2988 1429 3050 est,
1459 2982 1508 3038 sed
1523 2981 1634 3053 simplici

446 3069 566 3144 linguas,
581 3068 647 3149 quia
659 3069 788 3141 scriptum
803 3077 845 3125 est
858 3069 885 3124 in
900 3069 961 3142 lege
977 3070 1038 3126 boc.
1054 3069 1189 3139 Quoniam
1204 3070 1245 3126 lo-
1294 3071 1379 3136 Dens,
1395 3069 1496 3141 quiesi
1517 3070 1607 3126 nullus
1630 3069 1634 3124 i

445 3159 536 3232 quitur
550 3157 650 3230 populo
664 3157 738 3228 huic,
752 3159 898 3225 malevolo,
909 3157 938 3212 in
951 3157 1013 3214 aliis
1026 3158 1127 3233 linguis
1142 3167 1169 3215 ct
1183 3159 1244 3215 aliis
1294 3157 1395 3229 ductio,
1426 3175 1487 3230 quae
1514 3158 1615 3231 linguis

446 3248 525 3304 labiis
540 3263 622 3320 quam
638 3245 763 3303 fidelibus
779 3255 805 3303 et
820 3247 971 3314 benevolis,
988 3247 1033 3320 qui
1048 3255 1137 3304 autern
1153 3247 1243 3304 inre·
1294 3246 1421 3304 revelari.
1441 3248 1471 3304 Si
1493 3251 1599 3304 autem.
1615 3246 1634 3317 Q

446 3336 581 3394 velatione
596 3351 649 3408 que
664 3335 770 3409 indigni
783 3344 855 3406 sunt,
873 3336 921 3392 sed
943 3335 971 3391 in
994 3336 1130 3409 parabolis
1144 3337 1244 3392 dicitur
1295 3343 1335 3391 tur
1355 3335 1466 3407 linguis,
1482 3335 1548 3390 illud
1571 3336 1633 3392 inco

445 3426 485 3482 eis
513 3425 702 3499 Evangelium.
731 3425 766 3480 lit
790 3425 830 3482 sic
853 3441 908 3480 non
930 3424 1076 3481 exaudient
1099 3442 1153 3492 me,
1178 3425 1244 3482 dicit
1294 3441 1391 3481 omnes
1401 3423 1500 3479 viritim
1511 3425 1634 3498 prophet«

446 3515 588 3580 Dominus,
598 3513 668 3570 siout
683 3529 735 3570 nec
755 3513 831 3587 digni
840 3520 912 3570 sunt.
928 3515 1046 3588 ltaquea
1062 3514 1143 3570 simili
1151 3513 1242 3572 infert.
1295 3516 1353 3569 tem
1368 3516 1430 3586 quis
1444 3513 1569 3583 infidelis
1590 3531 1634 3570 aur

446 3603 531 3672 Quasi
559 3603 629 3658 dicat
642 3619 648 3658 :
662 3600 732 3670 Quia
753 3602 910 3674 parabolice
934 3611 961 3659 et
983 3603 1099 3660 obscure
1127 3602 1245 3677 loquitur
1295 3617 1390 3658 errore
1413 3603 1447 3658 ab
1471 3603 1634 3669 omnibus<

445 3692 519 3747 Deus
537 3689 648 3762 perfidis
672 3698 699 3746 et
721 3690 862 3747 malevolis
884 3699 996 3765 propter
1017 3691 1140 3764 ipsorum
1161 3691 1243 3747 mali·
1295 3690 1447 3747 ostenditur
1470 3691 1504 3748 ab
1527 3692 1634 3747 omnibu

446 3780 521 3836 tiam.
538 3781 631 3852 ltaque
645 3795 695 3852 per
707 3781 759 3837 boc
782 3788 864 3852 patet,
880 3781 954 3854 quod
975 3781 1077 3854 linguae
1091 3781 1120 3836 in
1134 3780 1243 3854 signum
1295 3780 1359 3852 quin
1374 3780 1485 3836 occuito
1499 3780 1591 3836 cordis
1606 3781 1632 3850 ep'

446 3876 517 3936 sunt,
547 3885 602 3925 non
631 3869 751 3926 fidelium
781 3870 829 3927 sed
863 3869 1024 3940 intidelium,
1055 3870 1082 3925 id
1110 3878 1152 3926 est
1181 3885 1243 3926 ser·
1295 3867 1398 3925 sciebat
1412 3877 1634 3940 essepeocuta,r

444 3974 541 4014 mones
554 3958 605 4014 Dei
615 3958 752 4032 incognita
766 3958 860 4032 lingua
874 3958 984 4016 obscuri
998 3966 1069 4027 sunt,
1085 3975 1120 4015 ne
1135 3959 1246 4015 videan-
1294 3957 1374 4012 nibus
1384 3957 1503 4014 illorum.
1520 3959 1555 4014 Et
1571 3959 1614 4013 ita
1628 3976 1634 4013 ι

445 4053 488 4102 tur
501 4063 517 4102 a
530 4045 650 4119 perfidis,
666 4055 705 4114 ut,
729 4063 790 4104 aum
813 4047 958 4104 audiuntur
987 4047 1095 4122 signum
1119 4047 1162 4114 sit,
1180 4047 1244 4120 quia
1294 4045 1364 4102 bans
1378 4063 1418 4115 se,
1435 4047 1563 4104 adorabit
1577 4047 1634 4103 Deo

444 4145 554 4209 propter
575 4134 719 4208 perfidiam
735 4136 835 4193 iactum
857 4144 907 4204 est,
922 4145 951 4192 ut
965 4137 1105 4193 audientes
1129 4151 1184 4194 noa
1199 4135 1244 4192 in·
1294 4135 1377 4203 cavit,
1391 4138 1587 4209 pronuntians
1600 4151 1634 4191 on

446 4224 578 4298 telligant.
595 4225 652 4282 lloc
675 4224 766 4297 utique
781 4223 810 4279 fit
824 4223 981 4281 infidelibus
1005 4225 1104 4297 quibas
1118 4233 1245 4299 teguntur
1295 4226 1366 4297 qnod
1381 4226 1452 4281 Deus
1467 4241 1530 4281 vere
1544 4227 1584 4281 sit
1600 4225 1630 4280 in

444 4330 550 4370 sensus.
568 4313 705 4370 Fidelibus
721 4329 784 4370 vero
797 4314 924 4370 convenit
944 4314 1095 4386 prophetia,
1112 4330 1167 4370 non
1190 4314 1281 4378 lin-1)
1296 4312 1478 4368 determinare
1505 4313 1634 4385 quomoda

444 4419 498 4477 gna
513 4401 664 4476 incognita.
683 4402 761 4458 Unde
774 4403 864 4458 subdit
881 4417 887 4458 ι
903 4402 1062 4475 Prophetine
1085 4406 1192 4470 autem,
1216 4409 1244 4456 ut
1297 4401 1369 4457 dicat
1386 4397 1633 4473 :Quandoquidem

445 4492 570 4548 sensibus
584 4491 698 4564 perlecti
712 4492 766 4546 sint
778 4489 883 4558 fideles,
895 4492 967 4548 datae
981 4500 1052 4558 sunt,
1068 4507 1127 4548 non
1141 4491 1244 4562 infide·
1293 4488 1461 4563 linguarum,
1486 4506 1554 4565 ergo
1577 4490 1634 4563 quii

445 4581 528 4652 libus,
544 4597 579 4638 ne
593 4589 715 4638 sanctum
739 4581 817 4636 detur
839 4579 962 4648 canibus,
986 4581 1035 4637 sed
1054 4580 1194 4650 fidelitas,
1216 4587 1244 4636 ut
1295 4578 1359 4634 esti
1372 4578 1476 4636 scilicet
1489 4580 1542 4636 hoc
1559 4594 1565 4633 :
1583 4578 1634 4635 Cur

444 4669 622 4727 aedificentur.
1295 4667 1396 4742 linguis
1410 4668 1445 4725 ad
1458 4667 1635 4724 aedificatione

1294 4757 1365 4812 Nam
1379 4757 1568 4830 compitisque
1583 4773 1634 4813 uest

480 4842 699 4906 Varatedo.—
706 4849 735 4907 Si
745 4864 807 4922 erpo
817 4849 968 4905 conueniat
976 4846 1110 4904 universo
1119 4846 1245 4904 Ecclesia
1294 4845 1435 4917 potestati
1450 4845 1485 4900 ad
1504 4843 1634 4902 aediticatir

444 4939 617 5004 manumet
628 4953 724 4995 ornnes
734 4938 838 5010 linguis
851 4938 1135 5009 loquantur,intrent
1146 4939 1244 4992 numm
1295 4933 1370 4991 verbi
1393 4932 1489 5007 gratia,
1506 4932 1577 4990 alius
1600 4936 1634 4990 ba

444 5025 541 5082 idiotoe
551 5029 601 5081 nat
613 5026 751 5096 infideles,
763 5041 857 5084 nonne
875 5023 972 5082 disent
982 5044 991 5081 .·
1003 5024 1074 5093 Quid
1090 5023 1245 5080 insaritis?
1295 5023 1345 5079 Dei
1361 5039 1410 5095 per
1424 5022 1570 5079 canticum.
1587 5023 1634 5079 Vel

444 5113 474 5172 Si
484 5117 581 5170 autem
591 5131 687 5170 ornnes
702 5113 979 5186 propempticon
989 5115 1083 5170 autem
1101 5113 1163 5186 quis
1180 5111 1245 5181 infi-
1295 5111 1331 5168 tia
1346 5112 1396 5168 Dei
1406 5111 1528 5184 psalmos
1536 5111 1634 5186 intellig

445 5203 517 5260 delia
528 5204 570 5259 oet
580 5202 678 5271 idiota,
687 5202 1056 5269 convincituraiomnilrus,
1069 5201 1246 5273 dijudicatur
1295 5201 1465 5268 doctrinam,
1475 5200 1634 5257 demoribus

446 5291 479 5349 ab
497 5293 636 5350 omnibus.
659 5291 776 5349 Occulta
792 5294 871 5348 enirn
894 5292 986 5349 cordis
1001 5293 1062 5364 ejus
1089 5290 1245 5361 manifesta
1296 5275 1467 5346 lemsensum
1476 5290 1634 5362 perpruden

445 5379 723 5450 fiunt,etitacadenr
733 5382 765 5437 in
774 5383 878 5453 faeiem
885 5381 1248 5452 adorabttDeampr-onun·
1295 5378 1381 5434 idest
1396 5377 1590 5436 revelationem
1607 5395 1613 5446 ;
1631 5395 1634 5433 ι

446 5470 523 5529 tiana
533 5471 605 5544 quod
614 5486 677 5530 aere
691 5470 765 5529 Dens
774 5471 807 5528 in
816 5471 890 5530 notu
902 5471 950 5529 stt.
965 5469 1036 5541 Quid
1048 5485 1112 5542 erpo
1123 5471 1177 5540 est,
1186 5469 1246 5541 tro·
1294 5466 1460 5544 linguarum,
1476 5465 1521 5527 vel
1534 5465 1634 5541 scriptu
