3946 6070
568 192 849 250 COMUUNTARIUU
872 195 909 248 lN
936 193 1102 258 PSALUOS,
1119 199 1259 254 -esm
1282 199 1379 256 cxtx.

723 400 1006 505 rsennus
1047 403 1222 507 cxlx.

245 601 343 642 rernm
358 602 490 642 rtrunns:
509 611 519 636 u
536 604 674 645 cnnrtcuu
689 605 830 646 cntouun.
846 613 857 641 ι
962 592 1065 656 Αἰιιιιᾱ
1081 595 1155 666 quod
1169 596 1266 651 oculus
1278 611 1333 652 non
1349 597 1424 663 vidit,
1441 599 1532 654 necin
1547 617 1596 656 cnr
1619 604 1736 661 bominis
1758 623 1800 662 as·

190 693 231 749 Ad
245 694 397 750 Dominum
410 710 475 750 curn
491 696 654 752 tribularer.
666 696 788 752 Titulus:
803 699 952 754 Canticum
1003 682 1112 736 “fidili
1130 685 1155 752 (¹
1165 684 1223 740 ΕΘΓ·
1238 685 1278 752 u).
1293 685 1345 740 Pel
1360 701 1441 756 quem
1456 688 1795 761 ⁸⁵0⁸¹¹di13llelvelbum

152 779 303 851 prodeunt.
320 781 468 853 [Cassiod]
490 783 690 840 beatitudinem
718 801 798 856 quam
826 786 952 855 superior
1002 768 1181 838 mmmmm»
1198 773 1428 844 tl¹¹⁰<idescendit
1447 776 1643 847 milesimum
1675 796 1726 836 n0s
1749 796 1797 838 ⁸⁸·

153 869 275 938 psalmus
291 870 364 924 nnita
378 871 539 926 meritorum
554 872 685 928 varietate
700 873 825 940 cantavit,
843 874 887 928 isti
908 891 951 929 se·
1001 858 1189 913 cendelefflfls·
1211 861 1329 915 Verbum
1352 861 1423 916 essim
1453 879 1518 918 ⁰³l0
1546 864 1655 933 s³⁰¹1¹¹1¹t
1685 868 1798 926 calicem

153 965 269 1028 (luentes
283 958 380 1030 psalmi
396 960 526 1014 ordinaris
542 975 579 1014 xv
594 961 735 1032 gradem„
753 971 805 1016 ,Hm
828 962 949 1032 psalmo,
1000 945 1096 1001 bibens
1112 948 1256 1016 passionis,
1276 947 1374 1005 lactum
1392 959 1432 1006 est
1447 952 1526 1007 nobis
1549 954 1680 1010 convallis
1708 955 1800 1027 plora-

152 1062 308 1119 rumquam
324 1047 482 1102 memorum
505 1048 532 1102 in
560 1061 760 1105 ,affl-amenum
790 1051 895 1105 qvem-j,
923 1059 950 1106 ει
1000 1033 1091 1089 tionis.
1108 1037 1220 1091 blanens
1236 1053 1302 1092 roro
1317 1039 1389 1108 opud
1404 1041 1490 1094 Deum
1506 1049 1547 1096 est
1562 1059 1641 1098 mons
1655 1046 1797 1101 ascensio-

153 1134 223 1189 Novi
252 1136 417 1190 Testamenti
446 1136 589 1207 explicant.
619 1137 748 1210 [alcuin]
774 1139 949 1208 septenarius
999 1122 1050 1177 ssis·
1070 1125 1114 1180 Sic
1130 1126 1201 1180 enlm
1216 1126 1358 1182 destefldll
1372 1128 1406 1183 ad
1421 1136 1457 1194 ἴθι
1486 1137 1515 1183 ut
1542 1141 1664 1187 maneret
1691 1133 1718 1188 in
1748 1151 1797 1202 ⁵³3

152 1222 224 1277 enim
239 1223 274 1278 ιιι
289 1232 366 1278 ,vetus
382 1223 506 1291 refertur,
524 1225 680 1280 octonarius
695 1227 729 1280 ad
753 1243 863 1282 novum,
894 1228 948 1282 pa.
998 1212 1139 1268 descendit
1154 1215 1189 1268 nd
1204 1223 1240 1282 te,
1257 1223 1284 1269 ut
1300 1214 1376 1271 fieret
1391 1216 1437 1271 tibi
1452 1218 1582 1273 convallis
1609 1220 1770 1291 plorationis
1786 1242 1794 1288 3

152 1319 210 1366 tres
223 1327 339 1384 namque
355 1313 461 1368 Veteris
482 1315 647 1368 Testamenti
677 1315 822 1388 hebdoadi,
852 1315 879 1370 id
907 1324 949 1370 est
999 1301 1193 1366 massSUissffls
1211 1303 1496 1370 ὓῑθὲῧθῑῑῑῦῑῐῃθῃὲι
1521 1307 1556 1360 ad
1585 1323 1666 1378 ‘luem
1693 1325 1794 1365 ascen-

151 1399 306 1470 septenario
319 1400 473 1456 serviebant
488 1418 495 1466 ;
511 1402 696 1457 observabant
710 1404 781 1456 enim
803 1403 947 1474 septimum
998 1389 1088 1445 deses·
1105 1391 1146 1444 Ab
1161 1391 1284 1462 exemplo
1300 1389 1367 1464 &78⁰
1382 1393 1573 1449 humUUUfflUS
1584 1396 1643 1463 elus
1658 1398 1793 1453 ascenda-

150 1487 234 1554 diem,
250 1487 293 1543 vel
306 1489 462 1554 sabbatum,
478 1489 620 1560 septimam
644 1491 832 1561 septimanam,
861 1493 945 1563 septi.
998 1493 1042 1540 tnr
1056 1487 1091 1541 ad
1105 1487 1281 1554 voluntatem,
1304 1499 1330 1543 ει
1357 1489 1525 1544 altitudinem
1555 1491 1663 1548 deitatis
1691 1493 1788 1564 ipsius.

150 1591 225 1630 mum
240 1591 372 1643 mensem,
388 1577 532 1647 septimum
547 1593 658 1644 annum,
677 1587 702 1633 ει
726 1579 870 1650 septimum
895 1595 947 1635 an.
998 1574 1505 1647 Primusautemgradusestemalis
1534 1579 1625 1635 saeculi
1654 1580 1738 1649 exire,
1769 1593 1796 1638 et

151 1679 217 1719 num
232 1665 355 1736 septima
378 1665 500 1730 decadis,
533 1666 578 1739 qui
607 1666 732 1736 jubitaeur
764 1667 862 1724 dicitur
888 1669 948 1740 (pp.
997 1663 1132 1718 universe
1148 1663 1257 1718 vanitati
1272 1664 1436 1720 renuntiare.
1454 1663 1599 1739 [Cassiod.,
1615 1667 1733 1743 alcuin]
1745 1671 1796 1728 lni-

150 1754 201 1810 vil.
219 1763 302 1820 xxtn,
313 1755 390 1825 xxv).
404 1756 493 1810 Patres
501 1771 566 1811 vero
575 1755 645 1811 Noni
653 1757 817 1811 Testamenti
830 1757 947 1830 ogdoadi
997 1751 1063 1805 llum
1078 1752 1150 1806 enim
1165 1751 1302 1822 prolectas
1316 1761 1358 1808 est
1372 1753 1489 1808 carnalia
1504 1753 1568 1810 vitia
1581 1755 1743 1829 relinquere,
1768 1767 1796 1816 ει

152 1841 282 1910 serviunt,
302 1843 330 1897 id
352 1851 394 1898 εει
422 1843 570 1908 octonario,
600 1843 662 1915 qnia
690 1852 800 1900 serrant
823 1853 947 1900 octauum
997 1838 1114 1895 Domino
1143 1840 1306 1910 supplicare.
1338 1841 1415 1897 Unde
1446 1841 1474 1896 in
1500 1843 1586 1898 veteri
1609 1843 1670 1918 lege
1685 1846 1794 1918 quando

151 1929 224 1985 diem
265 1947 325 2003 qnae
363 1931 507 1987 Dominica
546 1931 655 2000 dicitur,
673 1939 700 1987 et
731 1941 844 1988 octavas
877 1927 1140 2010 mar-Bemebatur
1167 1927 1332 1999 mancipium
1369 1929 1471 2002 gentile
1497 1929 1663 1987 radebantur
1689 1950 1796 2008 ungues

151 2025 253 2090 tyrum,
293 2027 319 2074 et
363 2023 489 2076 octavam
537 2019 747 2075 resurrectionis
779 2029 946 2091 exspectent.
999 2015 1065 2084 ejus,
1083 2023 1110 2070 et
1124 2016 1215 2087 capilli
1231 2016 1413 2072 tondebantur
1427 2018 1522 2086 (brut.
1540 2021 1613 2090 ιιι).
1629 2019 1796 2094 Quiaopor·

151 2106 272 2178 ideoque
287 2107 519 2178 peractonarinm
546 2116 572 2163 et
600 2109 783 2179 septenarium
810 2111 865 2166 duo
893 2111 947 2166 Te·
998 2111 1036 2158 tel
1063 2113 1182 2158 veterem
1210 2105 1353 2160 vanitatem
1383 2121 1518 2178 quemque
1546 2123 1654 2178 exuere,
1683 2117 1712 2165 ut
1740 2111 1796 2168 Do-

151 2203 287 2251 sarmenta
301 2195 455 2270 signantur.
470 2196 548 2253 Unde
562 2196 690 2252 salomon
707 2214 713 2251 ς
732 2199 770 2253 pa
785 2202 949 2271 parterm).
998 2191 1063 2246 mini
1078 2192 1209 2263 obsequio
1223 2194 1403 2264 mancipetur.
1420 2193 1470 2250 llic
1484 2210 1551 2268 ergo
1565 2211 1582 2250 a
1597 2198 1796 2255 renuntiatione

154 2287 585 2354 lem,neenoneloelo(l3cele.
615 2285 667 2354 ιιι).
693 2284 799 2358 [Hilari
823 2284 947 2354 Quinde-
998 2281 1423 2354 saculi,quibusdamgrndibns
1448 2283 1614 2351 meritorum,
1643 2285 1680 2341 ad
1711 2295 1794 2342 ater-

150 2373 206 2430 cim
220 2373 356 2445 graduum
370 2371 400 2427 fn
414 2373 561 2440 distinctio,
577 2382 605 2428 nt
618 2390 667 2444 per
694 2374 751 2429 haee
781 2373 948 2446 significetur
997 2384 1058 2422 nam
1074 2377 1101 2424 et
1111 2369 1257 2440 perlectam
1290 2370 1447 2442 pervenitur
1480 2371 1651 2440 charitatem,
1677 2390 1738 2445 quae
1766 2375 1794 2431 in

150 2461 268 2518 duorum
281 2463 516 2518 'testamentorum
531 2461 681 2517 doctrinam
696 2462 723 2516 in
747 2462 789 2516 bis
815 2463 947 2533 gradibus
997 2473 1104 2512 summo
1123 2459 1209 2532 gradu
1224 2458 1312 2514 locata
1326 2467 1379 2515 est.
1396 2459 1529 2518 intentio:
1545 2459 1653 2536 [anan]
1666 2462 1723 2518 Nos
1738 2477 1794 2520 mo

151 2550 293 2608 contineri.
307 2551 342 2606 Et
356 2559 417 2606 sunt
432 2550 476 2606 bic
499 2550 653 2622 quindecim
681 2551 793 2624 gradus,
824 2551 892 2606 sicut
920 2552 947 2605 in
997 2554 1043 2600 net
1056 2547 1212 2612 ascendero,
1230 2563 1291 2619 quae
1306 2547 1401 2604 eadem
1417 2557 1458 2603 est
1472 2549 1499 2603 in
1514 2549 1650 2618 omnibus,
1674 2551 1744 2608 sieut
1767 2559 1794 2608 et

147 2629 252 2710 'templo
266 2637 418 2694 Salomonis
434 2638 545 2694 totidem
561 2647 639 2693 erant
658 2640 771 2712 gradus,
788 2639 887 2711 quibus
899 2655 946 2695 as·
996 2650 1066 2689 unns
1082 2635 1184 2691 titulus.
1200 2636 1295 2692 blodus
1312 2655 1319 2691 ε
1335 2634 1482 2709 [Cassiod]
1497 2637 1641 2707 Bipartitns
1655 2645 1698 2694 est
1719 2639 1794 2710 psal·

150 2727 319 2784 cendebatur
332 2727 360 2781 in
381 2727 511 2797 templum
541 2727 613 2798 quod
641 2735 683 2782 est
710 2725 797 2800 figura
827 2728 946 2783 eoelestis
997 2739 1067 2777 mus.
1084 2722 1176 2779 Primo
1191 2725 1339 2780 ascendere
1354 2723 1497 2795 incipiens,
1514 2726 1578 2798 qnia
1591 2727 1691 2782 multos
1719 2727 1795 2784 inve-

148 2816 253 2886 templi,
270 2815 392 2888 adqnod
409 2815 595 2887 hisgradibus
621 2815 784 2870 ascenditur.
814 2817 878 2872 llaec
906 2824 947 2871 est
997 2810 1361 2886 nitobsistentesalinguis
1381 2827 1474 2868 eornm
1503 2813 1576 2885 cupit
1603 2813 1725 2871 liberari.
1743 2816 1795 2872 Se·

150 2904 227 2960 scala
241 2904 336 2960 laceb.
352 2904 383 2958 ln
397 2903 477 2958 scalis
492 2903 564 2958 enim
580 2902 646 2958 vidit
659 2904 745 2958 Jacob
759 2903 871 2976 angelos
900 2919 946 2958 as·
997 2899 1085 2954 cundo
1101 2899 1135 2954 de
1150 2901 1325 2970 permistione
1341 2899 1472 2956 malornm
1483 2903 1667 2974 conqueritur,
1680 2903 1727 2971 ibi,
1740 2906 1795 2962 beu

149 2993 300 3049 uendentes
313 2999 340 3048 et
354 2991 552 3047 descendentes
568 2992 649 3060 (Gen.
664 2993 777 3060 xxviii).
790 2989 884 3064 [top]
913 2991 946 3045 lli
996 2988 1088 3042 nelli!
1103 2987 1195 3042 lustns
1210 3003 1277 3060 ergo
1292 2988 1387 3044 volens
1401 2989 1476 3046 exire
1490 2990 1525 3045 de
1535 2991 1614 3045 malls
1624 2991 1726 3059 saeculi,
1739 2993 1796 3064 qui·

149 3083 213 3132 sunt
229 3075 384 3148 spirituales
398 3075 533 3142 doctores,
564 3075 611 3146 qui
637 3091 688 3146 per
713 3077 763 3130 hos
788 3075 946 3128 meritorum
997 3073 1047 3128 bns
1061 3075 1242 3144 premebatur,
1260 3075 1324 3131 dicit
1339 3091 1368 3131 se
1383 3075 1515 3131 clamasse
1530 3077 1564 3132 ad
1579 3078 1724 3133 Dominum
1735 3079 1791 3136 sic:

147 3165 251 3236 gratim
266 3164 344 3237 quasi
363 3180 413 3235 per
431 3164 555 3235 quaedam
570 3162 758 3218 interscalaria
773 3162 947 3218 ascendendo
1032 3163 1117 3216 Vens.
1127 3161 1333 3219 lez'fflu
1346 3161 1553 3232 lthominum,
1563 3181 1625 3220 cum
1636 3165 1790 3234 tribularer,

148 3243 292 3326 proliciunt
325 3252 469 3324 usquead
505 3250 672 3307 intellectum
701 3250 892 3320 spiritualium,
920 3259 947 3306 at
999 3249 1161 3316 «clamavi3
1177 3259 1203 3305 et
1218 3249 1356 3306 exaudivit
1370 3265 1455 3307 met

147 3341 228 3417 qnasi
242 3341 441 3398 descendentes
456 3339 573 3412 parvulis
601 3355 631 3395 se
658 3347 864 3410 contemperant
890 3302 985 3394 nono
1033 3339 1101 3393 Cum
1115 3339 1279 3404 tribularer,
1295 3337 1405 3412 [lidan]
1419 3338 1548 3410 peccatis,
1563 3342 1685 3398 clamari
1701 3341 1792 3398 inten-

148 3431 287 3489 cadentes.
304 3429 381 3485 Cadit
396 3428 468 3484 enim
483 3427 528 3500 qui
556 3425 655 3494 deficit,
672 3427 813 3483 descendit
841 3426 888 3499 qui
915 3443 945 3484 se
995 3425 1182 3494 sionecordis,
1194 3427 1397 3493 adventinum,
1409 3435 1489 3483 utme
1507 3429 1635 3485 educeret
1646 3447 1654 3498 ;
1665 3433 1794 3488 eleuau-

148 3522 335 3586 contemperat
349 3513 477 3586 parvulis.
493 3511 598 3567 Cecidit
611 3511 698 3566 Adam
714 3527 764 3582 per
790 3511 945 3582 superbiam
995 3515 1067 3571 divit
1079 3531 1133 3585 rne,
1150 3515 1244 3589 [top]
1259 3515 1450 3572 constituendo
1458 3517 1492 3571 ad
1503 3517 1604 3590 gradus
1614 3519 1790 3586 ascendendi,

146 3603 332 3661 intumescens
344 3621 351 3668 ;
367 3600 507 3657 descendit
523 3600 646 3656 Christus
660 3615 710 3670 per
730 3599 945 3655 misericordiam
995 3603 1041 3658 ubi
1054 3612 1114 3660 orat
1128 3613 1223 3661 contra
1236 3604 1344 3677 linguae
1357 3603 1568 3671 detrahentium,
1588 3606 1702 3663 dicens:

146 3693 268 3767 parvulis
283 3690 516 3749 condescendens.
534 3689 578 3746 Sic
589 3697 616 3744 et
627 3689 668 3744 sui
694 3705 745 3758 per
768 3688 945 3743 bumilitatem
1031 3693 1117 3748 Vens.
1132 3696 1160 3749 ι.
1176 3713 1238 3744 -ι
1263 3693 1388 3766 Domine,
1418 3692 1503 3748 libera
1529 3693 1647 3750 animam
1673 3710 1792 3752 masma

146 3781 326 3846 descendunt,
342 3795 396 3836 non
411 3795 460 3851 per
474 3777 628 3849 superbiam
643 3777 753 3833 cadunt.
771 3777 848 3832 Unde
869 3777 945 3847 ltpo-
998 3801 1009 3830 ι
1026 3779 1106 3834 labiis
1119 3780 1239 3852 iniquis:
1255 3788 1281 3835 et
1296 3780 1416 3854 elingua
1427 3779 1533 3836 dolosa.
1553 3801 1565 3832 ι

145 3872 233 3928 ειοιιιε
250 3870 329 3926 :Sine
344 3870 420 3924 enim
430 3871 526 3923 mente
540 3866 705 3922 excedimus
716 3867 779 3931 ileo,
789 3866 847 3920 siue
862 3865 946 3920 sobrii
1030 3869 1157 3934 Dmnine,
1171 3868 1266 3924 libere.
1279 3867 1373 3942 lang,
1389 3867 1524 3940 Cassiod]
1540 3868 1609 3924 Cum
1623 3869 1697 3926 enim
1724 3870 1791 3928 inci·

147 3977 247 4017 suerrus
261 3959 335 4015 vebis
345 3958 387 4029 lll
399 3959 460 4013 Cor.
475 3955 514 4028 v).
532 3955 580 4010 llis
590 3970 658 4026 ergo
669 3953 801 4027 gradibus
812 3951 945 4008 inoffenso
995 3953 1033 4025 pit
1047 3955 1127 4010 homo
1142 3955 1301 4024 ascendere,
1318 3955 1345 4010 id
1361 3963 1403 4010 εει
1431 3955 1532 4026 cogitat
1558 3955 1693 4028 perlicere
1721 3973 1790 4016 con-

144 4049 216 4122 pede
231 4047 329 4103 mentis
343 4045 501 4102 ascenditur
515 4052 594 4116 atque
609 4041 792 4098 descenditur.
805 4041 945 4097 Graduum
995 4051 1096 4114 tempto
1111 4043 1212 4099 saecnlo
1226 4043 1277 4098 soli
1291 4043 1349 4099 Deo
1363 4045 1471 4099 haerens
1486 4043 1579 4115 incipit
1601 4044 1657 4118 pati
1683 4045 1792 4121 linques

145 4145 236 4192 autem
249 4151 349 4191 nomen
363 4133 521 4206 ambignum
535 4145 577 4188 εει
591 4131 663 4203 apud
678 4147 737 4194 nos,
755 4130 818 4202 quia
842 4130 945 4202 gradus
994 4131 1206 4200 adversantium,
1223 4131 1249 4187 id
1265 4139 1306 4186 est
1320 4131 1529 4201 detrahentium,
1546 4141 1572 4189 et
1586 4135 1659 4206 quod
1682 4136 1791 4208 gravius

145 4225 262 4282 dicimus
293 4221 498 4280 ascendentium
529 4229 555 4276 et
582 4217 814 4276 descendentium.
850 4217 943 4291 lang,
995 4227 1045 4289 est,
1085 4220 1161 4292 quasi
1197 4219 1498 4278 consulendoasalute
1524 4223 1709 4279 avertentium.
1735 4223 1791 4281 llas

145 4309 388 4387 [Cassiod.,tug.]
403 4310 482 4381 Apud
498 4301 608 4366 Craecos
623 4315 727 4363 eertum
741 4315 782 4362 est
796 4306 868 4378 quod
897 4321 944 4361 as·
994 4324 1071 4382 ergo,
1088 4305 1202 4381 quinon
1226 4309 1335 4380 patitur,
1370 4311 1490 4366 nondum
1518 4311 1651 4383 prolicere
1666 4320 1788 4369 conatur.

146 4399 318 4459 condentium
343 4407 447 4455 tanturn
476 4405 538 4454 sunt
565 4397 677 4470 grados.
706 4395 755 4450 Est
782 4403 872 4450 eutem
900 4395 944 4452 liic
994 4399 1165 4452 ascensurus
1196 4413 1264 4471 ergo
1295 4399 1411 4470 primum
1444 4407 1538 4456 contra
1570 4415 1616 4454 ees
1650 4408 1786 4470 precatur.
1882 4422 1885 4432 ’

144 4506 285 4555 ascensus,
302 4486 458 4560 qnifitnon
473 4486 572 4558 pedum
595 4485 730 4556 passibus,
758 4483 807 4540 sed
835 4499 944 4554 promo·
994 4483 1079 4553 Quasi
1092 4484 1268 4554 dieatzouia
1293 4503 1337 4542 me
1366 4487 1393 4541 in
1419 4487 1507 4560 gradu
1534 4487 1706 4554 constituisti,
1733 4487 1790 4557 jam

146 4579 220 4635 tione
236 4577 390 4644 affectuum,
407 4584 435 4630 ut
448 4575 483 4631 de
495 4574 594 4631 virtute
609 4573 636 4628 in
651 4572 777 4628 virtutem
807 4572 944 4628 ascende·
994 4590 1071 4645 ergo.
1089 4589 1106 4628 o
1121 4577 1248 4641 llomlne,
1261 4576 1348 4631 libere
1359 4577 1486 4631 animam
1496 4591 1616 4631 meomo
1631 4575 1712 4631 lobiis
1726 4575 1787 4631 ini-

143 4676 198 4734 tur,
218 4666 264 4722 nbi
279 4665 397 4723 charitas
408 4672 499 4720 movet
512 4663 620 4734 pedem.
637 4661 756 4733 ideoque
770 4669 870 4732 quanto
881 4659 942 4732 quis
956 4656 1064 4735 anis,
1075 4679 1135 4735 qnae
1145 4663 1236 4735 iniqua
1247 4663 1378 4729 suadent;
1390 4667 1445 4720 ela
1470 4665 1568 4736 linquo
1589 4662 1698 4731 doure,
1726 4681 1787 4736 qnae

142 4757 206 4830 plus
221 4755 319 4828 diligit,
334 4761 409 4810 tanto
423 4753 511 4824 magis
533 4751 656 4808 ascendit
672 4767 679 4805 ε
697 4759 722 4806 ει
737 4750 798 4804 ideo
820 4765 940 4822 congrue
990 4752 1082 4823 specie
1096 4752 1256 4808 consulendi
1268 4752 1329 4822 plus
1352 4760 1442 4808 nocet.
1472 4752 1535 4808 llaec
1561 4751 1624 4807 talia
1652 4767 1787 4810 converso

144 4844 312 4917 praeponitur
344 4841 489 4908 canticum,
519 4841 590 4913 qnod
619 4847 661 4895 est
687 4839 827 4894 exsultatio
842 4838 940 4893 mentis
990 4849 1222 4906 moxoccnrrnnt‚
1239 4841 1311 4895 unde
1335 4839 1439 4911 primus
1462 4839 1544 4896 homo
1570 4840 1679 4897 corruit.
1703 4841 1786 4896 Labie

143 4933 238 4988 habita
252 4949 301 5003 pro
315 4930 433 4987 aeternis.
449 4931 484 4984 Et
496 4938 537 4984 est
548 4945 664 4983 sensus:
680 4927 723 4994 hic
738 4935 779 4982 εει
794 4928 939 4983 canticum
989 4928 1060 4983 enim
1076 4929 1168 5000 iniqua
1184 4927 1292 4983 luerunt
1310 4928 1408 5000 quibus
1422 4945 1582 4998 expressum
1596 4938 1656 4985 est:
1670 4929 1786 4988 comede

142 5022 294 5094 precluum,
311 5021 338 5075 id
353 5027 394 5074 εει
408 5019 506 5073 mentis
522 5016 663 5072 exsultatio
678 5017 712 5071 de
726 5033 839 5070 ascensu
855 5015 938 5084 spiri·
990 5019 1070 5084 (Gen.
1087 5017 1128 5087 ιι).
1145 5017 1248 5086 Lingua
1263 5017 1369 5080 dolose,
1386 5032 1439 5088 qua
1460 5017 1572 5087 palliato
1599 5015 1653 5073 line
1680 5016 1786 5073 consilii

143 5109 219 5180 tuali,
235 5109 299 5182 qnia
314 5108 468 5180 spirituales
492 5107 591 5178 gradus
611 5113 672 5160 sunt
697 5105 751 5159 isti.
781 5104 939 5158 ascendens
990 5105 1092 5160 dictum
1107 5114 1148 5159 est
1161 5123 1167 5159 :
1180 5107 1266 5161 Eritis
1281 5107 1354 5160 aieret
1365 5105 1406 5160 dii
1417 5106 1495 5173 (Gen.
1512 5109 1564 5177 tu).
1581 5106 1635 5162 Sed
1654 5105 1785 5162 Dominus

142 5199 269 5272 argubio
285 5198 413 5270 loquitur,
430 5197 478 5251 sed
495 5195 640 5250 videndum
654 5203 696 5249 cst
723 5192 784 5265 quis
797 5193 938 5260 ascendat,
991 5193 1068 5264 quasi
1084 5209 1216 5248 exercens
1233 5193 1325 5260 istum,
1342 5193 1406 5249 dicit
1422 5195 1466 5249 ei:

142 5289 228 5344 abiet
241 5288 322 5356 unde,
339 5287 406 5342 etin
422 5285 486 5357 quid
501 5286 640 5348 ascendat,
652 5291 677 5338 et
691 5299 740 5352 per
750 5281 839 5353 qoem
852 5281 940 5350 Quis?
1028 5283 1111 5336 l'nns.
1128 5285 1153 5336 3.
1169 5313 1204 5322 —
1221 5303 1231 5331 r
1250 5281 1320 5351 Quid
1337 5283 1417 5338 detur
1432 5282 1488 5350 tibi,
1504 5289 1549 5337 aut
1559 5281 1625 5354 quid
1635 5291 1787 5355 apponatur

142 5379 186 5434 vir
201 5378 311 5446 justus;
328 5375 375 5430 nbi
391 5373 420 5430 fit
435 5373 587 5430 ascensus‘.l
602 5373 629 5426 in
643 5371 737 5426 eorde.
755 5371 831 5425 Unde
855 5369 939 5424 alibi:
994 5391 1005 5420 ι
1023 5369 1069 5424 tibi
1084 5370 1120 5424 nd
1136 5370 1258 5440 linguam
1274 5370 1420 5426 dolosam?
1438 5395 1449 5418 n

143 5467 327 5524 ascensiones
341 5466 373 5520 in
387 5464 469 5522 eorde
482 5479 532 5520 suo
547 5460 685 5534 disposuit
706 5460 792 5530 (Prot.
810 5461 939 5530 cxxxrn).
1029 5457 1100 5528 Quid
1115 5459 1200 5515 delur
1215 5460 1274 5516 tibi.
1288 5457 1507 5533 [Arrg.,blcuin.,
1519 5457 1788 5536 tuemuasteicu:

141 5555 221 5614 Unde
236 5552 384 5612 ascendit?
398 5557 421 5608 Α
435 5550 558 5610 mavelle
572 5547 742 5620 plorationis.
759 5548 788 5602 ln
804 5547 870 5618 quid
882 5547 896 5600 t
913 5546 942 5602 in
993 5548 1033 5603 Tu
1047 5547 1116 5605 dicis
1131 5547 1226 5613 libera,
1243 5547 1292 5605 sed
1307 5549 1373 5620 quid
1386 5549 1471 5606 detur
1487 5550 1538 5607 titt
1556 5554 1609 5608 ont
1622 5551 1689 5624 qnid
1702 5567 1789 5626 appo-
