3906 6056
131 211 199 266 {5³³
451 204 706 265 COLLECTANEA
724 205 762 262 IN
779 202 889 262 EPlST.
909 205 947 262 D.
970 204 1085 262 Pacu.
1104 236 1139 248 -
1154 207 1191 264 IN
1209 207 1263 266 ΕΡ.
1284 211 1295 265 l
1314 210 1361 266 AD
1380 207 1461 268 COR.
1716 212 1785 270 tatt

132 334 240 406 tiusquc
255 330 289 388 sit
318 331 472 388 substantia
490 332 550 389 Filii
573 349 624 404 per
646 331 805 406 gignentem
826 331 936 386 Patrem
950 330 1165 393 Asubstantiam
1191 333 1301 404 sapiens
1323 341 1373 402 est,
1399 349 1455 391 non
1478 334 1630 392 secundum
1647 333 1785 390 accedan-

133 438 214 496 quam
231 422 384 479 substantia
406 422 494 477 Patris
509 438 560 494 ρει
573 421 695 495 genitum
709 419 826 475 Filium?
840 421 935 476 Restat
988 427 1041 474 tem
1058 419 1294 492 participationem
1315 422 1464 494 sapientia,
1490 422 1607 496 qualiter
1619 421 1729 494 sapiens
1744 429 1786 485 est

131 526 198 586 ergo
221 518 251 566 ιιι
270 509 321 566 soli
350 510 467 581 sapienti
495 511 563 582 Deo,
586 510 672 583 gloria
696 509 740 576 sit,
765 524 817 580 ρει
840 510 934 565 lesum
988 509 1276 566 rationaliscreatura.
1290 511 1438 583 ldeoe1·go
1452 511 1519 568 dixit
1533 512 1584 569 soli
1598 511 1713 583 sapienti
1727 513 1785 567 Deo

130 601 277 668 Christum,
293 599 321 655 id
345 605 386 656 est
402 598 476 656 clara
492 615 554 656 cum
569 599 649 654 laude
662 597 767 664 notitia,
784 613 838 671 qua
852 597 933 654 inno·
987 599 1051 671 quia
1071 601 1143 655 Deus
1165 607 1206 656 est
1224 601 1312 670 Pater,
1327 609 1354 656 et
1368 601 1462 671 Filius,
1479 610 1504 658 ει
1518 601 1634 673 Spiritus
1663 607 1782 664 sanctus.

131 689 179 744 tuit
193 687 322 763 gentihus
335 687 410 744 Deus
424 687 550 744 Trinitas.
566 688 631 743 ldeo
645 703 695 758 ρει
712 685 857 756 Christum,
870 686 934 758 quia
987 696 1014 743 et
1027 687 1080 744 ista
1101 687 1218 744 Trinitas
1237 697 1279 744 est
1293 689 1367 744 solus
1382 688 1492 760 sapiens
1506 691 1590 759 Deus,
1606 689 1652 762 qui
1665 705 1717 746 nec
1730 705 1784 744 unq

129 785 159 834 ut
173 776 225 834 alia
239 784 342 832 ιεεειιιιι
357 776 416 848 ipse
430 776 559 848 praecepit
583 781 679 848 gentes
693 775 823 846 baptizari
837 775 866 830 in
881 790 934 830 no·
984 793 1065 849 quam
1079 777 1166 848 potuit
1179 793 1241 833 esse
1254 777 1395 850 insipiens,
1420 793 1472 834 nec
1486 793 1606 850 unquam
1620 778 1719 849 poterit
1733 793 1784 849 per

129 867 202 922 mine
217 865 314 934 Patris,
330 873 358 921 at
371 865 441 932 Filii,
458 873 484 921 et
507 865 623 937 Spiritus
643 864 740 932 sancti,
765 863 813 919 uhi
835 863 933 935 praeci-
984 865 1100 938 gratiam
1112 866 1248 937 particeps
1272 883 1333 922 esse
1358 866 1516 938 sapientia,
1540 866 1590 922 sed
1605 865 1715 937 sapiens
1729 866 1784 921 im.

129 972 183 1028 pue
196 953 387 1012 commendata
401 962 443 1010 est
457 955 539 1024 huius
554 953 800 1028 individuaegloria
815 953 934 1008 Trinita-
984 953 1143 1025 mobilitate,
1168 963 1249 1027 atquc
1271 955 1488 1011 immutabilitate
1509 963 1621 1012 uaturae.
1637 955 1679 1021 Ei,
1704 970 1781 1028 ergo,

129 1045 174 1100 tis.
190 1044 266 1100 Deus
281 1043 379 1116 itaque,
396 1043 442 1116 qui
457 1051 499 1099 est
513 1043 572 1116 ipsa
585 1042 713 1112 Trinitas,
729 1050 875 1114 propterea
890 1057 934 1098 so-
986 1044 1020 1098 sit
1034 1043 1122 1118 gloria
1136 1060 1185 1115 per
1203 1043 1348 1112 Christum,
1369 1043 1414 1101 cui
1432 1052 1475 1100 est
1497 1045 1585 1101 honor
1603 1051 1630 1102 et
1652 1043 1742 1118 gloria
1754 1043 1783 1102 iu

128 1134 172 1190 lus
186 1133 297 1206 sapiens
311 1140 386 1190 recte
401 1131 509 1200 dicitur,
527 1133 591 1205 quia
606 1131 681 1188 solus
694 1132 844 1189 secundnm
859 1147 935 1187 suam
985 1132 1085 1190 ειειιιιε
1100 1131 1272 1190 saeculorum.
1289 1135 1388 1188 Amen.

417 1549 481 1646 ΙΝ
520 1548 869 1648 EPISTOLAM
912 1549 932 1643 Ι
970 1547 1054 1644 AD
1095 1547 1491 1654 CORINTHIOS.

400 1959 661 2018 ARGUMENTUM.
939 1961 1029 2023 BEst
1042 1959 1125 2033 igitur
1147 1959 1260 2018 intentio
1279 1960 1403 2034 Apostoli
1425 1961 1453 2018 in
1474 1961 1527 2020 hac
1551 1962 1672 2034 Epistola
1686 1961 1783 2019 Corin·

162 2051 293 2108 Corinthii
309 2058 372 2106 sunt
396 2049 516 2120 Achaici,
540 2049 604 2107 ethi
619 2048 743 2106 similiter
757 2050 793 2107 ah
808 2053 928 2122 Aposto-
979 2048 1050 2106 thios
1064 2049 1098 2105 ah
1121 2050 1257 2107 erroribus
1279 2059 1306 2106 ει
1330 2050 1506 2108 chismatibus
1520 2051 1555 2108 ad
1569 2049 1649 2107 fidam
1665 2059 1780 2120 rectam,

126 2142 154 2198 lo
169 2141 313 2197 audierunt
335 2139 447 2196 verbum
465 2138 595 2205 veritatis,
607 2147 633 2194 at
648 2139 771 2195 subversi
783 2146 845 2195 sunt
860 2139 930 2194 mul·
980 2145 1007 2194 et
1020 2155 1035 2193 a
1050 2138 1123 2195 vitiis
1138 2147 1164 2194 et
1178 2139 1239 2196 aliis
1253 2140 1373 2211 peccatis
1388 2140 1423 2196 ad
1436 2141 1524 2198 honos
1538 2157 1631 2197 mores
1641 2155 1781 2208 revocare,

127 2229 216 2286 tilarie
231 2247 246 2286 a
261 2227 336 2284 falsis
349 2227 488 2300 apostolis,
515 2227 624 2301 quidam
639 2243 655 2283 a
668 2227 847 2299 philosophiae
869 2243 930 2284 ver·
980 2234 1006 2283 et
1021 2228 1050 2283 in
1064 2229 1103 2283 eis
1117 2226 1290 2284 confirmare.
1307 2229 1404 2285 Modus
1418 2230 1490 2297 talis,
1508 2231 1570 2286 huic
1582 2229 1711 2302 Epistolae
1725 2229 1783 2286 sic-

127 2320 196 2376 hosn
220 2316 382 2390 eloquentia,
412 2316 459 2372 alii
486 2324 561 2373 secta
589 2316 659 2389 legis
686 2316 805 2374 ludaicae
828 2316 930 2372 inducti
980 2323 1047 2371 utet
1062 2315 1121 2372 aliis
1146 2317 1336 2373 salutationem
1360 2317 1523 2389 praescrihit,
1548 2327 1687 2375 etaomeu
1702 2334 1783 2374 suum

128 2415 201 2464 sunt.
227 2408 284 2462 Hos
311 2413 421 2462 revocat
453 2405 600 2477 Apostolus
623 2405 659 2461 ad
682 2421 775 2461 veram
797 2404 878 2461 fidem
903 2412 930 2461 ει
980 2406 1053 2478 quod
1068 2406 1178 2463 celebre
1203 2414 1262 2462 erat
1286 2406 1411 2463 omnihus
1432 2408 1570 2480 gentibus,
1596 2407 1730 2479 praeponit
1750 2413 1786 2462 ut

128 2495 316 2570 evangelicam
340 2493 511 2567 sapientiam,
542 2494 666 2551 scribens
694 2494 733 2551 eis
755 2495 789 2549 ab
818 2495 929 2567 Epheso
979 2494 1105 2568 magistri
1127 2495 1237 2552 nomine
1262 2495 1355 2552 audito
1374 2497 1550 2569 acquiescant
1564 2495 1739 2564 correctioni,
1755 2503 1785 2553 et

128 2602 178 2658 per
187 2585 371 2641 Timotheum.
980 2583 1043 2655 quic
1067 2583 1107 2639 ais
1124 2583 1185 2639 vilis
1210 2593 1270 2640 erat
1294 2585 1405 2656 apponit
1425 2585 1569 2658 dignitatis
1593 2584 1703 2641 nomina
1726 2600 1782 2640 non
1874 2611 1876 2616 v

389 2672 501 2728 castrt
515 2671 660 2729 PlllllUll.
979 2671 1147 2740 humilitatis,
1171 2680 1199 2728 ut
1219 2689 1323 2740 servus,
1349 2682 1411 2744 post
1432 2673 1623 2730 salutationem
1638 2689 1689 2744 pro
1703 2673 1785 2729 donis

161 2763 248 2819 Vens.
269 2765 329 2817 t-3.
359 2792 393 2802 —
419 2762 535 2828 Paulus,
556 2766 670 2818 circatas
695 2763 844 2834 Apostolus
865 2762 931 2819 Jcsa
981 2776 1075 2816 corum
1090 2761 1138 2834 qui
1152 2761 1215 2818 boni
1229 2769 1307 2819 erant
1323 2762 1393 2818 inter
1409 2778 1457 2820 eos
1472 2763 1576 2836 gratias
1595 2762 1661 2836 egit.
1677 2761 1786 2819 Deinde

127 2853 234 2908 Christi
243 2868 294 2924 par
308 2851 485 2907 volantatem
499 2851 559 2917 Dei,
577 2853 605 2906 et
619 2850 768 2907 Sosthems
778 2853 930 2922 prateriis-
981 2847 1103 2922 increpat
1118 2849 1179 2905 illos
1195 2851 1240 2923 qui
1255 2849 1289 2906 de
1304 2851 1429 2922 baptistis
1448 2867 1478 2908 sa
1491 2851 1640 2921 iactabant,
1659 2858 1721 2922 post
1735 2865 1783 2907 re·

124 2941 218 2998 clasioe
232 2942 284 2996 Dei
297 2957 359 3014 qua
372 2943 416 2996 ast
433 2937 571 3005 Corinthi,
591 2939 781 3008 sanctificatis
798 2939 830 2992 ira
846 2937 929 2994 attt—
981 2937 1062 2992 trahit
1077 2953 1125 2994 eos
1139 2939 1174 2993 ah
1188 2954 1281 2994 amore
1304 2947 1420 2996 terrenae
1444 2939 1596 3011 sapientie.
1613 2939 1719 2994 Deinde
1734 2955 1782 2994 re-

124 3035 169 3086 sto
183 3031 257 3096 lesa,
274 3031 379 3085 vocatis
389 3027 507 3094 sanctia
520 3044 585 3084 aum
595 3027 725 3084 omnihus
736 3028 784 3100 qui
794 3027 931 3084 invocarat
981 3025 1092 3097 darguit
1107 3042 1155 3082 eos
1170 3027 1204 3082 de
1225 3026 1389 3083 fornicatore
1412 3044 1492 3100 quem
1508 3028 1578 3082 inter
1590 3043 1620 3082 sa
1636 3042 1697 3083 esse
1712 3025 1783 3082 fere-

123 3135 227 3176 noman
249 3118 362 3176 Domini
381 3117 472 3174 nostri
492 3118 558 3173 lasa
583 3115 704 3182 Christi,
731 3117 762 3171 ia
778 3116 857 3170 amni
873 3117 930 3172 loco
980 3114 1055 3170 hant.
1067 3114 1170 3170 Deinde
1180 3115 1355 3186 increpateos
1366 3113 1514 3188 quia6'7
1527 3113 1579 3170 sibi
1590 3114 1706 3170 invicem
1716 3114 1783 3186 injur·

125 3209 250 3282 ipsoram
265 3212 295 3263 et
308 3210 415 3263 nostra.
437 3205 533 3262 Gratia
548 3205 621 3262 vohis
638 3208 666 3260 et
679 3221 768 3278 pusca
781 3206 835 3263 Deo
846 3206 931 3260 Patra
982 3203 1045 3272 rias,
1062 3211 1088 3258 et
1103 3202 1214 3260 fraudes
1230 3202 1374 3270 iaciebant,
1392 3212 1417 3260 et
1434 3202 1584 3259 infidelium
1599 3203 1724 3262 erramina
1739 3219 1782 3264 re·

125 3301 222 3354 nostro
236 3300 265 3352 ct
279 3295 397 3353 Domino
413 3296 479 3352 lesu
490 3293 609 3350 Christo.
943 3327 966 3387 Ο
982 3292 1133 3366 quirahant.
1151 3294 1248 3349 Postea
1262 3292 1369 3348 instmit
1383 3309 1431 3350 eos
1452 3293 1486 3352 de
1502 3292 1691 3360 matrimoniis,
1708 3300 1735 3350 et
1748 3293 1782 3350 da

161 3385 238 3442 lianc
254 3385 397 3456 epistolam
412 3383 506 3438 scribit
519 3383 666 3454 Apostolus
677 3381 836 3440 Corinthiis.
855 3381 928 3456 [Am·
982 3381 1158 3453 perceptione
1173 3381 1362 3449 Eucharistiae,
1379 3381 1425 3437 ubi
1442 3381 1589 3453 plurimum
1604 3382 1740 3449 errabant,
1756 3389 1784 3442 et

125 3473 243 3546 brasias]
266 3471 398 3528 Corinthii
422 3479 512 3528 autem
537 3479 598 3527 sunt
620 3471 740 3540 Achaici,
765 3471 792 3526 hi
816 3473 851 3527 ab
871 3471 931 3543 ipso
981 3471 1016 3526 de
1035 3471 1095 3526 aliis
1116 3470 1251 3542 plurimis.
1277 3471 1356 3528 Circa
1376 3470 1459 3527 finem
1474 3487 1540 3528 vero
1551 3471 1674 3527 subditur
1686 3485 1782 3532 mora-

127 3562 258 3634 Apostolo
277 3567 340 3617 aunt
355 3560 492 3626 conversi,
504 3560 550 3632 qui
561 3567 699 3632 praecepto
710 3560 819 3618 Domini
837 3561 931 3616 admo·
979 3559 1013 3614 lis
1041 3559 1200 3616 admonitio.
1226 3559 1367 3616 Praemittit
1395 3568 1487 3617 autem
1518 3561 1709 3620 salutationem
1737 3559 1782 3617 di-

126 3652 198 3707 nitua
214 3650 316 3708 resedit
330 3651 402 3721 apud
427 3649 581 3705 Corinthios
596 3665 696 3704 annum
710 3666 795 3704 unum
810 3657 836 3704 et
850 3665 930 3704 men·
979 3662 1045 3705 ceos
1063 3665 1069 3705 :

127 3757 172 3798 ses
191 3757 249 3806 sex,
276 3740 378 3796 docens
399 3738 471 3793 iuter
494 3753 542 3793 eos
570 3737 683 3793 verbum
708 3737 779 3806 Dei;
796 3738 846 3794 sed
867 3745 930 3809 post
1016 3737 1122 3793 Paulas
1138 3740 1262 3806 uocatas,
1279 3736 1460 3810 [Ambrosius]
1475 3737 1503 3793 id
1514 3738 1668 3794 estelectua
1682 3754 1698 3793 a
1712 3739 1781 3808 Deo,

126 3847 175 3902 par
189 3827 433 3902 pseudoapostolos
449 3825 593 3882 multifarie
604 3825 729 3882 subversi
741 3835 812 3892 sunt,
825 3834 854 3881 ut
873 3825 929 3883 sci·
980 3825 1128 3897 Apostolus
1153 3825 1259 3882 Christi
1279 3828 1353 3892 lara,
1369 3825 1452 3882 idest
1468 3826 1518 3882 Dei
1531 3826 1667 3883 voluntate
1680 3827 1782 3884 missus

126 3918 190 3975 licet
212 3918 246 3974 de
272 3917 397 3989 baptistis
421 3931 450 3972 se
473 3916 618 3986 jactarent,
643 3914 774 3970 unitatem
798 3915 930 3972 Ecclesiae
980 3913 1016 3969 ad
1029 3913 1234 3985 praedicandum
1258 3915 1404 3970 Christum.
1429 3915 1490 3982 Vel,
1508 3923 1629 3983 vocatus,
1650 3915 1677 3971 id
1692 3923 1733 3971 est
1747 3917 1782 3972 ab

127 4008 293 4075 scindentes,
309 4013 334 4062 et
350 4011 583 4062 sacramentorum
607 4003 745 4072 virtutem,
760 4011 787 4060 et
801 4020 880 4059 usum
896 4021 929 4059 er
979 4001 1134 4058 hominihus
1165 4003 1311 4077 privilegio
1342 4002 1460 4060 nominis
1501 4003 1600 4072 dictus,
1634 4005 1782 4076 Apostolus

126 4096 310 4153 ministrorum
324 4093 429 4151 meritis
444 4093 607 4164 judicantes.
634 4094 768 4149 Putahant
792 4093 863 4149 enim
886 4110 930 4149 sa·
979 4090 1079 4146 Christi
1103 4093 1178 4146 lesa.
1206 4091 1257 4148 llic
1279 4091 1356 4147 aliter
1377 4090 1471 4164 incipit
1485 4108 1568 4164 quam
1582 4092 1617 4148 cd
1633 4093 1780 4164 Romanos,

126 4193 265 4242 aramenta
288 4183 399 4254 majoris
425 4199 486 4238 essa
506 4199 582 4248 usus,
602 4181 626 4237 si
649 4198 698 4253 per
720 4182 807 4238 honos
826 4189 928 4238 tracta·
980 4180 1044 4253 quia
1059 4180 1112 4236 alia
1126 4195 1206 4236 causa
1221 4189 1263 4235 est
1276 4180 1320 4237 hic
1338 4197 1419 4254 quam
1440 4181 1487 4236 ihi.
1512 4181 1561 4239 Hic
1575 4181 1646 4237 enim
1661 4198 1716 4239 non
1731 4199 1782 4241 vo·

126 4282 229 4342 rentur,
252 4272 365 4342 majoris
381 4279 472 4327 autern
490 4270 533 4327 vel
553 4270 665 4327 minoris
685 4287 747 4326 esse
762 4287 828 4326 usus
843 4271 929 4342 siper
979 4275 1023 4326 cat
1038 4285 1068 4324 se
1089 4285 1200 4324 servum
1224 4268 1294 4326 sicat
1317 4267 1364 4339 ihi,
1387 4269 1450 4342 quia
1473 4286 1542 4342 opus
1557 4279 1613 4326 erat
1628 4269 1672 4328 hio
1687 4272 1778 4343 potius

126 4363 213 4436 magis
228 4361 272 4420 vel
287 4362 377 4417 minus
392 4361 479 4416 bonos
494 4359 928 4432 darentur.ltaquoquesubvar-
979 4358 1150 4424 auctoritate,
1183 4365 1209 4414 et
1238 4359 1473 4415 commendatione
1504 4367 1600 4416 eontra
1621 4361 1779 4432 superbiam

124 4453 148 4507 si
164 4459 239 4509 erant
255 4459 283 4507 ut
303 4459 460 4522 contempto
484 4449 615 4521 Apostolo
639 4450 673 4505 de
689 4448 858 4520 sapientibus
874 4465 928 4504 sae-
979 4447 1180 4504 Corinthiorum
1204 4447 1276 4518 apud
1297 4464 1365 4520 quos
1384 4447 1508 4505 viluerat.
1534 4448 1683 4521 Apostolus
1706 4449 1779 4517 dico,

125 4540 179 4598 culi
194 4557 224 4596 se
236 4541 377 4611 jactarent,
394 4555 510 4612 quorum
525 4538 680 4611 eloquentia
703 4545 728 4594 et
744 4545 854 4594 terrena
865 4537 928 4609 phi·
979 4543 1006 4591 at
1020 4538 1072 4592 hoo
1088 4552 1142 4592 non
1156 4552 1208 4607 per
1221 4535 1300 4604 iram,
1313 4537 1363 4593 sed
1375 4553 1427 4610 par
1442 4539 1618 4594 voluntalem
1632 4537 1692 4609 Dei,
1708 4538 1782 4611 quod

124 4629 250 4702 losophia
266 4629 481 4694 delectabantur,
503 4636 531 4684 ut
551 4628 602 4683 suh
630 4627 739 4682 nomine
762 4627 863 4682 Christi
883 4627 925 4682 his
979 4642 1034 4682 non
1053 4625 1093 4681 illi
1116 4625 1200 4682 vestri
1223 4627 1328 4698 pseudo
1350 4625 1396 4699 qui
1419 4642 1471 4683 uec
1495 4626 1572 4682 missi
1595 4635 1657 4682 aunt
1681 4627 1779 4698 aDeo,

124 4718 313 4773 imbuerentur
331 4733 392 4790 quae
416 4717 551 4773 contraria
575 4723 637 4772 sant
661 4715 734 4772 ndei.
756 4715 840 4771 lnllati
855 4731 926 4789 quo·
941 4685 1031 4772 Dnec
1044 4731 1138 4772 verum
1153 4714 1279 4787 estquod
1292 4714 1393 4772 dicunt.
1410 4715 1444 4772 at
1454 4715 1602 4773 Sortientes
1612 4719 1714 4788 frater.
1732 4718 1783 4774 Hic

126 4822 179 4879 que
194 4814 272 4862 erant
288 4822 321 4862 eo
331 4805 404 4879 quod
420 4820 475 4861 non
498 4805 550 4860 iret
573 4804 607 4860 ad
621 4821 670 4861 eos
684 4806 838 4878 Apostolus.
855 4805 925 4861 For·
980 4805 1079 4861 dicitur
1093 4804 1225 4876 Apostolo
1240 4804 1274 4859 de
1298 4803 1338 4860 eis
1358 4804 1507 4874 nuntiasse,
1533 4813 1559 4862 ει
1573 4805 1635 4862 ideo
1650 4822 1714 4862 eum
1728 4806 1781 4862 sibi

127 4895 277 4952 nicatorem
302 4910 410 4968 quoque
434 4893 480 4967 qui
500 4909 610 4950 uxorem
633 4894 720 4966 patris
737 4895 844 4950 tenebat
858 4895 927 4951 inter
980 4893 1008 4948 in
1023 4895 1074 4950 hac
1098 4892 1258 4949 salutatione
1281 4893 1415 4966 adjungit,
1440 4909 1490 4965 ρει
1504 4893 1556 4950 hoc
1571 4893 1694 4951 iudicans
1709 4895 1782 4968 quod

127 5001 156 5041 se
179 5000 241 5040 esse
256 4983 436 5056 patiebantur.
452 4982 520 5038 Sunt
533 4990 560 5038 ει
575 4983 628 5039 elia
641 4983 757 5054 capitula
770 4983 798 5038 iu
813 4983 869 5039 suis
886 4984 926 5040 lo·
981 4997 1032 5053 pro
1047 4981 1099 5036 illis
1114 4980 1192 5036 valde
1212 4979 1343 5038 sollicitus
1359 4989 1426 5037 erat.
1443 4981 1516 5039 Ecce
1532 4997 1582 5053 per
1602 4999 1663 5038 eum
1678 4983 1723 5056 qui
1740 4983 1781 5039 in·

127 5075 166 5130 cis
181 5073 310 5128 notanda.
328 5070 521 5146 [Ambrosius]
536 5072 576 5127 De
591 5071 633 5126 his
653 5079 679 5129 ct
693 5073 847 5141 hujusmodi
866 5089 926 5128 ma·
981 5081 1022 5126 ter
1049 5086 1096 5126 eos
1117 5070 1343 5138 conversabatur,
1366 5071 1459 5142 culpas
1479 5086 1572 5126 eorum
1597 5087 1627 5128 se
1650 5071 1722 5129 scira
1737 5072 1781 5128 in-

126 5179 182 5237 gna
196 5179 258 5219 cum
273 5160 370 5218 fiducia
386 5168 412 5216 et
427 5159 563 5216 charitatis
577 5157 676 5217 affectu
690 5161 785 5217 scribit
804 5161 844 5216 eis
858 5163 927 5232 Apo
981 5160 1047 5215 nuit.
1064 5159 1128 5215 ldeo
1151 5165 1241 5214 autom
1256 5157 1341 5214 irater
1354 5159 1429 5227 dicit,
1446 5159 1508 5232 quia
1522 5175 1572 5230 per
1587 5160 1639 5217 hoc
1662 5169 1782 5218 removet

127 5251 223 5317 stolus,
239 5249 384 5322 aliquando
400 5265 586 5314 commonens,
613 5249 758 5321 aliquando
773 5231 924 5318 blandiens,
982 5247 1164 5320 suspicionem
1186 5247 1325 5303 sinistram
1346 5249 1381 5303 ab
1395 5247 1452 5314 illo,
1477 5248 1625 5305 osteudens
1640 5250 1712 5322 quod
1726 5267 1781 5306 non

125 5339 270 5413 aliquando
286 5353 416 5410 arguens.
434 5338 505 5393 Nam
519 5337 686 5410 multaesuut
700 5354 791 5394 causae
812 5346 927 5411 propter
980 5338 1052 5393 malo
1072 5337 1163 5393 auimo
1187 5336 1221 5391 de
1236 5337 1275 5392 eis
1299 5336 1441 5404 nuntiavit,
1465 5337 1516 5393 scd
1538 5353 1571 5393 ex
1599 5338 1737 5409 charitate,
1754 5346 1781 5396 at

125 5445 192 5500 quas
216 5428 310 5486 scribit
330 5427 369 5483 eis
394 5427 548 5498 Apostolus,
567 5427 601 5482 ab
616 5427 756 5482 erroribus
771 5427 807 5482 ad
823 5435 926 5484 rectam
981 5426 1118 5486 desiderio
1140 5425 1326 5484 correctionis.
1349 5426 1458 5494 Paulus,
1479 5425 1606 5500 inquam,
1625 5435 1651 5484 et
1666 5427 1780 5485 Sosthe-

127 5515 207 5574 lrdem
227 5525 254 5573 ει
267 5533 283 5572 a
296 5515 490 5573 schismatibus
519 5529 567 5574 eos
590 5531 723 5575 revocans
736 5515 771 5573 ad
785 5516 925 5576 unitatem.
981 5533 1040 5588 nas,
1058 5515 1153 5574 scribit
1167 5516 1236 5573 hanc
1260 5513 1412 5587 Epistulam
1435 5515 1568 5574 Eccksioe
1581 5515 1640 5585 Dei,
1656 5532 1712 5574 non
1727 5517 1780 5574 ho·
