3906 6056
96 144 165 200 {513
433 142 687 200 COLLECTANEA
706 143 744 198 lN
762 141 872 198 EPIST.
891 143 926 199 D.
946 143 1059 202 PAULI.
1075 175 1110 188 -·
1124 147 1160 203 lN
1178 147 1234 204 ΕΡ.
1252 147 1299 204 ΑΙ)
1319 148 1404 206 hott.
1673 154 1742 208 toll

96 266 188 324 media
202 265 284 334 facta,
297 283 358 339 quae
372 266 531 341 ignoramus
546 282 600 340 quo
619 268 709 323 animo
730 265 805 333 hant,
828 265 930 338 quiaA
944 275 1030 324 tutum
1045 271 1166 327 recedat.
1184 271 1252 329 Dico
1266 273 1340 346 quod
1360 273 1388 328 in
1413 289 1463 330 suo
1487 289 1570 342 sensu
1593 275 1627 330 sit
1652 276 1742 332 abun-

95 363 123 412 et
139 356 211 412 bono
225 363 252 412 et
265 355 337 412 malo
351 355 411 410 fieri
422 362 548 427 possunt.
563 357 603 411 De
612 356 710 428 quibus
719 355 895 411 temerarium
945 358 1022 414 dans.
1034 360 1068 414 Et
1078 359 1114 414 ita
1124 359 1212 428 faciet,
1224 364 1272 434 qui
1281 362 1442 435 supltdlcm
1468 378 1587 420 omnem.
1613 363 1742 436 [Ambro-

96 452 139 500 εει
151 444 284 514 judicare,
309 444 425 500 maxime
439 452 467 499 ut
481 460 536 501 non
559 445 787 501 condemnemus.
823 445 895 499 Deus
945 446 1012 520 sius]
1028 449 1087 516 Vel,
1105 447 1175 504 inter
1189 449 1262 505 diem
1276 457 1303 506 et
1318 451 1399 518 diem,
1414 452 1472 508 Deo
1480 454 1597 511 Domino
1610 453 1696 526 rapit,
1716 451 1745 508 id

95 533 179 589 enim.
199 532 282 603 Quasi
297 533 370 588 dieat
386 549 392 587 :
411 534 513 589 Neuter
524 533 639 588 alterum
652 532 764 604 judicet,
780 540 896 604 uterque
945 543 987 591 est
1001 536 1036 592 nd
1050 537 1183 594 honorem
1198 538 1306 594 Domini
1320 538 1391 605 facit,
1414 540 1479 612 quia
1501 543 1559 598 Deo
1581 541 1690 613 placere
1717 541 1746 597 in

95 622 169 678 enim
184 638 280 678 servus
295 622 346 678 Dei
359 630 410 678 est.
427 622 462 678 Et
477 622 527 678 hoc
543 629 592 677 ast.
611 623 683 678 bem
700 623 777 678 emim
798 622 893 690 illum,
945 625 997 680 hoo
1011 633 1132 697 seputat.
1144 626 1365 700 Elsimiliterqui
1382 627 1649 701 munducatomnia,
1660 648 1745 688 mon-

95 711 201 768 scilicet
212 711 432 782 manducantem,
441 712 596 783 assumpsit
604 709 641 766 ad
648 708 740 778 fidem,
760 717 824 777 eto,
845 711 896 767 hoo
946 713 1033 770 ιιιιειιι
1047 715 1174 781 Domino,
1190 715 1218 770 id
1230 715 1314 771 estad
1326 715 1432 771 laudem
1438 717 1546 772 Domini
1561 726 1587 773 ει
1601 718 1744 787 honorem,

92 808 145 867 εει,
161 815 240 873 ergo.
945 802 1023 872 cidus
1037 803 1127 858 omnia
1142 811 1236 860 creata
1250 803 1337 860 credit
1359 805 1481 872 munda;
1503 813 1530 861 ει
1553 806 1614 878 quia
1638 807 1663 862 ei
1687 823 1747 862 ser-

130 942 215 998 vm„
232 942 292 997 44·
309 972 344 984 -
360 965 371 990 α
389 943 429 997 Tu
450 940 511 1014 quis
534 958 565 997 es
584 939 631 1014 qu,
648 939 753 1010 judicas
777 939 894 996 ahenum
945 889 1051 946 viturus
1065 890 1120 946 illis
1134 899 1306 958 sustentatur,
1323 900 1349 948 et
1366 877 1439 964 qu'od
1453 893 1569 949 Domino
1590 895 1747 967 manducet,

97 1054 108 1080 ι
131 1031 263 1087 servum?
274 1031 390 1086 Domino
404 1046 454 1085 suo
469 1037 521 1085 stat
535 1037 581 1085 aut
591 1029 680 1095 cadit,
693 1027 774 1084 stabit
788 1037 895 1097 nutem;

96 1128 228 1192 «potens
243 1127 284 1175 εει
299 1119 371 1175 ειιιιιι
386 1120 460 1175 Deus
483 1126 599 1174 statuere
621 1117 707 1172 illum.
732 1118 802 1172 Nam
828 1117 896 1173 alius

98 1230 110 1260 ι
129 1208 232 1278 judicat
245 1207 317 1264 diem
332 1209 403 1264 inter
417 1207 500 1272 diem,
515 1206 583 1262 alius
598 1216 689 1262 autem
706 1207 810 1276 judicat
834 1222 897 1262 om-

98 1320 110 1346 n
133 1315 196 1353 nem
214 1298 297 1354 diem.
322 1295 514 1368 Unusquisque
537 1295 565 1350 in
589 1311 639 1351 suo
659 1312 742 1352 sensu
765 1296 895 1352 abundet.

99 1411 110 1438 ι
133 1385 184 1456 Qui
199 1387 269 1459 sapit
282 1387 365 1456 diem,
390 1385 506 1442 Domino
530 1383 609 1456 sapit,
635 1385 719 1457 etqui
740 1385 894 1454 manducat,

99 1498 111 1528 ι
132 1474 249 1531 Domino
262 1475 418 1544 manducat,
435 1472 536 1547 gratias
550 1473 622 1528 enim
636 1473 693 1547 agit
711 1475 778 1529 Deo.
795 1475 830 1528 Et
851 1472 898 1546 qui

99 1585 111 1616 ι
131 1580 186 1620 non
200 1565 356 1632 manducat,
368 1562 483 1619 Domino
496 1577 551 1617 non
566 1563 719 1630 manducat,
745 1570 772 1618 et
794 1561 897 1636 gratias

101 1653 299 1727 «agitDeo.»
500 1711 504 1726 ,
907 1634 934 1694 Β
985 1653 1070 1710 Vens,
1086 1655 1159 1710 7-13.
1173 1684 1208 1694 -
1224 1676 1234 1703 ι
1253 1653 1340 1710 Νειιιο
1357 1654 1428 1710 enim
1451 1661 1573 1712 nostrum
1597 1654 1648 1710 sibi
1672 1654 1746 1724 vivit,

137 1779 176 1834 ,u
188 1814 190 1818 .
200 1779 261 1851 qm,
272 1793 311 1845 ω,
327 1777 354 1832 ,d
370 1785 412 1834 es,
426 1778 504 1848 cujus
517 1778 578 1834 vale
579 1776 642 1832 11„ae
661 1792 701 1846 es,
726 1777 774 1850 qu,
785 1775 899 1849 judica,
950 1764 962 1794 ι
984 1750 1011 1798 ει
1025 1757 1106 1798 nemo
1122 1742 1174 1797 sibi
1188 1743 1313 1798 moritur.
1329 1743 1392 1799 Sive
1408 1743 1479 1798 enim
1494 1743 1621 1812 vivimus,
1630 1744 1748 1800 Domino

97 1867 347 1924 olicmumaermtm
360 1870 371 1922 t
385 1866 413 1921 id
427 1863 899 1935 estdamnandumaffirmasfquod
950 1852 962 1882 ‘
985 1831 1118 1930 Vivimuffi
1133 1830 1191 1887 Sive
1213 1831 1359 1931 ff¹⁰ri¹¹¹⁰¹⁹2
1381 1831 1498 1888 D⁰mi¹¹⁰
1519 1833 1659 1933 wimar·
1686 1833 1750 1889 Sive

97 1971 152 2011 non
167 1955 262 2022 debes,
280 1970 343 2011 curn
359 1955 394 2010 sit
407 1955 518 2012 alterius
533 1971 639 2011 servus.
663 1952 835 2010 Manifestum
857 1960 900 2009 εει
951 1940 963 1972 ‘
985 1936 1052 1992 “3⁰
1066 1935 1268 2020 Vffv¹¹¹¹⁰⁵1⁵¹ve
1291 1935 1430 1988 mmuh
1456 1922 1565 1977 ΗΘΜ
1588 1937 1692 2022 sumu?
1718 1923 1749 1976 ¹¹¹

97 2044 170 2100 enim
187 2059 295 2100 servum
315 2059 370 2100 non
394 2045 494 2100 debere
518 2043 645 2100 conservi
668 2042 835 2099 ,mmmm
852 2042 898 2111 ,u-
951 2009 1121 2108 alroclonrm
1136 2009 1261 2065 Christus
1275 2017 1396 2065 mortuus
1411 2017 1506 2109 estet
1532 2018 1690 2078 resurrexit,
1720 2016 1751 2066 ιιι

97 2133 199 2200 dicare,
218 2134 360 2200 summ,
375 2133 454 2206 quas,
472 2133 567 2189 dica„
591 2133 631 2186 De
653 2131 791 2204 ,nemim
814 2130 898 2187 corde
951 2119 962 2147 ι
985 2106 1011 2153 ει
1025 2113 1149 2154 νινοιιιιιι
1169 2105 1195 2153 ει
1213 2106 1382 2154 mortuorum
1406 2097 1568 2154 dominetur.
1594 2101 1633 2155 Tu
1657 2107 1748 2155 autem

96 2223 178 2278 alieni
187 2221 269 2290 servi,
282 2229 309 2278 tu
319 2238 374 2278 non
386 2222 470 2277 babes
475 2221 609 2292 judicare,
621 2219 686 2293 quia
704 2235 755 2276 suo
773 2220 896 2286 domino,
950 2211 961 2235 ‘¹
985 2187 1049 2259 qnid
1061 2185 1167 2255 ju‘fiffls
1182 2185 1294 2242 fratrem
1308 2187 1408 2286 mum
1422 2194 1468 2243 ω
1484 2196 1511 2287 Ψ
1535 2202 1619 2258 qum
1642 2188 1748 2288 spefnis

96 2311 125 2366 ,d
140 2319 182 2367 es,
197 2311 235 2366 ad
247 2312 378 2366 honorem
393 2310 496 2366 domin,
509 2309 561 2376 sui,
578 2314 646 2377 m,
663 2309 710 2380 qu,
725 2316 786 2379 sm,
794 2313 847 2365 a„
854 2324 900 2364 Μ,
951 2297 962 2328 ι
983 2275 1096 2330 fratrem
1111 2276 1212 2331 tuum?
1227 2274 1330 2332 Omnes
1345 2293 1415 2331 enim
1431 2276 1562 2332 stabimus
1584 2285 1646 2332 ante
1659 2277 1748 2336 tribu-

97 2401 149 2469 dtr,
167 2415 216 2456 suo
230 2399 350 2466 domino,
367 2399 431 2472 quia
446 2399 481 2454 ad
496 2415 557 2454 eum
580 2397 698 2470 pertinet
717 2397 798 2454 etiam
818 2412 898 2454 casus

97 2487 231 2556 cedentis,
246 2488 292 2560 qui
307 2487 415 2562 erigere
428 2495 529 2560 potest,
544 2487 588 2544 vel
598 2486 731 2557 judicare.
757 2486 824 2552 Stat,
852 2493 899 2541 aut

98 2576 182 2646 cadit,
198 2577 260 2633 ideo
274 2576 349 2643 dicit,
366 2576 429 2649 quia
443 2577 602 2650 ambiguum
617 2583 668 2644 εει,
698 2574 762 2647 qula
785 2573 899 2630 forsitan

98 2674 150 2722 stat
164 2665 210 2738 qui
226 2672 335 2737 putatur
349 2666 449 2722 cadere
462 2685 469 2733 ;
484 2665 537 2734 uel,
563 2680 613 2721 suo
636 2663 747 2720 domino
772 2670 825 2719 stat
852 2668 899 2718 aut

99 2755 181 2822 ondit,
197 2755 258 2828 quia
274 2769 329 2827 qua
343 2753 511 2810 conscientia
525 2753 586 2809 edat
600 2752 644 2810 vel
658 2769 714 2809 non
728 2752 801 2820 edet,
826 2753 899 2807 Deus

94 2842 180 2914 judex
194 2851 245 2911 εει,
270 2843 347 2911 cujus
370 2859 465 2899 servus
490 2849 544 2898 est.
571 2841 663 2899 Stabit
680 2845 787 2906 autem,
807 2839 835 2894 id
858 2847 900 2895 est

1 2995 2 3000 .
98 2939 171 2988 stare
185 2931 295 3003 polerit,
309 2931 420 2987 domino
435 2945 494 2998 suo,
519 2930 582 3003 quia
606 2945 695 3001 neque
710 2928 733 2983 si
757 2927 813 2984 edit
836 2943 900 2983 reus

1 3017 3 3096 ᾗ
96 3027 158 3088 εει;
174 3035 262 3091 neque
277 3019 301 3074 si
314 3035 369 3075 non
385 3019 450 3086 edit,
466 3004 608 3090 culpabilis
623 3024 676 3087 εει,
692 3016 715 3071 si
734 3023 824 3072 tamen
847 2991 932 3070 ιιε-ο
978 3019 1224 3092 ⁸licrrtonmtmtm,
1237 3018 1366 3090 fidelium,
1378 3023 1457 3090 vicit,
1473 3021 1659 3094 spiritualiter,
1682 3021 1753 3079 soili-

1 3111 2 3116 ’
97 3108 205 3166 ιοιίοιιε
219 3109 271 3164 hoc
289 3108 354 3180 agit.
382 3107 432 3164 Vel
453 3108 516 3163 ita:
540 3105 627 3162 Stabit
651 3113 749 3172 autem,
777 3105 899 3176 quamvis
950 3113 992 3162 cet
1007 3106 1035 3160 in
1062 3106 1224 3173 virtutihus,
1252 3109 1315 3177 albi,
1335 3108 1363 3163 id
1390 3117 1433 3164 est
1460 3125 1517 3166 suae
1540 3109 1751 3180 voluntatibus

1 3262 3 3282 ,
96 3197 132 3254 de
147 3197 273 3252 omnibus
287 3195 468 3268 regeneratis,
484 3203 512 3250 et
525 3195 570 3266 pie
594 3193 748 3250 viventibus
768 3193 899 3265 loquere·
950 3195 1022 3250 enim
1036 3194 1098 3266 lege
1113 3194 1237 3251 frenatur
1253 3203 1279 3251 ot
1294 3196 1409 3269 regitur,
1438 3213 1493 3253 non
1520 3198 1572 3254 sibi
1597 3198 1672 3268 vivit,
1703 3199 1752 3256 εειι

1 3285 3 3362 J
96 3293 143 3342 tur
156 3284 311 3358 Apostolus,
327 3285 423 3342 dicens
442 3299 552 3341 servum
567 3282 696 3350 alienum,
713 3281 842 3338 continuo
861 3288 900 3336 te-
950 3285 1009 3340 Deo
1026 3283 1071 3357 qui
1086 3284 1178 3355 legem
1192 3284 1277 3340 dedit.
1294 3284 1321 3340 Si
1345 3286 1389 3340 lex
1412 3302 1466 3342 non
1494 3295 1576 3354 esset,
1600 3287 1652 3343 sihi
1673 3287 1752 3360 quis·

1 3367 4 3385 “
97 3391 161 3430 men
175 3374 294 3446 respexit
305 3373 555 3444 adpraedeslinatoa
564 3387 627 3428 oum
636 3371 682 3439 ait,
697 3371 778 3426 stabit
798 3377 898 3438 autem,
950 3387 1003 3445 que
1017 3373 1129 3440 viveret,
1146 3380 1191 3428 aut
1204 3387 1286 3430 nemo
1301 3381 1425 3430 nostrum
1445 3378 1579 3443 moritur,
1604 3376 1676 3434 *titiis
1699 3377 1753 3434 sic-

98 3461 531 3534 hocdepraedestinalisdicit.Et
545 3477 581 3516 ne
602 3460 655 3516 sibi
674 3467 747 3515 stare
770 3465 901 3532 arrogent
949 3469 979 3516 ut
993 3461 1022 3516 fit
1036 3461 1064 3516 in
1080 3461 1235 3533 baptiam03
1264 3463 1326 3532 sibi,
1356 3463 1384 3519 id
1413 3472 1454 3520 est
1480 3472 1509 3520 ut
1537 3465 1589 3520 sibi
1618 3465 1748 3537 placeat:

96 3552 369 3608 ειιιιιιιιεΡειειιεειι
379 3553 456 3607 enim
465 3558 538 3607 Deua
548 3553 677 3606 stoicem
691 3550 785 3616 illum,
796 3549 830 3604 de
846 3563 900 3620 quo
951 3549 1000 3606 sed
1020 3551 1146 3618 Domino,
1175 3567 1229 3623 quo
1255 3551 1348 3620 judice
1376 3553 1529 3620 damnatur,
1559 3554 1602 3610 vel
1629 3571 1749 3610 corona-

1 3622 3 3656 ²
96 3641 163 3696 nulli
179 3649 220 3696 est
235 3639 403 3714 ambiguum.
419 3640 472 3694 Per
485 3640 539 3696 hoc
561 3646 653 3694 autem
679 3637 751 3710 quod
774 3637 822 3707 ait,
848 3643 901 3692 stat
950 3646 1001 3695 tur.
1018 3639 1068 3694 Vel
1081 3654 1163 3695 nemo
1190 3639 1256 3694 vivit
1280 3639 1436 3707 virtutibus,
1460 3649 1506 3697 aut
1532 3643 1645 3698 moritur
1670 3642 1747 3702 61
1775 3623 1782 3632 ¹

946 977 1059 1036 effectus
1069 979 1169 1036 indicat
1179 998 1186 1048 ;
1198 982 1307 1051 gratius
1317 983 1394 1038 enim
1405 983 1463 1054 opit
1474 985 1538 1049 Deo,
1548 999 1600 1054 pro
1620 983 1748 1039 omnibus

946 1068 1075 1123 creaturis
1090 1068 1188 1142 quihus
1210 1077 1377 1125 sustentatur
1401 1078 1426 1125 ει
1445 1071 1575 1142 pasoitur.
1596 1072 1631 1127 Et
1649 1072 1748 1126 simili-

947 1163 988 1212 ter
1002 1158 1050 1229 qui
1060 1158 1291 1225 nonmondocol,
1303 1157 1331 1212 id
1346 1165 1388 1212 est
1404 1158 1449 1230 qui
1465 1158 1594 1226 abstinet,
1619 1162 1748 1229 Domino,

947 1245 975 1300 id
991 1252 1033 1300 est
1046 1246 1081 1300 ad
1096 1247 1229 1302 honorem
1244 1246 1353 1300 Domini
1368 1254 1419 1317 est,
1432 1247 1505 1319 quod
1515 1265 1572 1303 nort
1581 1249 1746 1315 manducat,

947 1332 1061 1390 effeetus
1075 1334 1187 1402 indicat,
1212 1339 1250 1401 ct,
1270 1335 1298 1390 id
1320 1343 1361 1390 est
1386 1335 1458 1407 quia,
1478 1337 1586 1408 gratior
1606 1337 1748 1408 agiliter,

947 1437 997 1494 pro
1013 1422 1120 1478 collatis
1133 1422 1185 1477 sibi
1201 1422 1375 1491 abstinentia,
1401 1431 1428 1480 et
1447 1423 1578 1480 debemus
1600 1423 1682 1480 edere
1705 1424 1749 1482 vel

946 1526 1001 1566 non
1018 1511 1100 1567 edere
1114 1510 1241 1568 Domino.
1257 1511 1346 1580 Enim,
1363 1511 1391 1567 id
1405 1521 1447 1568 εει
1456 1512 1531 1586 quia.

950 2387 962 2412 ι
984 2363 1028 2418 nal
1043 2362 1154 2419 Christi.
1170 2363 1307 2436 Scriptum
1327 2371 1367 2419 εει
1391 2365 1463 2419 enim
1480 2379 1486 2418 ε
1503 2365 1571 2420 Vivo
1594 2379 1656 2436 ege,
1682 2364 1749 2422 dicit

950 2477 961 2502 ι
984 2452 1126 2519 Dominus,
1143 2453 1273 2524 quoniam
1288 2452 1355 2508 mihi
1370 2452 1492 2524 flectetur
1514 2469 1595 2509 omne
1618 2468 1699 2526 genu,
1723 2461 1749 2510 et

951 2565 962 2590 ι
984 2541 1073 2597 omnis
1088 2541 1363 2615 linguaconfrtebitur
1376 2543 1444 2599 Deo.
1460 2543 1554 2616 ltaque
1566 2541 1750 2614 unusquisque

952 2638 1108 2685 «nostrum
1121 2645 1172 2701 pro
1187 2647 1217 2686 se
1232 2630 1364 2686 rationem
1388 2630 1485 2686 reddet
1510 2631 1577 2686 Deo.
1602 2631 1663 2690 Non
1684 2645 1751 2704 ergo

951 2741 962 2768 ι
985 2717 1101 2790 amplius
1116 2717 1232 2774 invicem
1244 2719 1418 2788 judicemus;
1435 2719 1484 2776 sed
1498 2720 1551 2776 hoc
1561 2719 1751 2788 judicatema-
1785 2781 1789 2791 Χ

952 2827 963 2857 ι
985 2805 1039 2881 gis,
1055 2823 1090 2863 ne
1112 2805 1220 2879 ponatis
1243 2806 1439 2865 offendiculum
1463 2807 1541 2864 fratri
1565 2807 1610 2864 vel
1631 2809 1752 2865 scende-

954 2919 965 2942 ·
985 2895 1051 2950 lum.
1070 2915 1080 2948 ι

1 3786 4 3799 ‚
97 3737 145 3786 aut
159 3730 241 3795 cadit,
258 3729 376 3785 ostendit
388 3744 418 3784 εε
433 3727 542 3784 nescire
556 3743 610 3798 quo
625 3726 717 3782 animo
732 3725 778 3781 illo
792 3741 822 3782 εε
835 3731 900 3798 agat
950 3727 1031 3794 vitiis,
1062 3726 1124 3797 sibi,
1154 3727 1203 3783 sed
1230 3728 1357 3783 Domino.
1387 3729 1421 3784 Et
1449 3744 1515 3785 vere
1555 3746 1646 3796 nemo,
1689 3730 1751 3786 sihi.

1 3819 2 3834 *
95 3819 124 3875 in
140 3817 239 3874 dubiis.
255 3817 323 3873 Com
338 3832 403 3873 vero
424 3815 509 3883 addit,
531 3815 612 3870 stabit
630 3823 730 3884 autem,
756 3814 800 3871 hie
814 3813 901 3869 innuit
950 3815 1011 3873 Sive
1024 3817 1101 3872 enim
1115 3816 1235 3872 vivimus
1244 3855 1252 3884 ,
1269 3816 1322 3871 vita
1338 3816 1474 3884 virtutum,
1489 3819 1606 3876 Domim
1620 3820 1749 3887 vivimus,

96 3908 171 3982 quod
185 3907 316 3980 ambigua
330 3905 496 3962 dehemusin
507 3905 649 3961 meliorem
659 3912 763 3976 partem
779 3910 898 3971 uertere,
950 3903 978 3959 id
993 3912 1034 3960 εει
1048 3919 1063 3957 a
1079 3903 1195 3960 Domino
1221 3903 1372 3973 judicandi,
1400 3905 1444 3961 uel
1473 3913 1502 3961 ιιι
1529 3907 1555 3962 ei
1582 3906 1750 3978 placeamus.

1 3979 6 4015 ⁵
97 4005 126 4053 et
141 3996 202 4068 plus
216 3995 332 4052 salutem
347 4010 429 4068 quam
443 4003 559 4050 mortem
573 4008 683 4050 reorum
697 3999 801 4065 optare,
818 3999 844 4047 et
872 3991 901 4046 in
950 3991 1011 4049 Sive
1021 3995 1171 4062 mrtmur,
1188 3991 1260 4048 vitiis
1276 4000 1303 4048 et
1315 3993 1446 4064 peccatis,
1463 3995 1580 4052 Domino
1601 3997 1750 4063 morimur,

98 4085 190 4142 futuro
205 4100 280 4156 spem
291 4083 356 4139 boni
371 4083 485 4150 hahere,
501 4082 561 4138 etsi
571 4083 651 4138 aliter
670 4082 703 4136 sit
718 4081 747 4136 in
760 4079 898 4153 praesenli.
950 4079 977 4136 id
1006 4088 1047 4137 est
1075 4081 1109 4136 ad
1137 4080 1341 4137 similitudinem
1369 4081 1478 4149 Christi,
1503 4083 1531 4138 in
1558 4083 1636 4154 cujus
1662 4091 1751 4140 morte

98 4175 170 4231 Nom
180 4175 256 4230 olim
268 4172 392 4245 judicat.
405 4171 562 4243 Supradixit
576 4171 650 4243 quod
660 4170 705 4225 alii
719 4169 810 4226 omnia
819 4185 899 4224 man·
950 4169 1076 4241 baptizati
1091 4185 1204 4236 sumus;
1220 4177 1249 4224 ut
1272 4169 1341 4227 siout
1369 4170 1491 4227 Christus
1519 4172 1604 4228 semel
1627 4180 1750 4229 mortuus

1 4248 5 4334 f
97 4263 207 4332 ducant,
220 4261 264 4316 alii
274 4277 329 4318 non
336 4259 439 4328 omnia,
454 4261 488 4316 de
499 4259 647 4334 generibus
656 4258 777 4315 ciborum
793 4273 898 4331 agens;
950 4265 1000 4325 est,
1017 4265 1044 4313 et
1059 4273 1168 4330 semper
1183 4257 1256 4326 vivit,
1273 4257 1311 4313 ita
1335 4265 1361 4314 ει
1383 4275 1434 4316 ιιοε
1457 4261 1542 4316 semel
1562 4261 1660 4317 mortui
1680 4277 1748 4332 peo-

96 4351 144 4406 hio
157 4349 223 4406 dicit
236 4350 309 4422 quod
324 4348 370 4404 alii
385 4347 469 4418 omni,
496 4347 542 4403 alii
566 4347 657 4419 aliquo
680 4355 755 4403 certo
778 4351 937 4418 temporeD
952 4354 1013 4403 cato
1028 4347 1055 4400 in
1069 4345 1217 4418 baptismo,
1243 4362 1354 4420 semper
1377 4349 1501 4404 vivamus
1522 4350 1590 4405 Deo.
1618 4348 1664 4404 Vel
1686 4349 1747 4405 ita:

96 4439 242 4506 abstinent,
260 4445 287 4494 et
300 4445 448 4510 utrumque
463 4445 539 4493 recte
549 4452 631 4509 posse
646 4434 706 4492 lieri
721 4435 794 4504 dicit,
821 4435 900 4508 quasi
949 4435 1037 4492 Nemo
1051 4434 1124 4490 enim
1139 4434 1205 4492 vivit
1220 4437 1415 4509 temporaliter,
1431 4437 1536 4494 scilicet
1559 4437 1748 4508 conjunctione

1 4537 2 4543 ’
97 4527 171 4584 ιιίεει
187 4544 193 4582 :
210 4527 287 4592 Dico,
304 4525 393 4593 stabit,
410 4533 436 4580 ει
463 4533 552 4597 potest
579 4524 654 4580 credi
679 4530 800 4579 staturus
823 4539 894 4592 εεεε,
950 4523 1048 4580 animae
1062 4531 1089 4580 et
1104 4523 1237 4596 corporis,
1254 4533 1301 4581 aut
1313 4525 1438 4595 moritur,
1452 4524 1629 4583 dissolutione
1652 4525 1750 4584 animm

1 4607 6 4648 ⁹
97 4615 163 4690 quia
178 4616 250 4688 quod
264 4614 321 4688 agit
335 4631 368 4670 er
379 4613 482 4683 judicio
496 4612 546 4668 Dei
561 4613 629 4684 ugit,
645 4619 671 4668 et
688 4613 740 4668 hoc
764 4620 805 4667 εει
824 4611 897 4684 quod
950 4621 975 4669 et
990 4612 1123 4685 corporis,
1139 4613 1201 4681 sibi,
1216 4613 1246 4669 id
1260 4622 1301 4670 est
1322 4614 1357 4669 ad
1379 4614 1488 4670 laudem
1512 4629 1600 4682 suam,
1620 4615 1670 4682 sed
1688 4615 1748 4672 Dei.

2 4708 7 4714 '
97 4705 136 4762 ait
153 4705 237 4760 :Nam
249 4702 439 4772 aliusjudioat‚
451 4701 516 4758 dicit
530 4717 591 4757 esse
610 4701 767 4775 eligendum
792 4699 821 4755 in
843 4700 895 4755 ab·
949 4701 1025 4757 Sicut
1039 4701 1110 4756 enim
1125 4701 1322 4774 magnitudinis
1337 4702 1395 4772 ejus
1409 4717 1462 4758 non
1478 4712 1519 4759 est
1538 4702 1609 4771 linia,
1635 4704 1674 4760 sic
1697 4719 1750 4760 no-

1 4867 2 4870 ,
97 4792 224 4850 atinentia
237 4791 436 4863 interpositum,
452 4791 650 4846 interdicmet
673 4789 758 4846 diem.
778 4787 896 4862 [Haimo]
950 4797 1014 4846 strae
1028 4789 1117 4845 laudis
1131 4805 1186 4846 non
1200 4791 1250 4846 erit
1269 4788 1340 4844 finis.
1369 4790 1432 4846 Non
1460 4792 1532 4847 enim
1561 4808 1622 4850 cum
1651 4793 1750 4849 mortui

97 4882 179 4940 Alius
194 4885 289 4937 ιιιιιειιι
304 4896 416 4937 omnem
431 4879 506 4942 diem
521 4879 631 4949 iudicat
654 4893 715 4934 esse
739 4877 895 4949 eligendum
949 4878 1080 4935 fuerimus
1092 4878 1120 4933 in
1135 4878 1187 4934 hac
1200 4893 1284 4934 carne
1298 4877 1455 4934 desinemus
1468 4879 1581 4937 laudare
1595 4882 1693 4952 Deum,
1719 4889 1748 4938 ει

96 4971 126 5026 in
142 4968 315 5039 abstinentia,
330 4967 413 5023 idest
427 4967 538 5040 quidam
552 4967 634 5024 certis
658 4965 764 5032 diebus,
785 4965 895 5038 quidam
950 4967 1097 5023 secundum
1112 4967 1165 5022 hoo
1178 4967 1212 5022 de
1227 4965 1353 5022 fidelihus
1367 4975 1473 5023 tantum
1486 4968 1551 5042 agit.
1568 4969 1617 5024 Vel
1632 4969 1694 5036 sibi,
1718 4969 1747 5024 id

1 5063 7 5101 ἰ
97 5057 172 5115 omni
187 5065 310 5128 tempore
323 5063 418 5129 putant
432 5063 502 5112 esse'
512 5054 714 5111 abstinendum.
742 5055 895 5127 Unusquis—
949 5063 991 5111 εει
1004 5071 1018 5110 a
1033 5071 1062 5110 se
1074 5054 1248 5124 iudicandus,
1266 5055 1341 5110 seda
1356 5055 1482 5127 Domino,
1491 5057 1641 5113 secundum
1651 5059 1703 5114 hoc
1713 5058 1747 5114 de

1 5152 5 5190 ι
96 5163 149 5222 quc
163 5154 252 5201 autem
267 5160 361 5201 eorum
376 5146 466 5202 inam
479 5161 576 5212 ιειιειι,
591 5143 619 5198 in
643 5157 693 5197 sua
718 5141 893 5210 conscientia,
949 5142 1028 5199 bonis
1042 5157 1074 5198 ac
1088 5142 1166 5197 malis
1181 5142 1318 5214 accipitur.
1334 5145 1368 5199 Et
1382 5160 1447 5200 vere
1461 5161 1542 5201 nemo
1557 5145 1619 5212 sibi,
1635 5146 1748 5202 sedDo-
1814 5143 1824 5150 '

96 5235 231 5300 ιιιιιιιιιιι,
242 5233 271 5288 in
279 5232 387 5302 melius,
403 5232 553 5305 utquiedit
562 5247 625 5289 oum
634 5229 781 5302 gratiarum
789 5230 896 5287 actione
949 5232 1034 5288 mino.
1051 5233 1086 5287 Et
1099 5232 1151 5287 hoc
1177 5238 1240 5287 est:
1269 5232 1331 5288 Sine
1358 5233 1436 5289 enim
1459 5233 1588 5302 cluimus,
1613 5234 1747 5307 corporali

1 5321 2 5330 ’
96 5324 170 5391 edat,
187 5323 271 5394 etqui
285 5321 401 5377 abstinet
415 5337 464 5393 pro
492 5321 550 5377 Deo
579 5319 673 5376 faciet.
703 5319 761 5387 Vel,
790 5319 819 5374 in
846 5335 895 5375 suo
948 5319 1014 5387 uita,
1025 5319 1141 5375 Domino
1150 5319 1276 5390 vivimus,
1292 5320 1319 5375 id
1335 5329 1375 5376 est
1392 5321 1428 5376 ad
1442 5321 1550 5378 laudem
1566 5322 1685 5392 Domini,
1702 5324 1746 5380 vel

97 5428 191 5482 sensu,
204 5411 232 5466 id
247 5419 288 5467 εει
302 5411 330 5466 in
346 5426 397 5466 auo
420 5409 535 5467 oonsilio
556 5409 706 5466 dimittatur
724 5423 758 5465 ne
781 5409 896 5466 scanda-
950 5409 1000 5465 sub
1010 5407 1113 5479 judicio
1123 5407 1232 5463 Domini
1244 5409 1319 5476 ςιιιε
1328 5410 1477 5478 morimur,
1489 5411 1679 5484 temporaliter,
1693 5414 1745 5471 Do

93 5499 150 5556 lum
164 5515 272 5574 passus,
288 5515 305 5556 ιι
320 5498 450 5557 charitate
465 5513 525 5573 quae
539 5505 581 5556 εει
594 5505 681 5556 ιιιιιει
694 5496 815 5556 οιιιιιιιιιιι
836 5497 895 5556 ιιι-
948 5496 1023 5554 mino
1037 5495 1178 5569 morimur,
1193 5495 1222 5554 id
1236 5503 1278 5553 εει
1291 5497 1328 5554 ad
1341 5496 1451 5556 laudem
1465 5499 1583 5573 Domini,
1598 5501 1642 5560 vel
1656 5517 1673 5559 a
1686 5501 1745 5560 Do-

205 5599 326 5654 Pamou.
347 5595 439 5654 Cllcl.
952 5669 957 5674 Ι
1602 5601 1637 5656 ta
