3940 6066
215 180 284 236 ital
891 173 994 234 PETRI
1019 177 1200 238 LOhleHlll

1808 185 1861 244 {ill

210 316 264 367 me,
284 313 317 356 sc
340 298 435 370 paucis
458 297 608 370 interiectis
625 314 631 356 :
648 297 683 358 Ut
697 296 790 374 igitur,
821 301 877 356 viii
891 301 1010 374 sangui·
1025 305 1153 376 Apotest
1168 319 1230 361 esse
1246 306 1282 362 ah
1297 315 1333 372 ir
1346 319 1392 374 on,
1410 305 1483 390 quod
1499 315 1541 364 εει
1556 308 1702 378 iuimicus,
1716 307 1762 364 vel
1776 323 1811 364 ao
1825 319 1860 374 r:

203 387 280 452 Ιεειιει
304 377 380 451 suut,
406 387 523 442 quorum
546 370 663 430 adulans
689 371 812 428 doctrina
840 380 890 441 est,
919 373 956 427 ita
983 381 1010 427 et
1060 377 1858 452 in,quodestciuitus.Pellicanusquidemhahetciuilater,

207 457 259 498 viri
280 457 455 514 sanguinum,
472 458 588 516 quorum
613 441 708 498 dolosa
731 451 772 500 est
795 443 928 500 doctrina.
950 443 1009 499 Do·
1060 448 1108 502 sed
1119 465 1272 518 pronomen
1290 453 1364 516 tuns,
1381 465 1437 504 non
1450 465 1528 516 suae,
1546 460 1575 507 ut
1589 451 1616 506 in
1627 451 1756 507 Hebrreo.
1771 453 1859 506 l'ernu

207 511 268 569 losa
282 521 373 574 auteur
395 513 518 572 doctrina
532 514 732 580 haereticorum,
749 515 800 570 suh
825 515 936 570 nomine
959 514 1009 572 Dei
1060 519 1130 574 sicut
1152 521 1180 575 in
1205 521 1303 577 Graeco
1328 520 1446 591 oportuit
1470 522 1575 578 variare
1599 523 1783 594 exemplaria,
1808 539 1860 579 cuin

206 583 445 668 hulaspliemaqsuh
479 591 593 642 retextu
609 585 752 659 religionis
774 585 867 667 impia,
893 587 1009 668 subre-
1059 605 1131 647 nunc
1145 592 1270 664 legamus
1292 589 1339 661 τὰς
1348 593 1437 664 πόλεις
1450 615 1497 653 σου
1514 612 1522 664 3
1537 603 1644 650 veteres
1668 603 1763 650 autem
1785 593 1861 650 Latini

206 663 293 712 litatis
318 656 444 728 spectes
471 657 524 712 lex·
550 655 672 725 Quorum
691 657 719 711 in
737 673 829 712 animo
852 665 879 713 et
901 666 1009 730 cogita·
1059 668 1212 737 cujusmodi
1236 681 1298 728 sunt
1312 674 1346 729 ll.
1361 673 1539 746 Augustinus,
1564 673 1692 740 Hilarius,
1720 671 1860 738 druohius,

206 726 295 792 lione·
326 727 414 783 solum
438 726 618 784 tontessllffllis
640 727 758 786 Studium
782 728 917 800 persistit,
941 728 1032 783 nihil·
1059 739 1240 798 Cassiodorus
1256 743 1384 817 legerunt
1399 746 1530 802 ciuitates
1546 761 1622 814 sues,
1639 743 1679 800 sic
1699 759 1756 798 nou
1780 743 1862 798 minus

206 797 242 856 ad
257 797 373 880 salutem
387 799 528 855 hominum
541 797 676 868 laborant,
696 799 763 854 nihil
776 801 809 854 ad
825 817 902 872 spem
917 800 1009 872 acqui·
1058 811 1200 883 probabile
1215 821 1256 869 esi
1272 816 1420 890 contigisse
1435 817 1563 874 flebraeo,

205 877 279 938 runt,
295 870 514 942 nihilpacilicum
529 869 690 942 cogitantes,
702 879 731 928 ut
742 871 867 926 omnihus
876 871 917 926 his
928 872 954 926 in
965 885 1009 926 co·

226 940 382 996 itationihus
392 941 469 998 labor
479 941 522 1011 sit,
530 949 557 997 et
566 958 687 1015 pugnam
698 943 868 998 meditentur.
875 965 886 992 i
898 943 962 999 Hinc
973 943 1006 997 D.
1094 935 1180 992 Vbiis·
1193 941 1237 994 22.
1249 970 1284 981 —
1294 941 1439 1015 Interroga
1453 958 1508 998 mc.
1531 941 1666 1023 iuterpres
1687 939 1804 996 Latinus
1825 939 1863 996 ri-

206 957 334 1068 lidorius.
361 1013 494 1069 Caeterum
520 1012 574 1068 alia
590 1022 630 1070 εει
644 1014 725 1070 Ιεειίο
747 1013 820 1085 apud
844 1013 1008 1086 exemplaria
1058 1005 1139 1062 detur
1163 1008 1265 1082 legisse
1288 1011 1317 1066 in
1342 1013 1442 1070 Grieco
1457 1014 1574 1088 αἴτησον,
1601 1013 1628 1066 td
1652 1019 1694 1068 est
1717 1015 1793 1086 pete.
1819 1027 1864 1084 pm

207 1081 306 1138 Graeca
321 1099 381 1155 quse
403 1083 477 1139 licuit
491 1084 595 1150 videre,
620 1085 727 1142 tametsi
742 1086 840 1141 eodem
862 1085 955 1141 tendat
967 1084 1008 1146 ὅτι
1059 1085 1161 1164 irasci,
1174 1087 1202 1144 id
1218 1099 1259 1146 εει
1274 1096 1420 1162 examina,
1436 1101 1577 1153 scrutare.
1594 1091 1662 1148 lleh.
1678 1101 1762 1152 'blm
1777 1105 1863 1146 smo-

204 1162 307 1245 lpicrat
322 1166 415 1233 εἶσιείς
429 1161 622 1245 διαλογισμούς,
647 1165 700 1220 hoc
720 1172 762 1220 est
787 1167 920 1238 quonium
943 1166 1007 1222 titi·
1058 1183 1136 1224 nsui.
1162 1169 1216 1226 Sed
1240 1173 1358 1230 Hilarius
1373 1179 1400 1232 ει
1418 1175 1556 1232 drnohius
1578 1173 1697 1230 scribunt
1720 1173 1864 1244 interrogo

204 1245 350 1316 giostsuot
364 1245 396 1302 iii
415 1245 643 1318 recitationibus,
663 1244 708 1300 vel
725 1251 754 1298 ut
768 1243 814 1299 alii
831 1243 1008 1322 hahente'eei,
1057 1257 1112 1306 me,
1129 1257 1189 1297 cuin
1206 1243 1323 1317 Vulgata
1336 1245 1465 1302 lectione.

204 1322 257 1378 hoc
284 1332 327 1405 est
353 1325 430 1380 estis.
462 1323 583 1394 Denique
608 1330 750 1406 contextus
778 1338 833 1394 quo
862 1323 945 1404 utitur
972 1328 1006 1384 D.
1093 1331 1215 1388 Semitas
1228 1347 1315 1390 mens.
1332 1344 1431 1400 imp
1445 1350 1589 1404 sauciati,
1604 1335 1657 1390 hoc
1672 1341 1714 1389 εει
1724 1334 1866 1405 cogitatio

202 1395 372 1465 Augustinus
386 1403 438 1462 est,
463 1395 538 1452 dices
552 1396 584 1450 ic
608 1395 788 1474 cogitatione.
803 1395 839 1476 Et
864 1410 892 1449 in
907 1397 1007 1454 honam
1058 1417 1108 1458 uer
1122 1418 1210 1458 meus.
1222 1405 1257 1460 Et
1270 1405 1313 1461 har
1333 1406 1456 1477 prolecto
1471 1416 1533 1462 sunt
1548 1406 1647 1462 mentis
1670 1405 1863 1470 institutiones,

203 1472 311 1536 partem
325 1465 418 1532 refert,
432 1467 509 1537 juxto
525 1465 599 1538 quod
612 1465 722 1522 adducit
736 1473 876 1539 magister.
1058 1489 1119 1543 quae
1133 1489 1188 1530 nou
1202 1475 1321 1532 absurde
1345 1480 1456 1536 remitoe
1470 1478 1563 1536 cordis
1586 1477 1725 1534 dicuntur,
1751 1475 1863 1532 ΑΜ.

237 1555 388 1626 Accipiam
399 1556 441 1611 vit
466 1555 807 1626 incimmemmaum
832 1540 915 1616 mh
928 1568 1006 1619 mm
1057 1541 1109 1626 hus
1134 1545 1235 1602 etenim
1263 1548 1343 1618 quasi
1373 1549 1537 1632 quibusdam
1564 1548 1682 1620 pedihus
1707 1547 1864 1618 ingreditur

203 1639 277 1680 uisu
291 1641 445 1692 insenius,
461 1643 477 1682 a
491 1625 608 1683 diversis
622 1625 696 1682 varie
711 1626 844 1682 redditur.
860 1628 894 1682 D.
911 1629 1006 1686 Hiero·
1058 1630 1158 1672 “flum-
1175 1618 1252 1674 Unde
1268 1619 1412 1678 Chaldffllls
1426 1629 1574 1694 mlefllfffii
1590 1635 1725 1692 ⁶⁰d¹²⁰⁸⁰⁶
1748 1619 1865 1690 “limiti

201 1713 219 1758 n
238 1713 309 1763 mus,
325 1697 428 1754 eteuuti
442 1701 510 1754 sunt
524 1698 646 1769 trustra.
672 1697 810 1754 Pintcusis
826 1697 952 1755 similiter
973 1717 1006 1758 ac
1059 1703 1148 1744 ”²0⁰³-

227 1767 357 1824 chiensis.
382 1768 535 1826 Pelhcanus
560 1769 638 1825 vertit
662 1769 714 1824 suh
741 1769 859 1832 nomine,
886 1772 1006 1829 eleuatio

200 1839 309 1900 inante.
324 1839 487 1912 Interpretes
501 1855 550 1910 pro
574 1839 709 1908 Caietano,
726 1839 813 1894 activo
830 1841 864 1894 ad
881 1843 1002 1910 verbum,

200 1919 386 1982 sumpserunt,
402 1912 583 1968 elevaverunt
596 1913 717 1982 frustra.
730 1909 784 1965 Sed
792 1909 913 1978 Sanctes,
931 1915 1006 1970 Hun-

200 1989 300 2048 sterus,
325 1980 485 2054 Campensis
508 1980 668 2038 addiderunt
688 1979 761 2056 quod
784 1983 825 2038 eis
848 1983 1001 2055 ridebatur,

201 2060 294 2124 utpote
308 2057 515 2111 uomentium.
542 2054 642 2110 Assum
663 2055 764 2109 serunt
778 2054 810 2110 in
832 2071 937 2111 uanum
952 2074 1003 2114 rio·

200 2140 267 2180 rnen
283 2127 376 2192 tuum,
392 2124 458 2182 dicit
479 2123 612 2190 Sanctes3
628 2070 771 2190 tlusieius,
792 2129 1003 2200 (assumiturque

1088 1811 1181 1891 [viis.
1191 1816 1235 1872 23.
1248 1845 1283 1856 -
1293 1815 1326 1872 ln
1341 1817 1387 1874 viu
1403 1821 1522 1874 ceteruia.
1538 1815 1577 1872 Ita
1591 1816 1625 1872 D.
1641 1813 1827 1888 Hieronymus
1839 1821 1865 1870 et

1059 1880 1161 1953 aliquot
1185 1884 1241 1941 alii.
1271 1887 1417 1958 Pratensis,
1442 1887 1556 1944 Sanctes
1580 1897 1608 1944 et
1629 1887 1797 1958 interpretes
1817 1903 1864 1958 pro

1059 1952 1199 2022 Caietano,
1212 1965 1318 2012 vertunt
1330 1976 1382 2032 per
1397 1960 1471 2016 ciem
1485 1960 1593 2026 soecitli,
1611 1966 1657 2014 aut
1671 1958 1785 2022 mundi,
1802 1974 1864 2014 cum

1058 2029 1149 2080 tamen
1172 2027 1330 2086 testilicetur
1345 2029 1378 2086 D.
1395 2031 1553 2105 Hieronym.
1579 2031 1616 2088 ad
1630 2046 1689 2102 cap·
1706 2044 1726 2096 1.
1743 2029 1780 2084 ad
1805 2029 1863 2086 0³]-

701 2195 706 2205 ,
1058 2114 1131 2196 ubre
1141 2147 1227 2200 otiu,
1243 2135 1433 2195 maximorum
1445 2153 1495 2194 reu
1507 2137 1608 2194 dicide
1620 2133 1743 2194 300
1758 2135 1864 2192 aeterm-

200 2211 306 2252 ποιησει
320 2200 402 2252 tuum
415 2199 547 2267 [rustro5
562 2196 628 2252 Cam
649 2212 733 2262 ensis,
749 2198 925 2269 usurpabunt
939 2215 1003 2256 coii-
1058 2209 1113 2258 tate
1130 2220 1136 2259 :
1154 2205 1276 2279 Denique
1291 2209 1363 2263 haud
1387 2209 1444 2264 scio
1459 2208 1524 2282 quid
1549 2208 1602 2264 sibi
1618 2207 1682 2266 velit
1706 2207 1864 2278 Paraplira-

202 2267 332 2340 mopiam
344 2271 560 2352 ''mlinfufflli
569 2212 723 2334 Chaldaeus,
736 2268 783 2349 qui
795 2270 900 2340 jurant
916 2271 947 2326 iii
960 2287 1004 2352 uu·
1057 2272 1096 2328 sis
1106 2276 1279 2346 Campensis,
1289 2280 1396 2351 puniar
1405 2297 1429 2336 ιε
1446 2282 1596 2343 monimo.
1608 2285 1642 2336 ut
1651 2295 1729 2336 more
1738 2281 1863 2336 aliorum

198 2355 271 2394 uum
282 2343 399 2412 patroni
411 2342 575 2421 scriniarius
584 2343 659 2421 tuce.
676 2339 799 2409 Demque
815 2347 907 2395 nostra
921 2341 1001 2398 lectio
1056 2346 1096 2400 im
1118 2348 1211 2404 iorum
1225 2351 1337 2407 occidus
1350 2367 1404 2407 me.
1425 2299 1523 2408 Xerum
1532 2351 1694 2422 Euguhinus
1705 2350 1789 2406 docet
1803 2367 1865 2408 esse

199 2409 347 2494 respondet
362 2419 466 2467 veritati
490 2409 642 2478 Hebraicae,
659 2425 814 2490 quanquam
835 2426 890 2466 uon
906 2429 1001 2469 sorra·
1056 2363 1218 2476 ueletiam
1242 2421 1389 2491 dialecton,
1404 2430 1433 2478 ut
1448 2422 1484 2478 sit
1498 2411 1676 2496 imprecatio.
1692 2420 1722 2476 Si
1736 2437 1803 2478 cum
1814 2421 1864 2476 iin-

198 2487 243 2534 tur
263 2481 338 2535 verbi
357 2489 475 2562 tempus.
500 2481 643 2547 Caeterum,
666 2489 695 2536 ut
716 2480 780 2537 dicit
800 2481 925 2550 Sanctes,
951 2500 1001 2555 po·
1055 2486 1108 2556 piis
1118 2490 1216 2556 sentio,
1229 2491 1283 2549 duc
1296 2510 1342 2550 mc
1357 2496 1389 2550 iu
1402 2495 1477 2551 uiam
1486 2495 1598 2562 mundi,
1618 2493 1646 2548 id
1655 2500 1696 2548 est
1709 2492 1738 2548 in
1749 2501 1865 2548 mortem

197 2557 327 2635 test'esse
343 2552 386 2608 hic
401 2562 476 2613 ntur
488 2566 570 2617 utsii.
586 2568 637 2623 pto
650 2561 734 2632 littus
742 2565 844 2608 naseu.
1055 2557 1090 2612 ad
1106 2576 1185 2629 quain
1207 2570 1279 2618 totus
1303 2565 1422 2622 mundus
1443 2562 1594 2622 contendit.
1610 2566 1645 2622 Et
1658 2564 1712 2620 hoc
1727 2572 1768 2618 est
1792 2563 1863 2636 quod

234 2621 369 2677 Ciuitates
383 2625 459 2678 trior.
485 2621 587 2677 Omnes
611 2621 804 2678 translationes
819 2630 919 2694 preter
938 2640 999 2682 eain
1054 2628 1121 2686 dicit
1135 2631 1291 2700 Chaldaeus,
1309 2635 1398 2694 deduc
1415 2653 1458 2694 oie
1473 2638 1505 2693 iri
1521 2639 1568 2694 riu
1591 2639 1734 2694 rectorum
1750 2635 1862 2692 mundi.

197 2690 448 2764 quaecstl’ellieani
462 2691 564 2747 hubent
577 2693 669 2752 hostes
683 2692 727 2747 rol
741 2693 998 2766 adversariortuoc,
1054 2699 1120 2757 llaec
1144 2710 1237 2760 tomen
1264 2721 1320 2762 non
1342 2707 1409 2764 satis
1435 2708 1571 2780 quadrant
1598 2705 1743 2764 sententiaa
1764 2707 1864 2764 Hiero-

195 2760 223 2820 in
251 2777 318 2818 casu
340 2763 513 2820 convenienti
537 2763 674 2837 regimini.
699 2763 778 2820 Certe
802 2775 872 2854 pir
897 2779 997 2836 muci,
1056 2771 1140 2844 nymi,
1156 2790 1208 2832 uec
1223 2784 1380 2834 sanctoruni
1396 2779 1570 2852 expositioni.

732 2920 1018 3030 PSALMUS
1060 2927 1335 3038 CXXXIX.

227 3097 327 3142 rsaiiu
341 3099 458 3144 rirunns
474 3103 482 3142 r
498 3108 509 3134 ι
528 3099 558 3142 iu
572 3099 660 3143 irrisu
674 3099 798 3144 rsisuue
813 3101 911 3144 nirio.
930 3111 942 3139 i
1008 3093 1032 3157 0
1050 3092 1205 3154 Undarum
1227 3099 1352 3167 dixisset,
1374 3099 1408 3158 ab
1431 3099 1542 3158 homine
1556 3099 1639 3172 malo,
1665 3103 1745 3178 quasi
1766 3119 1858 3176 expo·

225 3193 992 3271 Eripeme.Titulus:lutinempsutmuiDauid.[Aug]
1049 3203 1118 3245 neus
1141 3187 1290 3260 subjunxit,
1312 3205 1330 3246 a
1356 3189 1414 3247 viro
1440 3189 1543 3264 iniquo,
1572 3192 1668 3249 volens
1696 3191 1856 3267 siguificare

192 3284 245 3340 Per
259 3283 349 3339 David
369 3283 413 3339 liic
427 3283 591 3355 intelligitur
605 3283 741 3351 Ecclesia,
764 3300 825 3357 quae
839 3293 881 3340 εει
896 3301 999 3356 corpus
1049 3277 1122 3348 quod
1143 3277 1233 3334 omnis
1253 3279 1341 3334 malus
1374 3279 1483 3353 iniquus
1506 3281 1542 3336 sit
1564 3281 1611 3354 qui
1633 3291 1713 3340 nocet
1739 3283 1792 3340 sihi
1814 3300 1848 3340 re

189 3371 299 3427 Christi.
324 3372 357 3427 Et
379 3379 421 3427 εει
440 3371 485 3428 hic
507 3371 667 3443 conquestio
688 3380 713 3427 ει
738 3373 855 3445 gemitus
871 3380 897 3428 et
911 3373 999 3430 oratio
1049 3365 1107 3421 alil·
1131 3366 1184 3422 Alii
1209 3368 1321 3439 quidem
1344 3377 1434 3437 nocet,
1458 3369 1503 3426 vel
1521 3385 1588 3444 mox
1601 3379 1630 3426 ut
1643 3372 1733 3428 molus
1748 3379 1790 3428 est
1814 3373 1860 3429 val

189 3459 314 3532 corporis
336 3459 446 3526 Christi,
470 3457 541 3514 inter
571 3459 659 3514 malos
693 3459 842 3526 constituti,
877 3461 999 3518 nondum
1049 3459 1154 3524 postea.
1171 3455 1240 3511 Sunt
1256 3457 1329 3514 enim
1354 3457 1464 3532 quidam
1478 3459 1555 3527 mali,
1584 3458 1630 3534 qui
1651 3477 1706 3518 non
1730 3461 1861 3518 videntur

189 3549 316 3605 uiuentis
331 3549 358 3604 in
373 3565 414 3615 re,
432 3547 482 3604 sed
500 3549 527 3604 in
544 3563 593 3618 spe
607 3547 718 3618 bonum,
744 3548 790 3604 uni
804 3558 846 3606 esi
861 3557 902 3606 esi
917 3550 999 3622 piena
1050 3540 1148 3616 iniqui,
1166 3543 1230 3617 quta
1252 3562 1308 3602 non
1331 3555 1395 3604 surii
1419 3547 1496 3615 saevi.
1518 3565 1574 3606 nou
1591 3557 1655 3606 suni
1676 3550 1778 3623 asieri.
1806 3567 1863 3608 non

189 3637 344 3695 exsultatio.
362 3637 392 3695 ln
409 3638 461 3695 hoc
483 3653 552 3712 ergo
566 3637 671 3709 psalmo
695 3645 773 3695 sonat
796 3655 849 3695 vox
874 3639 999 3711 corporis
1051 3640 1114 3688 suut
1141 3644 1362 3707 persequentes»
1392 3645 1421 3694 el
1442 3653 1588 3709 pressuras
1616 3639 1772 3696 hominibus
1804 3656 1863 3696 110⁰

189 3727 313 3783 Christi:
331 3727 396 3784 llaec
419 3735 461 3784 est
484 3742 537 3784 vox
558 3735 661 3794 nostra,
686 3728 710 3782 si
738 3736 829 3784 tamen
853 3745 947 3786 sumus
970 3731 999 3787 in
1050 3721 1201 3793 facientes:
1218 3723 1268 3780 8θᾶ
1292 3731 1384 3782 lamen
1407 3725 1551 3796 lt¹¹¹¹ll⁰⁸li
1576 3727 1687 3798 0bfi⁰⁸li
1712 3728 1864 3800 ΥΟΙΰΡῑθῑὶ·

191 3831 310 3890 corpore
333 3815 431 3874 Christi
445 3816 491 3873 uhi
513 3816 638 3890 quisquis
653 3831 708 3874 nori
733 3816 855 3873 fueritin
871 3818 912 3874 eis
936 3819 998 3888 erit,
1051 3812 1102 3867 bus
1131 3813 1218 3870 dediti
1236 3815 1306 3888 :qui
1335 3816 1387 3872 atsi
1414 3815 1476 3872 eliis
1504 3830 1605 3874 nocere
1627 3831 1683 3874 non
1705 3818 1862 3887 rideantur,

190 3906 263 3964 inter
278 3921 348 3980 quos
362 3905 429 3962 illud
444 3921 543 3978 corpus
558 3905 653 3977 gemit,
667 3906 999 3982 autmemhrumctirisii,
1051 3901 1103 3956 sihi
1131 3910 1221 3960 tamen
1250 3912 1360 3974 nocent,
1392 3911 1419 3962 et
1444 3905 1483 3961 ita
1511 3921 1567 3962 uon
1596 3915 1658 3962 suut
1685 3901 1859 3964 innocentes.

192 4005 239 4054 aut
262 3996 348 4052 hostis
371 3995 469 4054 Christi
492 3995 552 4053 erit.
569 3995 602 4051 Et
618 4003 660 4051 est
683 4013 780 4052 sensus
803 3996 873 4052 tituli
891 4015 898 4052 :
916 3999 1000 4054 Psat—
1051 3991 1187 4050 1¹¹¹10001¹⁸
1207 3994 1280 4050 essim
1294 4002 1345 4062 ⁰⁵2·
1362 3995 1407 4067 qui
1431 3993 1559 4063 ssetsslbli
1575 3995 1702 4054 11863Ῑῆ8
1723 4005 1816 4054 nocet.
1833 3997 1866 4054 Sl

190 4103 254 4144 mus
269 4084 313 4141 hic
328 4085 450 4158 dirigens
465 4100 516 4140 nos
539 4085 570 4141 iii
585 4085 683 4156 finem,
700 4083 727 4140 id
742 4093 784 4141 est
797 4085 824 4140 in
848 4085 999 4156 Christum,
1051 4081 1113 4153 quia
1128 4090 1218 4138 tamen
1231 4081 1286 4139 alte
1310 4084 1476 4151 consideret,
1505 4085 1588 4140 eiiam
1601 4085 1664 4142 eliis
1686 4094 1776 4151 nocet.
1801 4087 1864 4142 stl-

192 4184 235 4232 εει
250 4173 347 4239 Dauid,
364 4173 391 4228 id
407 4181 449 4230 est
464 4172 606 4240 Ecclesiae,
623 4190 683 4246 quae
699 4173 742 4230 hle
757 4173 887 4247 loquitur.
1051 4177 1107 4226 tem
1123 4171 1257 4245 exemplo,
1287 4173 1350 4245 quia
1365 4173 1432 4230 vivit
1455 4181 1556 4244 tecum,
1572 4181 1599 4230 et
1613 4173 1691 4230 adid
1706 4175 1779 4247 quod
1803 4177 1864 4248 agit

229 4261 364 4319 Intentio:
380 4260 526 4336 [Cassiod]
552 4262 644 4318 hlonet
658 4270 686 4317 ut
701 4270 801 4320 contra
815 4263 885 4320 mela
907 4265 1002 4322 saeculi
1051 4261 1307 4333 reinvitationes
1323 4278 1389 4319 vero
1405 4262 1514 4320 nocebit
1527 4271 1554 4319 et
1570 4277 1665 4336 opere.
1690 4263 1758 4319 Cum
1784 4265 1863 4321 enim

196 4351 232 4410 ad
246 4353 333 4410 Deum
355 4366 476 4408 oremus.
494 4350 782 4424 Modust'l'ripartitus
806 4361 849 4408 est
863 4353 997 4425 psalmus.
1053 4350 1127 4424 quod
1151 4349 1233 4407 hahet
1275 4351 1436 4424 voluptuosa
1477 4352 1595 4410 vivendo
1635 4353 1861 4425 consumpserit;

195 4443 274 4500 Prius
288 4442 414 4516 proponit
428 4441 475 4514 qui
488 4441 592 4508 liostcs,
610 4457 671 4515 quae
686 4440 758 4496 mala
772 4451 892 4512 movent,
910 4458 1037 4519 eppo-1)
1051 4447 1148 4512 postea
1157 4440 1227 4512 rapit
1249 4440 1320 4508 aliis,
1336 4441 1410 4514 quod
1435 4439 1576 4500 effundere
1599 4442 1696 4514 possit.
1720 4443 1762 4498 Ex
1776 4443 1861 4500 rolu-

194 4548 263 4590 nens
277 4531 318 4588 eis
331 4547 440 4603 preces.
464 4530 590 4588 Secundo
613 4530 678 4586 dicit
699 4531 773 4603 quod
795 4531 926 4587 auxilium
947 4533 998 4588 ha-

195 4621 257 4678 heat
271 4627 365 4678 eontra
379 4621 462 4687 mala,
476 4619 523 4688 ihi,
538 4620 602 4677 dici
620 4622 746 4677 Domino.
762 4620 853 4676 Tertio
867 4637 928 4694 quie
942 4620 997 4678 sint

194 4711 265 4768 mala
278 4710 447 4768 inimicorum
462 4709 559 4781 aperit,
579 4707 627 4776 ihi,
644 4713 729 4781 ceput
746 4711 925 4778 circumitus,
942 4719 995 4768 etc.

194 4799 318 4862 Ecclesia
333 4816 398 4874 eigo
413 4799 485 4855 inter
499 4799 587 4854 malos
600 4797 737 4865 laborans,
754 4797 871 4855 clamat:
888 4798 911 4855 0

231 4894 317 4949 Veiis.
328 4893 392 4945 t.-
404 4909 416 4940 ι
428 4887 513 4959 Eripe
526 4903 580 4953 me,
591 4887 715 4956 Domine,
728 4887 762 4942 ah
778 4887 889 4946 homine
902 4887 995 4960 malo;

198 5005 210 5033 i
227 4997 242 5038 a
257 4980 317 5038 niro
331 4978 426 5050 iniquo
439 4975 515 5048 eripe
529 4991 584 5032 me.
599 4995 611 5026 i

229 5069 355 5136 Domine,
367 5067 445 5140 eripe
458 5081 504 5123 me
514 5069 547 5123 nt
562 5065 675 5122 homine
690 5065 775 5133 muto,
785 5063 880 5140 [Aug]
891 5081 946 5122 non
961 5066 996 5122 ab

192 5158 257 5228 urio,
274 5159 324 5216 sed
339 5173 355 5216 a
370 5163 425 5214 toto
440 5171 542 5231 genere
563 5155 709 5220 malorum,
722 5171 784 5212 oum
802 5153 926 5228 principe
946 5170 996 5212 suo

193 5247 314 5316 diaholo,
334 5247 420 5320 quiet
437 5246 520 5303 liomo
541 5245 639 5302 dicitur
661 5245 689 5300 in
712 5243 807 5318 figura.
829 5243 907 5301 Unde
920 5262 926 5300 :
938 5244 996 5300 liei-

193 5335 284 5392 micui
298 5339 379 5394 homo
404 5337 454 5394 tice
469 5336 539 5407 fecit
553 5336 601 5410 qui
623 5333 861 5408 superseminavit
882 5335 994 5392 siaonia

196 5423 304 5492 (llutth.
319 5425 398 5497 xiii);
412 5434 440 5481 et
455 5425 497 5481 vir
521 5425 629 5491 dicitur,
653 5423 716 5498 quia
739 5421 818 5480 lortis
837 5423 871 5478 ad
893 5439 995 5480 nocen-

193 5513 268 5581 dum,
284 5512 357 5570 unde
371 5513 482 5570 subdit:
499 5514 519 5570 A
535 5514 705 5588 circinique
720 5513 796 5586 eripe
810 5528 864 5570 me.
881 5511 930 5570 Vir
943 5511 995 5567 ini-

195 5609 265 5678 quus
292 5609 334 5660 cst
362 5601 408 5676 qui
434 5609 524 5672 nocet,
553 5601 641 5659 omnis
670 5611 761 5660 autem
787 5601 876 5659 malus
903 5608 992 5659 uocet.

1052 4537 1127 4601 ptate
1143 4544 1211 4602 ergo
1224 4538 1252 4586 et
1265 4530 1382 4598 luxuria,
1400 4530 1500 4603 quibus
1514 4530 1575 4586 aliis
1589 4547 1691 4588 nocere
1706 4547 1762 4588 nou
1776 4529 1861 4588 ride-

1053 4619 1140 4688 batur,
1157 4619 1281 4690 procedit
1296 4635 1350 4692 quo
1364 4621 1508 4694 repungit,
1530 4619 1601 4677 sicut
1615 4620 1701 4693 spiuae
1721 4620 1749 4675 in
1763 4619 1862 4678 radica

1051 4717 1115 4765 sunt
1127 4707 1215 4776 lenes,
1232 4709 1281 4766 sed
1301 4708 1364 4766 iude
1386 4709 1512 4783 procedit
1528 4707 1601 4784 quod
1626 4711 1731 4784 pungit.
1756 4710 1861 4767 lncan-

1051 4797 1129 4854 datur
1152 4814 1218 4870 ergo
1243 4798 1332 4867 radix,
1349 4807 1376 4856 et
1390 4807 1503 4857 nonest
1517 4800 1591 4858 unde
1615 4799 1746 4872 procedat
1767 4798 1860 4870 spine.

1049 4888 1089 4943 lta
1104 4887 1167 4943 dum
1182 4887 1282 4962 aliquis
1297 4888 1456 4961 voluptuose
1479 4889 1556 4958 vivit,
1575 4889 1643 4945 nulli
1664 4903 1768 4946 nocere
1782 4889 1864 4944 ride·

1050 4986 1102 5046 tur,
1120 4976 1170 5034 sed
1183 4986 1245 5051 post
1271 4977 1351 5050 rapit,
1374 4978 1447 5051 quod
1467 4975 1590 5036 effundit.
1607 4977 1766 5050 Corrigolur
1789 4993 1862 5050 ergo

1050 5065 1175 5139 voluptas
1203 5075 1331 5140 tanquam
1359 5067 1444 5138 radix,
1468 5076 1494 5126 ει
1520 5083 1576 5125 uon
1603 5075 1732 5124 nascetur
1759 5067 1861 5140 rapina

1051 5169 1112 5228 quae
1125 5163 1230 5228 pungat
1244 5156 1318 5214 velut
1341 5157 1430 5228 spina
1447 5157 1553 5214 Deinde
1572 5156 1689 5230 qualiter
1711 5155 1776 5212 mali
1790 5171 1863 5227 per-

1050 5253 1209 5317 sequuntur,
1241 5246 1407 5318 exsequitur.
1436 5243 1861 5322 [Alcuin.]1mpugnanttiihus

1048 5333 1148 5404 modis,
1175 5333 1279 5392 scilicet
1298 5333 1402 5408 lingua,
1428 5351 1520 5402 mauu,
1545 5335 1639 5406 corda,
1664 5332 1745 5392 etde
1772 5333 1862 5391 corde

1050 5423 1191 5495 praemittit
1205 5424 1302 5482 dicens
1318 5440 1326 5480 r

1085 5513 1171 5570 Vms.
1199 5515 1227 5570 2.
1247 5541 1283 5556 -
1304 5535 1316 5566 ι
1341 5511 1395 5584 Qui
1421 5514 1612 5586 cogitaverunt
1639 5512 1798 5590 iniquitates
1826 5515 1861 5574 in

1051 5625 1063 5651 α
1081 5602 1175 5671 corde,
1191 5607 1245 5659 tota
1259 5601 1305 5659 die
1317 5603 1519 5662 constituebant
1533 5603 1637 5678 pretia.
1656 5627 1670 5654 ι
