<?xml version="1.0" encoding="UTF-8"?>
<!DOCTYPE html PUBLIC "-//W3C//DTD XHTML 1.0 Transitional//EN"
    "http://www.w3.org/TR/xhtml1/DTD/xhtml1-transitional.dtd">
<html xmlns="http://www.w3.org/1999/xhtml" xml:lang="en" lang="en">
 <head>
  <title>
</title>
<meta http-equiv="Content-Type" content="text/html;charset=utf-8" />
  <meta name='ocr-system' content='tesseract 3.04.00' />
  <meta name='ocr-capabilities' content='ocr_page ocr_carea ocr_par ocr_line ocrx_word'/>
</head>
<body>
  <div class='ocr_page' id='page_1' title='image "./patrologiaecurs122unkngoog_0803.png"; bbox 0 0 3878 6322; ppageno 0'>
   <div class='ocr_carea' id='block_1_1' title="bbox 74 155 1727 222">
    <p class='ocr_par' dir='ltr' id='par_1_1' title="bbox 74 155 1727 222">
     <span class='ocr_line' id='line_1_1' title="bbox 74 155 1727 222; baseline 0.005 -8"><span class='ocrx_word' id='word_1_1' title='bbox 74 163 152 216; x_wconf 80' lang='lat' dir='ltr'><strong>taor</strong></span> <span class='ocrx_word' id='word_1_2' title='bbox 402 155 657 215; x_wconf 81' lang='lat' dir='ltr'><strong>COLLECTANEA</strong></span> <span class='ocrx_word' id='word_1_3' title='bbox 674 158 712 213; x_wconf 91' lang='lat' dir='ltr'><strong>IN</strong></span> <span class='ocrx_word' id='word_1_4' title='bbox 729 156 838 213; x_wconf 85' lang='lat' dir='ltr'><strong>EPIST.</strong></span> <span class='ocrx_word' id='word_1_5' title='bbox 858 156 893 213; x_wconf 87' lang='lat' dir='ltr'><strong>D.</strong></span> <span class='ocrx_word' id='word_1_6' title='bbox 914 157 1027 214; x_wconf 79' lang='lat' dir='ltr'><strong>PAULI.</strong></span> <span class='ocrx_word' id='word_1_7' title='bbox 1043 189 1077 201; x_wconf 95' lang='lat'><em>-</em></span> <span class='ocrx_word' id='word_1_8' title='bbox 1091 161 1129 216; x_wconf 91' lang='lat' dir='ltr'><strong>IN</strong></span> <span class='ocrx_word' id='word_1_9' title='bbox 1146 161 1204 217; x_wconf 87' lang='grc' dir='ltr'><strong>ΕΡ.</strong></span> <span class='ocrx_word' id='word_1_10' title='bbox 1229 161 1306 218; x_wconf 79' lang='grc' dir='ltr'><strong>ΙΑΙ)</strong></span> <span class='ocrx_word' id='word_1_11' title='bbox 1326 161 1405 220; x_wconf 82' lang='lat' dir='ltr'>COR.</span> <span class='ocrx_word' id='word_1_12' title='bbox 1657 167 1727 222; x_wconf 76' lang='grc'>1598</span> 
     </span>
    </p>
   </div>
   <div class='ocr_carea' id='block_1_2' title="bbox 1 281 1729 447">
    <p class='ocr_par' dir='ltr' id='par_1_2' title="bbox 1 281 1729 447">
     <span class='ocr_line' id='line_1_2' title="bbox 1 281 1729 358; baseline 0.002 -20"><span class='ocrx_word' id='word_1_13' title='bbox 1 292 2 302; x_wconf 73' lang='grc'>’</span> <span class='ocrx_word' id='word_1_14' title='bbox 75 283 160 340; x_wconf 90' lang='lat' dir='ltr'><strong>dines</strong></span> <span class='ocrx_word' id='word_1_15' title='bbox 184 287 349 340; x_wconf 87' lang='lat' dir='ltr'><strong>memoratas</strong></span> <span class='ocrx_word' id='word_1_16' title='bbox 371 282 483 349; x_wconf 85' lang='lat' dir='ltr'><strong>hahent,</strong></span> <span class='ocrx_word' id='word_1_17' title='bbox 507 281 550 338; x_wconf 89' lang='lat' dir='ltr'><strong>vel</strong></span> <span class='ocrx_word' id='word_1_18' title='bbox 574 282 637 338; x_wconf 90' lang='lat' dir='ltr'><strong>dum</strong></span> <span class='ocrx_word' id='word_1_19' title='bbox 663 281 784 339; x_wconf 90' lang='lat' dir='ltr'><strong>concedo</strong></span> <span class='ocrx_word' id='word_1_20' title='bbox 805 281 920 342; x_wconf 83' lang='lat' dir='ltr'><strong>vohisA</strong></span> <span class='ocrx_word' id='word_1_21' title='bbox 934 297 995 339; x_wconf 91' lang='lat' dir='ltr'><strong>cum</strong></span> <span class='ocrx_word' id='word_1_22' title='bbox 1010 283 1173 356; x_wconf 85' lang='lat' dir='ltr'><strong>flagratione</strong></span> <span class='ocrx_word' id='word_1_23' title='bbox 1192 285 1299 356; x_wconf 80' lang='lat' dir='ltr'>peribit.</span> <span class='ocrx_word' id='word_1_24' title='bbox 1324 287 1387 343; x_wconf 90' lang='lat' dir='ltr'><strong>Nou</strong></span> <span class='ocrx_word' id='word_1_25' title='bbox 1406 286 1565 356; x_wconf 86' lang='lat' dir='ltr'><strong>substantia,</strong></span> <span class='ocrx_word' id='word_1_26' title='bbox 1581 287 1630 342; x_wconf 89' lang='lat' dir='ltr'><strong>sed</strong></span> <span class='ocrx_word' id='word_1_27' title='bbox 1644 286 1729 358; x_wconf 83' lang='lat' dir='ltr'><strong>figura</strong></span> 
     </span>
     <span class='ocr_line' id='line_1_3' title="bbox 81 369 1727 447; baseline 0.002 -20"><span class='ocrx_word' id='word_1_28' title='bbox 81 372 160 445; x_wconf 90' lang='lat' dir='ltr'><strong>quod</strong></span> <span class='ocrx_word' id='word_1_29' title='bbox 174 371 265 440; x_wconf 77' lang='lat' dir='ltr'><strong>uultis,</strong></span> <span class='ocrx_word' id='word_1_30' title='bbox 278 387 363 443; x_wconf 88' lang='lat' dir='ltr'><strong>parco</strong></span> <span class='ocrx_word' id='word_1_31' title='bbox 380 371 469 438; x_wconf 89' lang='lat' dir='ltr'><strong>vohis,</strong></span> <span class='ocrx_word' id='word_1_32' title='bbox 485 371 536 426; x_wconf 90' lang='lat' dir='ltr'><strong>etsi</strong></span> <span class='ocrx_word' id='word_1_33' title='bbox 546 387 629 442; x_wconf 84' lang='lat' dir='ltr'><strong>grave</strong></span> <span class='ocrx_word' id='word_1_34' title='bbox 640 369 683 427; x_wconf 90' lang='lat' dir='ltr'><strong>sit.</strong></span> <span class='ocrx_word' id='word_1_35' title='bbox 933 379 1013 442; x_wconf 89' lang='lat' dir='ltr'><strong>atque</strong></span> <span class='ocrx_word' id='word_1_36' title='bbox 1027 371 1086 442; x_wconf 90' lang='lat' dir='ltr'><strong>ipsa</strong></span> <span class='ocrx_word' id='word_1_37' title='bbox 1101 372 1188 428; x_wconf 86' lang='lat' dir='ltr'><strong>libera</strong></span> <span class='ocrx_word' id='word_1_38' title='bbox 1202 374 1351 429; x_wconf 88' lang='lat' dir='ltr'><strong>substantia</strong></span> <span class='ocrx_word' id='word_1_39' title='bbox 1370 391 1419 430; x_wconf 89' lang='lat' dir='ltr'><strong>eas</strong></span> <span class='ocrx_word' id='word_1_40' title='bbox 1441 375 1584 447; x_wconf 89' lang='lat' dir='ltr'><strong>qualitates</strong></span> <span class='ocrx_word' id='word_1_41' title='bbox 1606 375 1727 443; x_wconf 87' lang='lat' dir='ltr'><strong>habebit,</strong></span> 
     </span>
    </p>
   </div>
   <div class='ocr_carea' id='block_1_3' title="bbox 933 460 1729 531">
    <p class='ocr_par' dir='ltr' id='par_1_3' title="bbox 933 460 1729 531">
     <span class='ocr_line' id='line_1_4' title="bbox 933 460 1729 531; baseline 0.008 -17"><span class='ocrx_word' id='word_1_42' title='bbox 933 476 993 531; x_wconf 85' lang='lat' dir='ltr'><strong>quae</strong></span> <span class='ocrx_word' id='word_1_43' title='bbox 1025 460 1184 531; x_wconf 84' lang='lat' dir='ltr'>corporibus</span> <span class='ocrx_word' id='word_1_44' title='bbox 1222 461 1420 518; x_wconf 75' lang='lat' dir='ltr'><strong>immortalibus</strong></span> <span class='ocrx_word' id='word_1_45' title='bbox 1443 463 1559 518; x_wconf 84' lang='lat' dir='ltr'><strong>mirabili</strong></span> <span class='ocrx_word' id='word_1_46' title='bbox 1580 463 1729 520; x_wconf 78' lang='lat' dir='ltr'><strong>mutatione</strong></span> 
     </span>
    </p>
   </div>
   <div class='ocr_carea' id='block_1_4' title="bbox 1 535 1728 710">
    <p class='ocr_par' dir='ltr' id='par_1_4' title="bbox 1 535 1728 710">
     <span class='ocr_line' id='line_1_5' title="bbox 364 535 1728 623; baseline 0.007 -25"><span class='ocrx_word' id='word_1_47' title='bbox 364 605 369 617; x_wconf 51' lang='grc'><strong>,</strong></span> <span class='ocrx_word' id='word_1_48' title='bbox 639 603 645 618; x_wconf 64' lang='grc'>,</span> <span class='ocrx_word' id='word_1_49' title='bbox 931 548 1104 605; x_wconf 87' lang='lat' dir='ltr'><strong>conveniant.</strong></span> <span class='ocrx_word' id='word_1_50' title='bbox 1123 550 1156 604; x_wconf 89' lang='grc' dir='ltr'>Ει</span> <span class='ocrx_word' id='word_1_51' title='bbox 1170 535 1233 604; x_wconf 87' lang='lat' dir='ltr'><strong>ideo</strong></span> <span class='ocrx_word' id='word_1_52' title='bbox 1247 565 1301 604; x_wconf 91' lang='lat' dir='ltr'><strong>non</strong></span> <span class='ocrx_word' id='word_1_53' title='bbox 1317 551 1382 605; x_wconf 85' lang='lat' dir='ltr'><strong>dixit</strong></span> <span class='ocrx_word' id='word_1_54' title='bbox 1396 552 1513 608; x_wconf 87' lang='lat' dir='ltr'><strong>mundas</strong></span> <span class='ocrx_word' id='word_1_55' title='bbox 1534 551 1614 623; x_wconf 89' lang='lat' dir='ltr'><strong>perit,</strong></span> <span class='ocrx_word' id='word_1_56' title='bbox 1632 552 1680 613; x_wconf 86' lang='lat' dir='ltr'><strong>sed</strong></span> <span class='ocrx_word' id='word_1_57' title='bbox 1696 551 1728 608; x_wconf 85' lang='lat' dir='ltr'><strong>h·</strong></span> 
     </span>
     <span class='ocr_line' id='line_1_6' title="bbox 1 602 1727 710; baseline 0.003 -52"><span class='ocrx_word' id='word_1_58' title='bbox 1 679 2 682; x_wconf 8' lang='lat'>¹</span> <span class='ocrx_word' id='word_1_59' title='bbox 77 602 298 676; x_wconf 79' lang='lat' dir='ltr'><strong>postreueeat,</strong></span> <span class='ocrx_word' id='word_1_60' title='bbox 315 602 880 676; x_wconf 77' lang='lat' dir='ltr'><strong>rataqunmestatetqozhclentonorea,</strong></span> <span class='ocrx_word' id='word_1_61' title='bbox 932 652 1007 707; x_wconf 54' lang='lat' dir='ltr'><strong>gum,</strong></span> <span class='ocrx_word' id='word_1_62' title='bbox 1024 636 1087 709; x_wconf 60' lang='lat' dir='ltr'><strong>quia</strong></span> <span class='ocrx_word' id='word_1_63' title='bbox 1103 637 1412 709; x_wconf 48' lang='lat' dir='ltr'><strong>subsmntianonpem,</strong></span> <span class='ocrx_word' id='word_1_64' title='bbox 1432 640 1482 694; x_wconf 63' lang='lat' dir='ltr'><strong>sed</strong></span> <span class='ocrx_word' id='word_1_65' title='bbox 1504 640 1631 710; x_wconf 42' lang='lat' dir='ltr'><strong>qualitas·</strong></span> <span class='ocrx_word' id='word_1_66' title='bbox 1666 643 1727 698; x_wconf 58' lang='lat' dir='ltr'><em>Volo</em></span> 
     </span>
    </p>
   </div>
   <div class='ocr_carea' id='block_1_5' title="bbox 1 691 1731 1416">
    <p class='ocr_par' dir='ltr' id='par_1_5' title="bbox 1 691 1731 1416">
     <span class='ocr_line' id='line_1_7' title="bbox 1 691 1725 794; baseline 0.001 -9"><span class='ocrx_word' id='word_1_67' title='bbox 1 742 2 761; x_wconf 50' lang='grc' dir='ltr'>ι</span> <span class='ocrx_word' id='word_1_68' title='bbox 84 697 225 765; x_wconf 57' lang='lat' dir='ltr'><em>tanquam</em></span> <span class='ocrx_word' id='word_1_69' title='bbox 240 706 297 746; x_wconf 71' lang='lat'><em>&#39;¹⁰⁷²</em></span> <span class='ocrx_word' id='word_1_70' title='bbox 314 691 448 792; x_wconf 52' lang='lat' dir='ltr'><strong>mmm</strong></span> <span class='ocrx_word' id='word_1_71' title='bbox 459 693 527 760; x_wconf 55' lang='lat' dir='ltr'><strong>&#39;nm’</strong></span> <span class='ocrx_word' id='word_1_72' title='bbox 540 694 568 746; x_wconf 52' lang='lat' dir='ltr'><strong>et</strong></span> <span class='ocrx_word' id='word_1_73' title='bbox 591 691 639 763; x_wconf 62' lang='lat' dir='ltr'><strong>qui</strong></span> <span class='ocrx_word' id='word_1_74' title='bbox 652 692 722 760; x_wconf 57' lang='lat' dir='ltr'><strong>nem</strong></span> <span class='ocrx_word' id='word_1_75' title='bbox 747 695 882 763; x_wconf 58' lang='lat' dir='ltr'><em>tanquam</em></span> <span class='ocrx_word' id='word_1_76' title='bbox 931 728 1037 782; x_wconf 84' lang='lat' dir='ltr'><strong>antem.</strong></span> <span class='ocrx_word' id='word_1_77' title='bbox 1054 723 1139 794; x_wconf 80' lang='lat' dir='ltr'><strong>Quasi</strong></span> <span class='ocrx_word' id='word_1_78' title='bbox 1154 726 1225 782; x_wconf 92' lang='lat' dir='ltr'><strong>dicat</strong></span> <span class='ocrx_word' id='word_1_79' title='bbox 1238 741 1243 780; x_wconf 96' lang='lat'><strong>:</strong></span> <span class='ocrx_word' id='word_1_80' title='bbox 1256 725 1285 781; x_wconf 91' lang='lat' dir='ltr'><strong>Si</strong></span> <span class='ocrx_word' id='word_1_81' title='bbox 1298 726 1409 794; x_wconf 89' lang='lat' dir='ltr'><strong>nubitis,</strong></span> <span class='ocrx_word' id='word_1_82' title='bbox 1427 729 1479 782; x_wconf 92' lang='lat' dir='ltr'><strong>hoc</strong></span> <span class='ocrx_word' id='word_1_83' title='bbox 1492 726 1584 783; x_wconf 87' lang='lat' dir='ltr'><strong>lacere</strong></span> <span class='ocrx_word' id='word_1_84' title='bbox 1601 729 1725 786; x_wconf 91' lang='lat' dir='ltr'><strong>consulo.</strong></span> 
     </span>
     <span class='ocr_line' id='line_1_8' title="bbox 1 779 1729 886; baseline 0 -13"><span class='ocrx_word' id='word_1_85' title='bbox 1 841 2 844; x_wconf 40' lang='lat'>¹</span> <span class='ocrx_word' id='word_1_86' title='bbox 74 781 262 849; x_wconf 56' lang='lat' dir='ltr'><strong>&#39;munem’</strong></span> <span class='ocrx_word' id='word_1_87' title='bbox 274 779 881 882; x_wconf 55' lang='lat' dir='ltr'><strong>‘t4³²⁹⁰¹⁸d⁶²m⁰⁷²q¹⁴am,n⁰nmdem&#39;}</strong></span> <span class='ocrx_word' id='word_1_88' title='bbox 932 813 986 868; x_wconf 89' lang='lat' dir='ltr'><strong>Sed</strong></span> <span class='ocrx_word' id='word_1_89' title='bbox 1004 813 1093 886; x_wconf 85' lang='lat' dir='ltr'><strong>magis</strong></span> <span class='ocrx_word' id='word_1_90' title='bbox 1107 815 1166 869; x_wconf 85' lang='lat' dir='ltr'><strong>voto</strong></span> <span class='ocrx_word' id='word_1_91' title='bbox 1181 831 1226 870; x_wconf 86' lang='lat' dir='ltr'><strong>vos</strong></span> <span class='ocrx_word' id='word_1_92' title='bbox 1246 831 1303 871; x_wconf 80' lang='lat' dir='ltr'><strong>asse</strong></span> <span class='ocrx_word' id='word_1_93' title='bbox 1327 815 1389 870; x_wconf 85' lang='lat' dir='ltr'><strong>stne</strong></span> <span class='ocrx_word' id='word_1_94' title='bbox 1409 815 1602 872; x_wconf 76' lang='lat' dir='ltr'><strong>sollicitudine</strong></span> <span class='ocrx_word' id='word_1_95' title='bbox 1613 817 1729 873; x_wconf 83' lang='lat' dir='ltr'><strong>reiuro-</strong></span> 
     </span>
     <span class='ocr_line' id='line_1_9' title="bbox 1 867 1725 976; baseline 0.001 -17"><span class='ocrx_word' id='word_1_96' title='bbox 1 927 2 936; x_wconf 49' lang='lat'>¹</span> <span class='ocrx_word' id='word_1_97' title='bbox 82 872 114 924; x_wconf 50' lang='grc' dir='ltr'><strong>εἰ</strong></span> <span class='ocrx_word' id='word_1_98' title='bbox 138 870 186 941; x_wconf 60' lang='lat' dir='ltr'><strong>qui</strong></span> <span class='ocrx_word' id='word_1_99' title='bbox 209 872 310 924; x_wconf 58' lang='lat' dir='ltr'><em>‘munt</em></span> <span class='ocrx_word' id='word_1_100' title='bbox 329 872 467 940; x_wconf 51' lang='lat' dir='ltr'><strong><em>umquam</em></strong></span> <span class='ocrx_word' id='word_1_101' title='bbox 490 883 548 922; x_wconf 65' lang='lat' dir='ltr'><strong>mm</strong></span> <span class='ocrx_word' id='word_1_102' title='bbox 572 867 765 938; x_wconf 62' lang='lat' dir='ltr'><strong>p⁰⁸⁸²d⁶m⁰⁸¹</strong></span> <span class='ocrx_word' id='word_1_103' title='bbox 791 871 820 923; x_wconf 59' lang='lat' dir='ltr'><strong>“t</strong></span> <span class='ocrx_word' id='word_1_104' title='bbox 834 883 882 972; x_wconf 52' lang='lat' dir='ltr'><em>w</em></span> <span class='ocrx_word' id='word_1_105' title='bbox 932 900 1201 972; x_wconf 74' lang='lat' dir='ltr'><strong>riae3quadirninuta</strong></span> <span class='ocrx_word' id='word_1_106' title='bbox 1212 902 1239 955; x_wconf 93' lang='lat' dir='ltr'><strong>in</strong></span> <span class='ocrx_word' id='word_1_107' title='bbox 1249 902 1300 957; x_wconf 89' lang='lat' dir='ltr'><strong>Dei</strong></span> <span class='ocrx_word' id='word_1_108' title='bbox 1315 903 1397 957; x_wconf 87' lang='lat' dir='ltr'><strong>rebus</strong></span> <span class='ocrx_word' id='word_1_109' title='bbox 1411 902 1574 973; x_wconf 89' lang='lat' dir='ltr'><strong>propensius</strong></span> <span class='ocrx_word' id='word_1_110' title='bbox 1587 903 1725 976; x_wconf 86' lang='lat' dir='ltr'><strong>vigilatur.</strong></span> 
     </span>
     <span class='ocr_line' id='line_1_10' title="bbox 82 954 1729 1062; baseline -0.001 -13"><span class='ocrx_word' id='word_1_111' title='bbox 82 960 211 1058; x_wconf 44' lang='lat' dir='ltr'><strong>&#39;‘timu‘&#39;</strong></span> <span class='ocrx_word' id='word_1_112' title='bbox 221 954 271 1013; x_wconf 54' lang='lat'><strong>&#39;²⁰⁶</strong></span> <span class='ocrx_word' id='word_1_113' title='bbox 281 955 530 1057; x_wconf 58' lang='lat' dir='ltr'><strong>m&#39;fndmnq&#39;fam</strong></span> <span class='ocrx_word' id='word_1_114' title='bbox 540 971 598 1010; x_wconf 72' lang='lat'><em>&#39;²⁰⁷²</em></span> <span class='ocrx_word' id='word_1_115' title='bbox 608 958 882 1058; x_wconf 38' lang='lat' dir='ltr'><strong>&#39;‘tamur&#39;froem‘t</strong></span> <span class='ocrx_word' id='word_1_116' title='bbox 931 990 966 1044; x_wconf 83' lang='lat' dir='ltr'><strong>Et</strong></span> <span class='ocrx_word' id='word_1_117' title='bbox 979 988 1247 1062; x_wconf 84' lang='lat' dir='ltr'><strong>rectehocvolo‚qni</strong></span> <span class='ocrx_word' id='word_1_118' title='bbox 1258 990 1320 1046; x_wconf 83' lang='lat' dir='ltr'><strong>sinc</strong></span> <span class='ocrx_word' id='word_1_119' title='bbox 1333 992 1624 1048; x_wconf 80' lang='lat' dir='ltr'><strong>naorccstsotticitua</strong></span> <span class='ocrx_word' id='word_1_120' title='bbox 1633 995 1685 1058; x_wconf 86' lang='lat' dir='ltr'><strong>eat,</strong></span> <span class='ocrx_word' id='word_1_121' title='bbox 1700 999 1729 1048; x_wconf 92' lang='lat' dir='ltr'><strong>ut</strong></span> 
     </span>
     <span class='ocr_line' id='line_1_11' title="bbox 1 1043 1728 1152; baseline 0 -15"><span class='ocrx_word' id='word_1_122' title='bbox 1 1099 2 1108; x_wconf 56' lang='lat'>¹</span> <span class='ocrx_word' id='word_1_123' title='bbox 78 1060 159 1146; x_wconf 47' lang='grc' dir='ltr'><strong>ΨΜ</strong></span> <span class='ocrx_word' id='word_1_124' title='bbox 172 1044 265 1146; x_wconf 51' lang='grc' dir='ltr'><strong>’ΨΜ</strong></span> <span class='ocrx_word' id='word_1_125' title='bbox 279 1045 364 1116; x_wconf 55' lang='lat' dir='ltr'><strong>&#39;min&#39;</strong></span> <span class='ocrx_word' id='word_1_126' title='bbox 379 1043 489 1148; x_wconf 27' lang='lat' dir='ltr'><strong>&#39;&#39;fuid‘&#39;</strong></span> <span class='ocrx_word' id='word_1_127' title='bbox 503 1043 564 1100; x_wconf 60' lang='grc' dir='ltr'><strong>ΜΟ</strong></span> <span class='ocrx_word' id='word_1_128' title='bbox 578 1047 675 1100; x_wconf 63' lang='lat' dir='ltr'><strong>amm</strong></span> <span class='ocrx_word' id='word_1_129' title='bbox 689 1059 811 1146; x_wconf 69' lang='lat'><strong>¹¹⁰⁸‚⁸²,”⁶</strong></span> <span class='ocrx_word' id='word_1_130' title='bbox 825 1045 882 1099; x_wconf 51' lang='grc' dir='ltr'><strong>Μ’</strong></span> <span class='ocrx_word' id='word_1_131' title='bbox 931 1077 1067 1148; x_wconf 91' lang='lat' dir='ltr'><strong>compleat</strong></span> <span class='ocrx_word' id='word_1_132' title='bbox 1083 1094 1115 1133; x_wconf 86' lang='lat' dir='ltr'><strong>eo</strong></span> <span class='ocrx_word' id='word_1_133' title='bbox 1130 1079 1405 1150; x_wconf 79' lang='lat' dir='ltr'><strong>quoehominisont,</strong></span> <span class='ocrx_word' id='word_1_134' title='bbox 1419 1083 1447 1134; x_wconf 83' lang='lat' dir='ltr'><strong>et</strong></span> <span class='ocrx_word' id='word_1_135' title='bbox 1462 1079 1595 1152; x_wconf 83' lang='lat' dir='ltr'><strong>quomodo</strong></span> <span class='ocrx_word' id='word_1_136' title='bbox 1612 1082 1728 1152; x_wconf 85' lang='lat' dir='ltr'><strong>placeat</strong></span> 
     </span>
     <span class='ocr_line' id='line_1_12' title="bbox 81 1131 1731 1238; baseline 0.001 -15"><span class='ocrx_word' id='word_1_137' title='bbox 81 1133 238 1234; x_wconf 65' lang='lat' dir='ltr'><strong>²²⁶²md²&#39;³⁰‚</strong></span> <span class='ocrx_word' id='word_1_138' title='bbox 256 1149 325 1232; x_wconf 38' lang='lat' dir='ltr'><strong>qm·</strong></span> <span class='ocrx_word' id='word_1_139' title='bbox 351 1133 403 1199; x_wconf 58' lang='grc' dir='ltr'><strong>ΟΜ</strong></span> <span class='ocrx_word' id='word_1_140' title='bbox 427 1148 489 1188; x_wconf 60' lang='lat' dir='ltr'><strong>³²⁷ae</strong></span> <span class='ocrx_word' id='word_1_141' title='bbox 508 1147 599 1187; x_wconf 59' lang='lat' dir='ltr'><strong>mre</strong></span> <span class='ocrx_word' id='word_1_142' title='bbox 613 1135 667 1199; x_wconf 52' lang='grc' dir='ltr'><strong>Μ’</strong></span> <span class='ocrx_word' id='word_1_143' title='bbox 682 1131 823 1233; x_wconf 58' lang='lat' dir='ltr'><strong>⁸⁰H²⁶²²¹¹f</strong></span> <span class='ocrx_word' id='word_1_144' title='bbox 839 1136 881 1188; x_wconf 62' lang='lat' dir='ltr'><em>m</em></span> <span class='ocrx_word' id='word_1_145' title='bbox 931 1164 1052 1220; x_wconf 88' lang='lat' dir='ltr'><strong>interiori</strong></span> <span class='ocrx_word' id='word_1_146' title='bbox 1062 1165 1336 1237; x_wconf 84' lang='lat' dir='ltr'><strong>pulchritudiuelleo,</strong></span> <span class='ocrx_word' id='word_1_147' title='bbox 1353 1183 1407 1222; x_wconf 91' lang='lat' dir='ltr'><strong>non</strong></span> <span class='ocrx_word' id='word_1_148' title='bbox 1423 1167 1560 1238; x_wconf 89' lang='lat' dir='ltr'><strong>quomodo</strong></span> <span class='ocrx_word' id='word_1_149' title='bbox 1576 1167 1600 1222; x_wconf 90' lang='lat' dir='ltr'><strong>ei</strong></span> <span class='ocrx_word' id='word_1_150' title='bbox 1616 1169 1731 1225; x_wconf 87' lang='lat' dir='ltr'><strong>serviat.</strong></span> 
     </span>
     <span class='ocr_line' id='line_1_13' title="bbox 79 1219 1726 1328; baseline 0 -14"><span class='ocrx_word' id='word_1_151' title='bbox 79 1237 143 1291; x_wconf 57' lang='grc' dir='ltr'>Μ</span> <span class='ocrx_word' id='word_1_152' title='bbox 160 1221 273 1276; x_wconf 72' lang='lat' dir='ltr'><em>D⁰mm²</em></span> <span class='ocrx_word' id='word_1_153' title='bbox 287 1223 367 1287; x_wconf 51' lang='grc' dir='ltr'><strong>Μ’</strong></span> <span class='ocrx_word' id='word_1_154' title='bbox 391 1220 525 1322; x_wconf 53' lang='lat' dir='ltr'><strong>qu⁰fnfm⁰</strong></span> <span class='ocrx_word' id='word_1_155' title='bbox 546 1220 660 1293; x_wconf 49' lang='lat' dir='ltr'><em>pumat</em></span> <span class='ocrx_word' id='word_1_156' title='bbox 679 1220 744 1275; x_wconf 57' lang='grc' dir='ltr'><strong>Μ·</strong></span> <span class='ocrx_word' id='word_1_157' title='bbox 762 1219 814 1287; x_wconf 65' lang='lat'><strong>⁰¹²²</strong></span> <span class='ocrx_word' id='word_1_158' title='bbox 829 1236 881 1322; x_wconf 62' lang='lat' dir='ltr'><strong>“us</strong></span> <span class='ocrx_word' id='word_1_159' title='bbox 934 1255 986 1322; x_wconf 83' lang='lat' dir='ltr'><strong>Qui</strong></span> <span class='ocrx_word' id='word_1_160' title='bbox 999 1258 1170 1310; x_wconf 75' lang='lat' dir='ltr'><strong>summram</strong></span> <span class='ocrx_word' id='word_1_161' title='bbox 1185 1271 1274 1312; x_wconf 78' lang='lat' dir='ltr'><strong>uxore</strong></span> <span class='ocrx_word' id='word_1_162' title='bbox 1288 1260 1341 1320; x_wconf 80' lang='lat' dir='ltr'><strong>ert,</strong></span> <span class='ocrx_word' id='word_1_163' title='bbox 1356 1256 1546 1312; x_wconf 74' lang='lat' dir='ltr'><strong>sollicitasset</strong></span> <span class='ocrx_word' id='word_1_164' title='bbox 1556 1255 1590 1311; x_wconf 90' lang='lat' dir='ltr'><strong>de</strong></span> <span class='ocrx_word' id='word_1_165' title='bbox 1605 1255 1648 1310; x_wconf 88' lang='lat' dir='ltr'><strong>his</strong></span> <span class='ocrx_word' id='word_1_166' title='bbox 1665 1273 1726 1328; x_wconf 82' lang='lat' dir='ltr'><strong>qaoe</strong></span> 
     </span>
     <span class='ocr_line' id='line_1_14' title="bbox 79 1307 1729 1416; baseline -0.002 -15"><span class='ocrx_word' id='word_1_167' title='bbox 79 1311 139 1362; x_wconf 57' lang='lat' dir='ltr'><strong>tem</strong></span> <span class='ocrx_word' id='word_1_168' title='bbox 153 1323 218 1364; x_wconf 56' lang='lat' dir='ltr'><strong>mm</strong></span> <span class='ocrx_word' id='word_1_169' title='bbox 232 1311 381 1373; x_wconf 51' lang='lat' dir='ltr'><strong>“wem</strong></span> <span class='ocrx_word' id='word_1_170' title='bbox 390 1309 531 1364; x_wconf 54' lang='lat' dir='ltr'><strong>mmmm</strong></span> <span class='ocrx_word' id='word_1_171' title='bbox 546 1311 588 1363; x_wconf 53' lang='grc' dir='ltr'><em>Μ</em></span> <span class='ocrx_word' id='word_1_172' title='bbox 605 1324 666 1380; x_wconf 61' lang='lat' dir='ltr'><strong>‘3¹‘oe</strong></span> <span class='ocrx_word' id='word_1_173' title='bbox 680 1312 749 1363; x_wconf 63' lang='lat' dir='ltr'><strong>&#39;mm</strong></span> <span class='ocrx_word' id='word_1_174' title='bbox 763 1307 878 1373; x_wconf 51' lang='lat' dir='ltr'><strong>&#39;&#39;lund&#39;’</strong></span> <span class='ocrx_word' id='word_1_175' title='bbox 930 1345 1000 1397; x_wconf 79' lang='lat' dir='ltr'><strong>cunt</strong></span> <span class='ocrx_word' id='word_1_176' title='bbox 1009 1341 1119 1408; x_wconf 85' lang='lat' dir='ltr'><strong>mnndi,</strong></span> <span class='ocrx_word' id='word_1_177' title='bbox 1129 1342 1231 1398; x_wconf 91' lang='lat' dir='ltr'><strong>scilicet</strong></span> <span class='ocrx_word' id='word_1_178' title='bbox 1245 1342 1279 1398; x_wconf 90' lang='lat' dir='ltr'><strong>de</strong></span> <span class='ocrx_word' id='word_1_179' title='bbox 1289 1343 1371 1399; x_wconf 90' lang='lat' dir='ltr'><strong>domo</strong></span> <span class='ocrx_word' id='word_1_180' title='bbox 1380 1343 1512 1416; x_wconf 87' lang='lat' dir='ltr'><strong>regenda,</strong></span> <span class='ocrx_word' id='word_1_181' title='bbox 1528 1343 1729 1415; x_wconf 85' lang='lat' dir='ltr'><strong>ethujusmodi,</strong></span> 
     </span>
    </p>
   </div>
   <div class='ocr_carea' id='block_1_6' title="bbox 79 1397 1743 1557">
    <p class='ocr_par' dir='ltr' id='par_1_6' title="bbox 79 1397 1743 1557">
     <span class='ocr_line' id='line_1_15' title="bbox 81 1397 1743 1504; baseline 0.001 -52"><span class='ocrx_word' id='word_1_182' title='bbox 81 1397 217 1498; x_wconf 60' lang='lat' dir='ltr'><strong>quomodo</strong></span> <span class='ocrx_word' id='word_1_183' title='bbox 236 1397 349 1499; x_wconf 79' lang='lat' dir='ltr'><strong>placeat</strong></span> <span class='ocrx_word' id='word_1_184' title='bbox 372 1398 467 1498; x_wconf 73' lang='lat' dir='ltr'><strong>oncri,</strong></span> <span class='ocrx_word' id='word_1_185' title='bbox 493 1400 521 1452; x_wconf 89' lang='lat' dir='ltr'><strong>et</strong></span> <span class='ocrx_word' id='word_1_186' title='bbox 542 1397 709 1499; x_wconf 28' lang='lat' dir='ltr'><strong>dioisnsucst.</strong></span> <span class='ocrx_word' id='word_1_187' title='bbox 726 1398 762 1451; x_wconf 86' lang='lat' dir='ltr'><strong>Et</strong></span> <span class='ocrx_word' id='word_1_188' title='bbox 775 1397 881 1499; x_wconf 74' lang='lat' dir='ltr'><strong>mulier</strong></span> <span class='ocrx_word' id='word_1_189' title='bbox 930 1430 1064 1500; x_wconf 55' lang='lat' dir='ltr'><em>quomodo</em></span> <span class='ocrx_word' id='word_1_190' title='bbox 1072 1433 1101 1485; x_wconf 59' lang='lat' dir='ltr'><strong>e]</strong></span> <span class='ocrx_word' id='word_1_191' title='bbox 1109 1431 1222 1503; x_wconf 54' lang='lat' dir='ltr'><strong>plum]</strong></span> <span class='ocrx_word' id='word_1_192' title='bbox 1233 1431 1327 1487; x_wconf 43' lang='lat' dir='ltr'><strong><em>uxori·</em></strong></span> <span class='ocrx_word' id='word_1_193' title='bbox 1344 1429 1567 1504; x_wconf 59' lang='lat' dir='ltr'><strong>[Haimofflagm</strong></span> <span class='ocrx_word' id='word_1_194' title='bbox 1578 1431 1743 1502; x_wconf 40' lang='lat' dir='ltr'>enimam&amp;</span> 
     </span>
     <span class='ocr_line' id='line_1_16' title="bbox 79 1486 881 1557; baseline 0.002 -18"><span class='ocrx_word' id='word_1_195' title='bbox 79 1489 207 1557; x_wconf 75' lang='lat' dir='ltr'><strong>innupta</strong></span> <span class='ocrx_word' id='word_1_196' title='bbox 230 1489 259 1541; x_wconf 88' lang='lat' dir='ltr'><strong>et</strong></span> <span class='ocrx_word' id='word_1_197' title='bbox 282 1501 358 1557; x_wconf 81' lang='lat' dir='ltr'><strong>mrgo</strong></span> <span class='ocrx_word' id='word_1_198' title='bbox 379 1488 485 1555; x_wconf 77' lang='lat' dir='ltr'><strong>cogitat</strong></span> <span class='ocrx_word' id='word_1_199' title='bbox 499 1501 560 1557; x_wconf 75' lang='lat' dir='ltr'><strong>quor</strong></span> <span class='ocrx_word' id='word_1_200' title='bbox 574 1486 686 1541; x_wconf 78' lang='lat' dir='ltr'><strong>Domine</strong></span> <span class='ocrx_word' id='word_1_201' title='bbox 701 1487 780 1552; x_wconf 82' lang='lat' dir='ltr'><strong>sant,</strong></span> <span class='ocrx_word' id='word_1_202' title='bbox 794 1488 828 1540; x_wconf 84' lang='lat' dir='ltr'><strong>nt</strong></span> <span class='ocrx_word' id='word_1_203' title='bbox 842 1490 881 1541; x_wconf 81' lang='lat' dir='ltr'><strong>stt</strong></span> 
     </span>
    </p>
   </div>
   <div class='ocr_carea' id='block_1_7' title="bbox 1 1573 880 1814">
    <p class='ocr_par' dir='ltr' id='par_1_7' title="bbox 1 1573 880 1814">
     <span class='ocr_line' id='line_1_17' title="bbox 81 1573 880 1645; baseline 0.003 -18"><span class='ocrx_word' id='word_1_204' title='bbox 81 1577 185 1628; x_wconf 84' lang='lat' dir='ltr'><strong>sancto</strong></span> <span class='ocrx_word' id='word_1_205' title='bbox 204 1577 232 1628; x_wconf 89' lang='lat' dir='ltr'><strong>et</strong></span> <span class='ocrx_word' id='word_1_206' title='bbox 252 1589 366 1645; x_wconf 80' lang='lat' dir='ltr'><strong>corpore</strong></span> <span class='ocrx_word' id='word_1_207' title='bbox 394 1576 421 1629; x_wconf 85' lang='lat' dir='ltr'><strong>at</strong></span> <span class='ocrx_word' id='word_1_208' title='bbox 444 1573 569 1644; x_wconf 85' lang='lat' dir='ltr'><strong>spirito,·</strong></span> <span class='ocrx_word' id='word_1_209' title='bbox 597 1589 659 1645; x_wconf 81' lang='lat' dir='ltr'><strong>qooe</strong></span> <span class='ocrx_word' id='word_1_210' title='bbox 682 1577 880 1645; x_wconf 85' lang='lat' dir='ltr'><strong>cotemnopto</strong></span> 
     </span>
     <span class='ocr_line' id='line_1_18' title="bbox 1 1658 878 1740; baseline 0.002 -25"><span class='ocrx_word' id='word_1_211' title='bbox 1 1737 2 1740; x_wconf 7' lang='grc' dir='ltr'><strong>Ἴ</strong></span> <span class='ocrx_word' id='word_1_212' title='bbox 79 1663 124 1715; x_wconf 81' lang='grc' dir='ltr'><strong>εει</strong></span> <span class='ocrx_word' id='word_1_213' title='bbox 137 1661 241 1732; x_wconf 75' lang='lat' dir='ltr'><strong>cogitat</strong></span> <span class='ocrx_word' id='word_1_214' title='bbox 255 1677 316 1733; x_wconf 81' lang='lat' dir='ltr'><strong>paee</strong></span> <span class='ocrx_word' id='word_1_215' title='bbox 331 1664 400 1716; x_wconf 84' lang='lat' dir='ltr'><strong>sunt</strong></span> <span class='ocrx_word' id='word_1_216' title='bbox 414 1658 525 1726; x_wconf 85' lang='lat' dir='ltr'><strong>mundi,</strong></span> <span class='ocrx_word' id='word_1_217' title='bbox 541 1661 673 1732; x_wconf 78' lang='lat' dir='ltr'><strong>quomodo</strong></span> <span class='ocrx_word' id='word_1_218' title='bbox 686 1661 878 1732; x_wconf 81' lang='lat' dir='ltr'><strong>plooeotviro.</strong></span> 
     </span>
     <span class='ocr_line' id='line_1_19' title="bbox 79 1748 880 1814; baseline 0.001 -11"><span class='ocrx_word' id='word_1_219' title='bbox 79 1751 166 1804; x_wconf 88' lang='lat' dir='ltr'><strong>Porro</strong></span> <span class='ocrx_word' id='word_1_220' title='bbox 182 1748 231 1805; x_wconf 86' lang='lat' dir='ltr'><strong>hoc</strong></span> <span class='ocrx_word' id='word_1_221' title='bbox 246 1749 283 1804; x_wconf 89' lang='lat' dir='ltr'><strong>od</strong></span> <span class='ocrx_word' id='word_1_222' title='bbox 301 1749 465 1804; x_wconf 75' lang='lat' dir='ltr'><em>utilitatem</em></span> <span class='ocrx_word' id='word_1_223' title='bbox 490 1749 697 1814; x_wconf 66' lang='lat' dir='ltr'><strong>vermendiso,</strong></span> <span class='ocrx_word' id='word_1_224' title='bbox 713 1765 771 1805; x_wconf 85' lang='lat' dir='ltr'><strong>non</strong></span> <span class='ocrx_word' id='word_1_225' title='bbox 786 1752 819 1805; x_wconf 84' lang='lat' dir='ltr'><strong>at</strong></span> <span class='ocrx_word' id='word_1_226' title='bbox 835 1749 880 1804; x_wconf 87' lang='lat' dir='ltr'><strong>lo-</strong></span> 
     </span>
    </p>
   </div>
   <div class='ocr_carea' id='block_1_8' title="bbox 121 514 881 586">
    <p class='ocr_par' dir='ltr' id='par_1_8' title="bbox 121 514 881 586">
     <span class='ocr_line' id='line_1_20' title="bbox 121 514 881 586; baseline -0.001 -17"><span class='ocrx_word' id='word_1_227' title='bbox 121 514 206 569; x_wconf 86' lang='lat' dir='ltr'><strong>Vans.</strong></span> <span class='ocrx_word' id='word_1_228' title='bbox 223 517 320 572; x_wconf 77' lang='lat' dir='ltr'><strong>att-sa.</strong></span> <span class='ocrx_word' id='word_1_229' title='bbox 337 546 373 555; x_wconf 98' lang='lat'>-</span> <span class='ocrx_word' id='word_1_230' title='bbox 386 515 441 570; x_wconf 89' lang='lat' dir='ltr'><strong>lloc</strong></span> <span class='ocrx_word' id='word_1_231' title='bbox 456 515 551 586; x_wconf 83' lang='lat' dir='ltr'><strong>itaque</strong></span> <span class='ocrx_word' id='word_1_232' title='bbox 565 514 635 580; x_wconf 86' lang='lat' dir='ltr'><strong>dico,</strong></span> <span class='ocrx_word' id='word_1_233' title='bbox 652 517 783 586; x_wconf 75' lang='lat' dir='ltr'><strong>tratres:</strong></span> <span class='ocrx_word' id='word_1_234' title='bbox 802 516 881 570; x_wconf 79' lang='lat' dir='ltr'><strong>lem-</strong></span> 
     </span>
    </p>
   </div>
   <div class='ocr_carea' id='block_1_9' title="bbox 890 1516 1730 2032">
    <p class='ocr_par' dir='ltr' id='par_1_9' title="bbox 890 1516 1730 2032">
     <span class='ocr_line' id='line_1_21' title="bbox 931 1516 1729 1588; baseline 0.006 -17"><span class='ocrx_word' id='word_1_235' title='bbox 931 1516 1022 1572; x_wconf 90' lang='lat' dir='ltr'><strong>rotido</strong></span> <span class='ocrx_word' id='word_1_236' title='bbox 1038 1525 1079 1572; x_wconf 89' lang='lat' dir='ltr'><strong>est</strong></span> <span class='ocrx_word' id='word_1_237' title='bbox 1093 1517 1122 1571; x_wconf 88' lang='lat' dir='ltr'><strong>in</strong></span> <span class='ocrx_word' id='word_1_238' title='bbox 1135 1517 1217 1573; x_wconf 93' lang='lat' dir='ltr'><strong>domo</strong></span> <span class='ocrx_word' id='word_1_239' title='bbox 1232 1534 1301 1574; x_wconf 81' lang='lat' dir='ltr'><strong>uxor</strong></span> <span class='ocrx_word' id='word_1_240' title='bbox 1319 1518 1411 1588; x_wconf 88' lang='lat' dir='ltr'><strong>tristis,</strong></span> <span class='ocrx_word' id='word_1_241' title='bbox 1428 1523 1456 1574; x_wconf 90' lang='lat' dir='ltr'><strong>et</strong></span> <span class='ocrx_word' id='word_1_242' title='bbox 1470 1519 1576 1576; x_wconf 80' lang='lat' dir='ltr'><strong>divisus</strong></span> <span class='ocrx_word' id='word_1_243' title='bbox 1597 1523 1649 1587; x_wconf 85' lang='lat' dir='ltr'><strong>est,</strong></span> <span class='ocrx_word' id='word_1_244' title='bbox 1673 1535 1729 1576; x_wconf 94' lang='lat' dir='ltr'><strong>non</strong></span> 
     </span>
     <span class='ocr_line' id='line_1_22' title="bbox 890 1605 1730 1693; baseline 0.005 -35"><span class='ocrx_word' id='word_1_245' title='bbox 890 1612 1036 1693; x_wconf 77' lang='lat' dir='ltr'><strong>Bnatura,</strong></span> <span class='ocrx_word' id='word_1_246' title='bbox 1054 1605 1103 1661; x_wconf 89' lang='lat' dir='ltr'><strong>sed</strong></span> <span class='ocrx_word' id='word_1_247' title='bbox 1118 1613 1189 1670; x_wconf 89' lang='lat' dir='ltr'><strong>actu,</strong></span> <span class='ocrx_word' id='word_1_248' title='bbox 1217 1605 1280 1678; x_wconf 87' lang='lat' dir='ltr'><strong>quia</strong></span> <span class='ocrx_word' id='word_1_249' title='bbox 1306 1606 1407 1677; x_wconf 90' lang='lat' dir='ltr'><strong>partim</strong></span> <span class='ocrx_word' id='word_1_250' title='bbox 1430 1608 1498 1674; x_wconf 84' lang='lat' dir='ltr'><strong>Deo,</strong></span> <span class='ocrx_word' id='word_1_251' title='bbox 1523 1607 1620 1678; x_wconf 87' lang='lat' dir='ltr'><strong>partim</strong></span> <span class='ocrx_word' id='word_1_252' title='bbox 1645 1607 1730 1665; x_wconf 83' lang='lat' dir='ltr'><strong>servit</strong></span> 
     </span>
     <span class='ocr_line' id='line_1_23' title="bbox 931 1693 1729 1768; baseline 0.006 -21"><span class='ocrx_word' id='word_1_253' title='bbox 931 1693 1041 1748; x_wconf 87' lang='lat' dir='ltr'><strong>mundo.</strong></span> <span class='ocrx_word' id='word_1_254' title='bbox 1059 1694 1094 1748; x_wconf 83' lang='lat' dir='ltr'><strong>Et</strong></span> <span class='ocrx_word' id='word_1_255' title='bbox 1109 1693 1232 1749; x_wconf 88' lang='lat' dir='ltr'><strong>similiter</strong></span> <span class='ocrx_word' id='word_1_256' title='bbox 1245 1695 1351 1751; x_wconf 83' lang='lat' dir='ltr'><strong>mulier</strong></span> <span class='ocrx_word' id='word_1_257' title='bbox 1362 1697 1496 1768; x_wconf 80' lang='lat' dir='ltr'><strong>innupto,</strong></span> <span class='ocrx_word' id='word_1_258' title='bbox 1506 1695 1534 1750; x_wconf 93' lang='lat' dir='ltr'><strong>id</strong></span> <span class='ocrx_word' id='word_1_259' title='bbox 1545 1703 1586 1752; x_wconf 92' lang='lat' dir='ltr'><strong>est</strong></span> <span class='ocrx_word' id='word_1_260' title='bbox 1599 1695 1729 1764; x_wconf 66' lang='lat' dir='ltr'><strong>viduant</strong></span> 
     </span>
     <span class='ocr_line' id='line_1_24' title="bbox 932 1781 1728 1856; baseline 0.003 -20"><span class='ocrx_word' id='word_1_261' title='bbox 932 1781 1006 1853; x_wconf 76' lang='lat' dir='ltr'><strong>virgo</strong></span> <span class='ocrx_word' id='word_1_262' title='bbox 1016 1783 1122 1853; x_wconf 75' lang='lat' dir='ltr'><strong>cogitat</strong></span> <span class='ocrx_word' id='word_1_263' title='bbox 1139 1799 1201 1855; x_wconf 82' lang='lat' dir='ltr'><strong>qnoe</strong></span> <span class='ocrx_word' id='word_1_264' title='bbox 1218 1787 1286 1838; x_wconf 80' lang='lat' dir='ltr'><strong>cont</strong></span> <span class='ocrx_word' id='word_1_265' title='bbox 1305 1784 1429 1840; x_wconf 76' lang='lat' dir='ltr'><strong>[tormini.</strong></span> <span class='ocrx_word' id='word_1_266' title='bbox 1459 1782 1647 1856; x_wconf 79' lang='lat' dir='ltr'><strong>[Augustinus]</strong></span> <span class='ocrx_word' id='word_1_267' title='bbox 1668 1784 1728 1838; x_wconf 86' lang='lat' dir='ltr'><strong>tam</strong></span> 
     </span>
     <span class='ocr_line' id='line_1_25' title="bbox 930 1868 1729 1942; baseline 0.004 -19"><span class='ocrx_word' id='word_1_268' title='bbox 930 1883 986 1924; x_wconf 92' lang='lat' dir='ltr'><strong>non</strong></span> <span class='ocrx_word' id='word_1_269' title='bbox 1000 1869 1101 1941; x_wconf 81' lang='lat' dir='ltr'><strong>cogitat</strong></span> <span class='ocrx_word' id='word_1_270' title='bbox 1116 1885 1149 1926; x_wconf 90' lang='lat' dir='ltr'><strong>ne</strong></span> <span class='ocrx_word' id='word_1_271' title='bbox 1163 1868 1335 1926; x_wconf 90' lang='lat' dir='ltr'><strong>damnetura</strong></span> <span class='ocrx_word' id='word_1_272' title='bbox 1358 1871 1425 1938; x_wconf 87' lang='lat' dir='ltr'><strong>Deo,</strong></span> <span class='ocrx_word' id='word_1_273' title='bbox 1457 1871 1529 1942; x_wconf 88' lang='lat' dir='ltr'><strong>quod</strong></span> <span class='ocrx_word' id='word_1_274' title='bbox 1556 1870 1620 1927; x_wconf 85' lang='lat' dir='ltr'><strong>lacit</strong></span> <span class='ocrx_word' id='word_1_275' title='bbox 1647 1871 1729 1927; x_wconf 90' lang='lat' dir='ltr'><strong>timor</strong></span> 
     </span>
     <span class='ocr_line' id='line_1_26' title="bbox 931 1956 1726 2032; baseline 0.003 -20"><span class='ocrx_word' id='word_1_276' title='bbox 931 1964 1023 2013; x_wconf 90' lang='lat' dir='ltr'><strong>custos</strong></span> <span class='ocrx_word' id='word_1_277' title='bbox 1037 1957 1180 2014; x_wconf 89' lang='lat' dir='ltr'><strong>malorum.</strong></span> <span class='ocrx_word' id='word_1_278' title='bbox 1197 1956 1378 2032; x_wconf 84' lang='lat' dir='ltr'><strong>[Fulgentius]</strong></span> <span class='ocrx_word' id='word_1_279' title='bbox 1393 1959 1457 2014; x_wconf 73' lang='lat' dir='ltr'><strong>llaec</strong></span> <span class='ocrx_word' id='word_1_280' title='bbox 1472 1967 1563 2015; x_wconf 88' lang='lat' dir='ltr'><strong>autem</strong></span> <span class='ocrx_word' id='word_1_281' title='bbox 1585 1959 1619 2014; x_wconf 95' lang='lat' dir='ltr'><strong>de</strong></span> <span class='ocrx_word' id='word_1_282' title='bbox 1647 1959 1726 2014; x_wconf 90' lang='lat' dir='ltr'><strong>darn·</strong></span> 
     </span>
    </p>
   </div>
   <div class='ocr_carea' id='block_1_10' title="bbox 1 1836 880 1998">
    <p class='ocr_par' dir='ltr' id='par_1_10' title="bbox 1 1836 880 1998">
     <span class='ocr_line' id='line_1_27' title="bbox 79 1836 880 1909; baseline 0.001 -17"><span class='ocrx_word' id='word_1_283' title='bbox 79 1852 183 1909; x_wconf 81' lang='lat' dir='ltr'><strong>qucum</strong></span> <span class='ocrx_word' id='word_1_284' title='bbox 207 1837 279 1893; x_wconf 84' lang='lat' dir='ltr'><strong>vohis</strong></span> <span class='ocrx_word' id='word_1_285' title='bbox 301 1837 442 1906; x_wconf 83' lang='lat' dir='ltr'><strong>injiciam,</strong></span> <span class='ocrx_word' id='word_1_286' title='bbox 455 1836 504 1892; x_wconf 80' lang='lat' dir='ltr'><strong>aed</strong></span> <span class='ocrx_word' id='word_1_287' title='bbox 527 1836 614 1891; x_wconf 84' lang='lat' dir='ltr'><strong>adid</strong></span> <span class='ocrx_word' id='word_1_288' title='bbox 637 1837 708 1909; x_wconf 81' lang='lat' dir='ltr'><strong>qaod</strong></span> <span class='ocrx_word' id='word_1_289' title='bbox 731 1837 880 1894; x_wconf 84' lang='lat' dir='ltr'><strong>honestum</strong></span> 
     </span>
     <span class='ocr_line' id='line_1_28' title="bbox 1 1924 880 1998; baseline 0.002 -18"><span class='ocrx_word' id='word_1_290' title='bbox 1 1931 2 1934; x_wconf 76' lang='grc'>’</span> <span class='ocrx_word' id='word_1_291' title='bbox 80 1929 132 1993; x_wconf 80' lang='lat' dir='ltr'><strong>est,</strong></span> <span class='ocrx_word' id='word_1_292' title='bbox 150 1928 177 1980; x_wconf 85' lang='lat' dir='ltr'><strong>et</strong></span> <span class='ocrx_word' id='word_1_293' title='bbox 193 1925 263 1998; x_wconf 84' lang='lat' dir='ltr'><strong>quod</strong></span> <span class='ocrx_word' id='word_1_294' title='bbox 279 1927 451 1996; x_wconf 79' lang='lat' dir='ltr'><strong>facultatem</strong></span> <span class='ocrx_word' id='word_1_295' title='bbox 465 1924 588 1998; x_wconf 79' lang='lat' dir='ltr'><strong>prebeat</strong></span> <span class='ocrx_word' id='word_1_296' title='bbox 602 1925 664 1980; x_wconf 83' lang='lat' dir='ltr'><strong>aine</strong></span> <span class='ocrx_word' id='word_1_297' title='bbox 678 1925 880 1997; x_wconf 86' lang='lat' dir='ltr'><strong>impedimento</strong></span> 
     </span>
    </p>
   </div>
   <div class='ocr_carea' id='block_1_11' title="bbox 78 2013 1788 2118">
    <p class='ocr_par' dir='ltr' id='par_1_11' title="bbox 78 2013 1788 2118">
     <span class='ocr_line' id='line_1_29' title="bbox 78 2013 1788 2118; baseline 0.001 -20"><span class='ocrx_word' id='word_1_298' title='bbox 78 2014 233 2069; x_wconf 56' lang='lat' dir='ltr'><strong>mmmm</strong></span> <span class='ocrx_word' id='word_1_299' title='bbox 243 2013 416 2070; x_wconf 66' lang='lat' dir='ltr'><strong><em>⁰b⁸⁰⁶rand²·</em></strong></span> <span class='ocrx_word' id='word_1_300' title='bbox 931 2045 1039 2100; x_wconf 90' lang='lat' dir='ltr'><strong>natione</strong></span> <span class='ocrx_word' id='word_1_301' title='bbox 1054 2062 1109 2102; x_wconf 91' lang='lat' dir='ltr'><strong>uon</strong></span> <span class='ocrx_word' id='word_1_302' title='bbox 1125 2047 1232 2112; x_wconf 86' lang='lat' dir='ltr'><strong>timaus,</strong></span> <span class='ocrx_word' id='word_1_303' title='bbox 1244 2053 1271 2102; x_wconf 90' lang='lat' dir='ltr'><strong>et</strong></span> <span class='ocrx_word' id='word_1_304' title='bbox 1286 2047 1321 2102; x_wconf 91' lang='lat' dir='ltr'><strong>de</strong></span> <span class='ocrx_word' id='word_1_305' title='bbox 1335 2046 1422 2102; x_wconf 90' lang='lat' dir='ltr'><strong>salute</strong></span> <span class='ocrx_word' id='word_1_306' title='bbox 1436 2062 1542 2114; x_wconf 90' lang='lat' dir='ltr'><strong>secura,</strong></span> <span class='ocrx_word' id='word_1_307' title='bbox 1558 2047 1659 2118; x_wconf 84' lang='lat' dir='ltr'><strong>cogitat</strong></span> <span class='ocrx_word' id='word_1_308' title='bbox 1672 2053 1730 2102; x_wconf 88' lang='lat' dir='ltr'><strong>tan·</strong></span> <span class='ocrx_word' id='word_1_309' title='bbox 1786 2089 1788 2100; x_wconf 77' lang='grc'>,</span> 
     </span>
    </p>
   </div>
   <div class='ocr_carea' id='block_1_12' title="bbox 78 2126 1733 3798">
    <p class='ocr_par' dir='ltr' id='par_1_12' title="bbox 78 2126 1733 3798">
     <span class='ocr_line' id='line_1_30' title="bbox 118 2126 1731 2210; baseline 0 -17"><span class='ocrx_word' id='word_1_310' title='bbox 118 2136 171 2193; x_wconf 86' lang='lat' dir='ltr'><strong>Hoc</strong></span> <span class='ocrx_word' id='word_1_311' title='bbox 185 2138 291 2210; x_wconf 81' lang='lat' dir='ltr'><strong>itaque,</strong></span> <span class='ocrx_word' id='word_1_312' title='bbox 308 2136 352 2193; x_wconf 89' lang='lat' dir='ltr'><strong>hic</strong></span> <span class='ocrx_word' id='word_1_313' title='bbox 367 2136 401 2190; x_wconf 86' lang='lat' dir='ltr'><strong>ad</strong></span> <span class='ocrx_word' id='word_1_314' title='bbox 409 2126 616 2208; x_wconf 85' lang='lat' dir='ltr'><strong>temperantiam</strong></span> <span class='ocrx_word' id='word_1_315' title='bbox 624 2143 726 2193; x_wconf 90' lang='lat' dir='ltr'><strong>monet.</strong></span> <span class='ocrx_word' id='word_1_316' title='bbox 738 2135 822 2206; x_wconf 81' lang='lat' dir='ltr'><strong>Quasi</strong></span> <span class='ocrx_word' id='word_1_317' title='bbox 834 2137 880 2192; x_wconf 91' lang='lat' dir='ltr'><strong>di·</strong></span> <span class='ocrx_word' id='word_1_318' title='bbox 931 2140 988 2188; x_wconf 88' lang='lat' dir='ltr'><strong>tum</strong></span> <span class='ocrx_word' id='word_1_319' title='bbox 998 2137 1133 2206; x_wconf 83' lang='lat' dir='ltr'><strong>qooesant</strong></span> <span class='ocrx_word' id='word_1_320' title='bbox 1144 2135 1265 2201; x_wconf 82' lang='lat' dir='ltr'><strong>Domini,</strong></span> <span class='ocrx_word' id='word_1_321' title='bbox 1277 2134 1390 2202; x_wconf 90' lang='lat' dir='ltr'><strong>scilicet,</strong></span> <span class='ocrx_word' id='word_1_322' title='bbox 1402 2140 1436 2192; x_wconf 84' lang='lat' dir='ltr'><strong>ut</strong></span> <span class='ocrx_word' id='word_1_323' title='bbox 1446 2138 1731 2208; x_wconf 77' lang='lat' dir='ltr'><strong>aitsanctoeorpore,</strong></span> 
     </span>
     <span class='ocr_line' id='line_1_31' title="bbox 78 2221 1726 2298; baseline -0.001 -18"><span class='ocrx_word' id='word_1_324' title='bbox 78 2233 123 2280; x_wconf 89' lang='lat' dir='ltr'><strong>cat</strong></span> <span class='ocrx_word' id='word_1_325' title='bbox 138 2240 145 2279; x_wconf 91' lang='lat'>:</span> <span class='ocrx_word' id='word_1_326' title='bbox 162 2223 230 2294; x_wconf 85' lang='lat' dir='ltr'><strong>Quia</strong></span> <span class='ocrx_word' id='word_1_327' title='bbox 251 2225 462 2298; x_wconf 81' lang='lat' dir='ltr'><strong>conjungemini,</strong></span> <span class='ocrx_word' id='word_1_328' title='bbox 487 2225 552 2280; x_wconf 91' lang='lat' dir='ltr'><strong>dum</strong></span> <span class='ocrx_word' id='word_1_329' title='bbox 575 2226 634 2282; x_wconf 89' lang='lat' dir='ltr'><strong>sine</strong></span> <span class='ocrx_word' id='word_1_330' title='bbox 655 2233 768 2297; x_wconf 87' lang='lat' dir='ltr'><strong>peccato</strong></span> <span class='ocrx_word' id='word_1_331' title='bbox 791 2233 881 2296; x_wconf 89' lang='lat' dir='ltr'><strong>potest</strong></span> <span class='ocrx_word' id='word_1_332' title='bbox 930 2221 958 2277; x_wconf 94' lang='lat' dir='ltr'><strong>id</strong></span> <span class='ocrx_word' id='word_1_333' title='bbox 973 2229 1012 2277; x_wconf 88' lang='lat' dir='ltr'><strong>est</strong></span> <span class='ocrx_word' id='word_1_334' title='bbox 1029 2222 1179 2278; x_wconf 90' lang='lat' dir='ltr'><strong>actionibus</strong></span> <span class='ocrx_word' id='word_1_335' title='bbox 1194 2239 1254 2294; x_wconf 83' lang='lat' dir='ltr'><strong>quae</strong></span> <span class='ocrx_word' id='word_1_336' title='bbox 1269 2231 1401 2296; x_wconf 84' lang='lat' dir='ltr'><strong>geruntur</strong></span> <span class='ocrx_word' id='word_1_337' title='bbox 1418 2223 1569 2279; x_wconf 85' lang='lat' dir='ltr'><strong>ministerio</strong></span> <span class='ocrx_word' id='word_1_338' title='bbox 1593 2223 1726 2295; x_wconf 89' lang='lat' dir='ltr'><strong>corporis,</strong></span> 
     </span>
     <span class='ocr_line' id='line_1_32' title="bbox 82 2310 1728 2387; baseline 0.001 -21"><span class='ocrx_word' id='word_1_339' title='bbox 82 2311 151 2368; x_wconf 83' lang='lat' dir='ltr'><strong>heri.</strong></span> <span class='ocrx_word' id='word_1_340' title='bbox 168 2314 321 2386; x_wconf 83' lang='lat' dir='ltr'><strong>ltoqaetroc</strong></span> <span class='ocrx_word' id='word_1_341' title='bbox 332 2314 486 2370; x_wconf 86' lang='lat' dir='ltr'><strong>consitium</strong></span> <span class='ocrx_word' id='word_1_342' title='bbox 496 2314 621 2370; x_wconf 72' lang='lat' dir='ltr'><strong>doroth.</strong></span> <span class='ocrx_word' id='word_1_343' title='bbox 631 2313 820 2387; x_wconf 81' lang='lat' dir='ltr'><strong>[Augustinus]</strong></span> <span class='ocrx_word' id='word_1_344' title='bbox 832 2314 881 2369; x_wconf 88' lang='lat' dir='ltr'><strong>Di·</strong></span> <span class='ocrx_word' id='word_1_345' title='bbox 931 2313 959 2366; x_wconf 89' lang='lat' dir='ltr'><strong>et</strong></span> <span class='ocrx_word' id='word_1_346' title='bbox 974 2313 1090 2382; x_wconf 84' lang='lat' dir='ltr'><strong>spirita,</strong></span> <span class='ocrx_word' id='word_1_347' title='bbox 1101 2310 1129 2366; x_wconf 94' lang='lat' dir='ltr'><strong>id</strong></span> <span class='ocrx_word' id='word_1_348' title='bbox 1141 2318 1181 2365; x_wconf 90' lang='grc' dir='ltr'><strong>εει</strong></span> <span class='ocrx_word' id='word_1_349' title='bbox 1191 2310 1338 2366; x_wconf 82' lang='lat' dir='ltr'><strong>uoluntate.</strong></span> <span class='ocrx_word' id='word_1_350' title='bbox 1354 2312 1412 2383; x_wconf 80' lang='lat'>(85)</span> <span class='ocrx_word' id='word_1_351' title='bbox 1426 2313 1485 2368; x_wconf 86' lang='lat' dir='ltr'><strong>lton</strong></span> <span class='ocrx_word' id='word_1_352' title='bbox 1500 2313 1582 2368; x_wconf 88' lang='lat' dir='ltr'><strong>etiam</strong></span> <span class='ocrx_word' id='word_1_353' title='bbox 1605 2319 1632 2368; x_wconf 91' lang='lat' dir='ltr'><strong>et</strong></span> <span class='ocrx_word' id='word_1_354' title='bbox 1642 2319 1728 2383; x_wconf 84' lang='lat' dir='ltr'><strong>nupta</strong></span> 
     </span>
     <span class='ocr_line' id='line_1_33' title="bbox 83 2397 1727 2474; baseline 0 -17"><span class='ocrx_word' id='word_1_355' title='bbox 83 2417 116 2457; x_wconf 95' lang='lat' dir='ltr'><strong>co</strong></span> <span class='ocrx_word' id='word_1_356' title='bbox 131 2401 218 2468; x_wconf 91' lang='lat' dir='ltr'><strong>vohis,</strong></span> <span class='ocrx_word' id='word_1_357' title='bbox 234 2417 250 2456; x_wconf 96' lang='grc' dir='ltr'><strong>ο</strong></span> <span class='ocrx_word' id='word_1_358' title='bbox 264 2404 381 2472; x_wconf 73' lang='lat' dir='ltr'><strong>fratres,</strong></span> <span class='ocrx_word' id='word_1_359' title='bbox 394 2401 523 2473; x_wconf 90' lang='lat' dir='ltr'><strong>qnoniam</strong></span> <span class='ocrx_word' id='word_1_360' title='bbox 538 2406 648 2474; x_wconf 84' lang='lat' dir='ltr'><strong>tempus</strong></span> <span class='ocrx_word' id='word_1_361' title='bbox 662 2404 740 2458; x_wconf 83' lang='lat' dir='ltr'><strong>breve</strong></span> <span class='ocrx_word' id='word_1_362' title='bbox 755 2406 808 2468; x_wconf 85' lang='lat' dir='ltr'><strong>eat,</strong></span> <span class='ocrx_word' id='word_1_363' title='bbox 825 2417 880 2474; x_wconf 88' lang='lat' dir='ltr'><strong>quo</strong></span> <span class='ocrx_word' id='word_1_364' title='bbox 931 2397 1029 2464; x_wconf 91' lang='lat' dir='ltr'><strong>fidelis,</strong></span> <span class='ocrx_word' id='word_1_365' title='bbox 1043 2406 1156 2454; x_wconf 89' lang='lat' dir='ltr'><strong>etcasta</strong></span> <span class='ocrx_word' id='word_1_366' title='bbox 1171 2398 1234 2455; x_wconf 89' lang='lat' dir='ltr'><strong>tacit</strong></span> <span class='ocrx_word' id='word_1_367' title='bbox 1252 2417 1258 2454; x_wconf 94' lang='lat'><strong>:</strong></span> <span class='ocrx_word' id='word_1_368' title='bbox 1275 2417 1336 2470; x_wconf 82' lang='lat' dir='ltr'><strong>quae</strong></span> <span class='ocrx_word' id='word_1_369' title='bbox 1359 2416 1415 2455; x_wconf 92' lang='lat' dir='ltr'><strong>non</strong></span> <span class='ocrx_word' id='word_1_370' title='bbox 1437 2401 1519 2456; x_wconf 91' lang='lat' dir='ltr'><strong>modo</strong></span> <span class='ocrx_word' id='word_1_371' title='bbox 1543 2400 1649 2473; x_wconf 86' lang='lat' dir='ltr'><strong>spiritu,</strong></span> <span class='ocrx_word' id='word_1_372' title='bbox 1677 2401 1727 2457; x_wconf 87' lang='lat' dir='ltr'><strong>sed</strong></span> 
     </span>
     <span class='ocr_line' id='line_1_34' title="bbox 84 2485 1728 2563; baseline 0.001 -19"><span class='ocrx_word' id='word_1_373' title='bbox 84 2505 139 2545; x_wconf 91' lang='lat' dir='ltr'><strong>non</strong></span> <span class='ocrx_word' id='word_1_374' title='bbox 154 2489 331 2562; x_wconf 85' lang='lat' dir='ltr'><strong>generatione</strong></span> <span class='ocrx_word' id='word_1_375' title='bbox 357 2489 460 2546; x_wconf 90' lang='lat' dir='ltr'><strong>carnali</strong></span> <span class='ocrx_word' id='word_1_376' title='bbox 480 2491 675 2563; x_wconf 86' lang='lat' dir='ltr'><strong>propagandus</strong></span> <span class='ocrx_word' id='word_1_377' title='bbox 700 2497 742 2545; x_wconf 91' lang='lat' dir='ltr'><strong>est</strong></span> <span class='ocrx_word' id='word_1_378' title='bbox 763 2491 880 2561; x_wconf 91' lang='lat' dir='ltr'><strong>populus</strong></span> <span class='ocrx_word' id='word_1_379' title='bbox 930 2485 1009 2540; x_wconf 89' lang='lat' dir='ltr'><strong>etiam</strong></span> <span class='ocrx_word' id='word_1_380' title='bbox 1022 2502 1137 2556; x_wconf 90' lang='lat' dir='ltr'><strong>corpore</strong></span> <span class='ocrx_word' id='word_1_381' title='bbox 1152 2495 1306 2554; x_wconf 88' lang='lat' dir='ltr'><strong>sanctaest,</strong></span> <span class='ocrx_word' id='word_1_382' title='bbox 1323 2503 1378 2543; x_wconf 92' lang='lat' dir='ltr'><strong>nou</strong></span> <span class='ocrx_word' id='word_1_383' title='bbox 1395 2489 1467 2543; x_wconf 90' lang='lat' dir='ltr'><strong>enim</strong></span> <span class='ocrx_word' id='word_1_384' title='bbox 1495 2496 1584 2559; x_wconf 89' lang='lat' dir='ltr'><strong>potest</strong></span> <span class='ocrx_word' id='word_1_385' title='bbox 1603 2487 1671 2559; x_wconf 88' lang='lat' dir='ltr'><strong>fieri,</strong></span> <span class='ocrx_word' id='word_1_386' title='bbox 1698 2495 1728 2545; x_wconf 91' lang='lat' dir='ltr'><strong>ut</strong></span> 
     </span>
     <span class='ocr_line' id='line_1_35' title="bbox 82 2574 1728 2650; baseline 0 -18"><span class='ocrx_word' id='word_1_387' title='bbox 82 2577 142 2643; x_wconf 83' lang='lat' dir='ltr'><strong>Dei,</strong></span> <span class='ocrx_word' id='word_1_388' title='bbox 169 2577 218 2633; x_wconf 90' lang='lat' dir='ltr'><strong>sed</strong></span> <span class='ocrx_word' id='word_1_389' title='bbox 238 2577 447 2650; x_wconf 80' lang='lat' dir='ltr'><strong>regeneratione</strong></span> <span class='ocrx_word' id='word_1_390' title='bbox 472 2577 605 2648; x_wconf 87' lang='lat' dir='ltr'><strong>spirituali</strong></span> <span class='ocrx_word' id='word_1_391' title='bbox 633 2578 813 2650; x_wconf 83' lang='lat' dir='ltr'><strong>colligendus.</strong></span> <span class='ocrx_word' id='word_1_392' title='bbox 846 2579 879 2633; x_wconf 89' lang='lat' dir='ltr'><strong>Et</strong></span> <span class='ocrx_word' id='word_1_393' title='bbox 930 2574 1042 2628; x_wconf 91' lang='lat' dir='ltr'><strong>nonsit</strong></span> <span class='ocrx_word' id='word_1_394' title='bbox 1065 2582 1187 2630; x_wconf 88' lang='lat' dir='ltr'><strong>sanctum</strong></span> <span class='ocrx_word' id='word_1_395' title='bbox 1217 2591 1325 2646; x_wconf 90' lang='lat' dir='ltr'><strong>corpus,</strong></span> <span class='ocrx_word' id='word_1_396' title='bbox 1355 2593 1409 2648; x_wconf 92' lang='lat' dir='ltr'><strong>quo</strong></span> <span class='ocrx_word' id='word_1_397' title='bbox 1441 2576 1622 2633; x_wconf 86' lang='lat' dir='ltr'><strong>sanctificatus</strong></span> <span class='ocrx_word' id='word_1_398' title='bbox 1645 2577 1728 2634; x_wconf 91' lang='lat' dir='ltr'><strong>utitur</strong></span> 
     </span>
     <span class='ocr_line' id='line_1_36' title="bbox 83 2661 1728 2738; baseline 0 -18"><span class='ocrx_word' id='word_1_399' title='bbox 83 2664 147 2737; x_wconf 92' lang='lat' dir='ltr'><strong>quia</strong></span> <span class='ocrx_word' id='word_1_400' title='bbox 175 2673 280 2736; x_wconf 91' lang='lat' dir='ltr'><strong>tempus</strong></span> <span class='ocrx_word' id='word_1_401' title='bbox 288 2666 370 2721; x_wconf 92' lang='lat' dir='ltr'><strong>breve</strong></span> <span class='ocrx_word' id='word_1_402' title='bbox 395 2667 537 2738; x_wconf 83' lang='lat' dir='ltr'><strong>reliquum</strong></span> <span class='ocrx_word' id='word_1_403' title='bbox 561 2671 613 2732; x_wconf 87' lang='lat' dir='ltr'><strong>est,</strong></span> <span class='ocrx_word' id='word_1_404' title='bbox 637 2665 665 2721; x_wconf 93' lang='lat' dir='ltr'><strong>id</strong></span> <span class='ocrx_word' id='word_1_405' title='bbox 694 2674 735 2722; x_wconf 91' lang='lat' dir='ltr'><strong>est</strong></span> <span class='ocrx_word' id='word_1_406' title='bbox 760 2667 813 2722; x_wconf 90' lang='lat' dir='ltr'><strong>hoc</strong></span> <span class='ocrx_word' id='word_1_407' title='bbox 832 2682 880 2721; x_wconf 91' lang='lat' dir='ltr'><strong>so·</strong></span> <span class='ocrx_word' id='word_1_408' title='bbox 930 2661 1052 2733; x_wconf 90' lang='lat' dir='ltr'><strong>spiritus.</strong></span> <span class='ocrx_word' id='word_1_409' title='bbox 1069 2662 1123 2718; x_wconf 87' lang='lat' dir='ltr'><strong>Sed</strong></span> <span class='ocrx_word' id='word_1_410' title='bbox 1136 2663 1252 2734; x_wconf 90' lang='lat' dir='ltr'><strong>amplius</strong></span> <span class='ocrx_word' id='word_1_411' title='bbox 1267 2663 1380 2735; x_wconf 90' lang='lat' dir='ltr'><strong>innupta</strong></span> <span class='ocrx_word' id='word_1_412' title='bbox 1398 2665 1450 2720; x_wconf 92' lang='lat' dir='ltr'><strong>hoc</strong></span> <span class='ocrx_word' id='word_1_413' title='bbox 1469 2663 1542 2732; x_wconf 87' lang='lat' dir='ltr'><strong>tacit,</strong></span> <span class='ocrx_word' id='word_1_414' title='bbox 1559 2681 1620 2726; x_wconf 77' lang='lat' dir='ltr'><strong>oua</strong></span> <span class='ocrx_word' id='word_1_415' title='bbox 1642 2664 1728 2721; x_wconf 87' lang='lat' dir='ltr'><strong>libera</strong></span> 
     </span>
     <span class='ocr_line' id='line_1_37' title="bbox 81 2749 1728 2826; baseline 0.002 -19"><span class='ocrx_word' id='word_1_416' title='bbox 81 2754 138 2808; x_wconf 93' lang='lat' dir='ltr'><strong>lum</strong></span> <span class='ocrx_word' id='word_1_417' title='bbox 154 2760 238 2808; x_wconf 90' lang='lat' dir='ltr'><strong>restat</strong></span> <span class='ocrx_word' id='word_1_418' title='bbox 252 2754 401 2824; x_wconf 88' lang='lat' dir='ltr'><strong>agendum,</strong></span> <span class='ocrx_word' id='word_1_419' title='bbox 418 2754 618 2826; x_wconf 83' lang='lat' dir='ltr'><strong>ntqoihotcnt</strong></span> <span class='ocrx_word' id='word_1_420' title='bbox 627 2769 731 2810; x_wconf 80' lang='lat' dir='ltr'><strong>uxorea</strong></span> <span class='ocrx_word' id='word_1_421' title='bbox 746 2759 806 2810; x_wconf 84' lang='lat' dir='ltr'><strong>sint</strong></span> <span class='ocrx_word' id='word_1_422' title='bbox 817 2758 881 2810; x_wconf 86' lang='lat' dir='ltr'><strong>ton-</strong></span> <span class='ocrx_word' id='word_1_423' title='bbox 929 2749 1163 2806; x_wconf 74' lang='lat' dir='ltr'><strong>neccessitatibus</strong></span> <span class='ocrx_word' id='word_1_424' title='bbox 1177 2751 1442 2824; x_wconf 90' lang='lat' dir='ltr'><strong>mundanis,quihus</strong></span> <span class='ocrx_word' id='word_1_425' title='bbox 1457 2753 1604 2809; x_wconf 88' lang='lat' dir='ltr'><strong>constricta</strong></span> <span class='ocrx_word' id='word_1_426' title='bbox 1619 2761 1660 2808; x_wconf 90' lang='lat' dir='ltr'><strong>est</strong></span> <span class='ocrx_word' id='word_1_427' title='bbox 1673 2769 1728 2810; x_wconf 91' lang='lat' dir='ltr'><strong>uu-</strong></span> 
     </span>
     <span class='ocr_line' id='line_1_38' title="bbox 79 2838 1730 2914; baseline 0 -17"><span class='ocrx_word' id='word_1_428' title='bbox 79 2858 164 2914; x_wconf 81' lang='lat' dir='ltr'><strong>quam</strong></span> <span class='ocrx_word' id='word_1_429' title='bbox 179 2857 236 2897; x_wconf 84' lang='lat' dir='ltr'><strong>non</strong></span> <span class='ocrx_word' id='word_1_430' title='bbox 252 2842 396 2908; x_wconf 84' lang='lat' dir='ltr'><strong>hahentes,</strong></span> <span class='ocrx_word' id='word_1_431' title='bbox 413 2842 469 2913; x_wconf 76' lang='lat'><strong>(82)</strong></span> <span class='ocrx_word' id='word_1_432' title='bbox 481 2842 616 2898; x_wconf 89' lang='lat' dir='ltr'><strong>studendo</strong></span> <span class='ocrx_word' id='word_1_433' title='bbox 633 2841 812 2909; x_wconf 86' lang='lat' dir='ltr'><strong>Deiserritio,</strong></span> <span class='ocrx_word' id='word_1_434' title='bbox 824 2858 880 2896; x_wconf 89' lang='lat' dir='ltr'><strong>non</strong></span> <span class='ocrx_word' id='word_1_435' title='bbox 929 2846 984 2908; x_wconf 91' lang='lat' dir='ltr'><strong>pta,</strong></span> <span class='ocrx_word' id='word_1_436' title='bbox 1001 2838 1133 2894; x_wconf 90' lang='lat' dir='ltr'><strong>intensius</strong></span> <span class='ocrx_word' id='word_1_437' title='bbox 1148 2847 1225 2896; x_wconf 91' lang='lat' dir='ltr'><strong>vacat</strong></span> <span class='ocrx_word' id='word_1_438' title='bbox 1240 2839 1399 2896; x_wconf 88' lang='lat' dir='ltr'><strong>coelestibus</strong></span> <span class='ocrx_word' id='word_1_439' title='bbox 1412 2841 1565 2912; x_wconf 88' lang='lat' dir='ltr'><strong>praeceptis.</strong></span> <span class='ocrx_word' id='word_1_440' title='bbox 1589 2842 1654 2910; x_wconf 77' lang='lat' dir='ltr'><strong>Qum</strong></span> <span class='ocrx_word' id='word_1_441' title='bbox 1677 2859 1730 2899; x_wconf 83' lang='lat' dir='ltr'><strong>aa·</strong></span> 
     </span>
     <span class='ocr_line' id='line_1_39' title="bbox 79 2920 1728 3003; baseline 0.001 -18"><span class='ocrx_word' id='word_1_442' title='bbox 79 2929 157 3001; x_wconf 90' lang='lat' dir='ltr'><strong>operi</strong></span> <span class='ocrx_word' id='word_1_443' title='bbox 171 2934 260 2986; x_wconf 87' lang='lat' dir='ltr'><strong>carnis</strong></span> <span class='ocrx_word' id='word_1_444' title='bbox 277 2947 283 2983; x_wconf 94' lang='lat'><strong>:</strong></span> <span class='ocrx_word' id='word_1_445' title='bbox 300 2929 380 2999; x_wconf 92' lang='lat' dir='ltr'><strong>Quod</strong></span> <span class='ocrx_word' id='word_1_446' title='bbox 398 2930 491 3003; x_wconf 92' lang='lat' dir='ltr'><strong>utique</strong></span> <span class='ocrx_word' id='word_1_447' title='bbox 501 2920 574 2996; x_wconf 78' lang='lat' dir='ltr'><strong>tacit,</strong></span> <span class='ocrx_word' id='word_1_448' title='bbox 591 2930 637 3002; x_wconf 90' lang='lat' dir='ltr'><strong>qui</strong></span> <span class='ocrx_word' id='word_1_449' title='bbox 650 2930 731 2985; x_wconf 90' lang='lat' dir='ltr'><strong>hahet</strong></span> <span class='ocrx_word' id='word_1_450' title='bbox 747 2945 878 2998; x_wconf 84' lang='lat' dir='ltr'><strong>uxorem;</strong></span> <span class='ocrx_word' id='word_1_451' title='bbox 932 2929 988 2982; x_wconf 87' lang='lat' dir='ltr'><strong>tem</strong></span> <span class='ocrx_word' id='word_1_452' title='bbox 1000 2931 1092 2998; x_wconf 86' lang='lat' dir='ltr'><strong>nupto</strong></span> <span class='ocrx_word' id='word_1_453' title='bbox 1102 2929 1268 2999; x_wconf 76' lang='lat' dir='ltr'><strong>ast,copitot</strong></span> <span class='ocrx_word' id='word_1_454' title='bbox 1280 2945 1341 3000; x_wconf 84' lang='lat' dir='ltr'><strong>qnae</strong></span> <span class='ocrx_word' id='word_1_455' title='bbox 1349 2929 1450 2984; x_wconf 84' lang='lat' dir='ltr'><strong>mandi</strong></span> <span class='ocrx_word' id='word_1_456' title='bbox 1466 2933 1544 2994; x_wconf 84' lang='lat' dir='ltr'><strong>sont,</strong></span> <span class='ocrx_word' id='word_1_457' title='bbox 1557 2936 1583 2984; x_wconf 91' lang='lat' dir='ltr'><strong>et</strong></span> <span class='ocrx_word' id='word_1_458' title='bbox 1594 2931 1728 3002; x_wconf 80' lang='lat' dir='ltr'><strong>quomodo</strong></span> 
     </span>
     <span class='ocr_line' id='line_1_40' title="bbox 79 2985 1727 3092; baseline 0.001 -20"><span class='ocrx_word' id='word_1_459' title='bbox 79 3018 177 3084; x_wconf 86' lang='lat' dir='ltr'><strong>reddit,</strong></span> <span class='ocrx_word' id='word_1_460' title='bbox 195 3033 250 3072; x_wconf 91' lang='lat' dir='ltr'><strong>non</strong></span> <span class='ocrx_word' id='word_1_461' title='bbox 263 3018 347 3092; x_wconf 83' lang='lat' dir='ltr'><strong>erigit</strong></span> <span class='ocrx_word' id='word_1_462' title='bbox 362 3019 492 3074; x_wconf 89' lang='lat' dir='ltr'><strong>debitum.</strong></span> <span class='ocrx_word' id='word_1_463' title='bbox 511 3021 543 3074; x_wconf 82' lang='lat' dir='ltr'><strong>Et</strong></span> <span class='ocrx_word' id='word_1_464' title='bbox 558 3017 603 3090; x_wconf 89' lang='lat' dir='ltr'><strong>qui</strong></span> <span class='ocrx_word' id='word_1_465' title='bbox 624 3025 736 3089; x_wconf 87' lang='lat' dir='ltr'><strong>propter</strong></span> <span class='ocrx_word' id='word_1_466' title='bbox 761 2985 913 3072; x_wconf 78' lang='lat' dir='ltr'><strong>iulirmi-O</strong></span> <span class='ocrx_word' id='word_1_467' title='bbox 930 3015 989 3071; x_wconf 87' lang='lat' dir='ltr'><strong>viro</strong></span> <span class='ocrx_word' id='word_1_468' title='bbox 1001 3015 1125 3085; x_wconf 83' lang='lat' dir='ltr'><strong>placeat.</strong></span> <span class='ocrx_word' id='word_1_469' title='bbox 1143 3014 1204 3070; x_wconf 90' lang='lat' dir='ltr'><strong>Non</strong></span> <span class='ocrx_word' id='word_1_470' title='bbox 1218 3014 1281 3070; x_wconf 91' lang='lat' dir='ltr'><strong>ideo</strong></span> <span class='ocrx_word' id='word_1_471' title='bbox 1306 3016 1358 3070; x_wconf 93' lang='lat' dir='ltr'><strong>hoc</strong></span> <span class='ocrx_word' id='word_1_472' title='bbox 1372 3015 1446 3084; x_wconf 90' lang='lat' dir='ltr'><strong>dicit,</strong></span> <span class='ocrx_word' id='word_1_473' title='bbox 1463 3024 1492 3070; x_wconf 90' lang='lat' dir='ltr'><strong>ut</strong></span> <span class='ocrx_word' id='word_1_474' title='bbox 1507 3017 1606 3086; x_wconf 90' lang='lat' dir='ltr'><strong>etipsa</strong></span> <span class='ocrx_word' id='word_1_475' title='bbox 1633 3025 1727 3074; x_wconf 88' lang='lat' dir='ltr'><strong>saneta</strong></span> 
     </span>
     <span class='ocr_line' id='line_1_41' title="bbox 78 3101 1724 3180; baseline 0.001 -20"><span class='ocrx_word' id='word_1_476' title='bbox 78 3114 161 3162; x_wconf 87' lang='lat' dir='ltr'><strong>tatem</strong></span> <span class='ocrx_word' id='word_1_477' title='bbox 171 3107 311 3180; x_wconf 89' lang='lat' dir='ltr'><strong>propriam</strong></span> <span class='ocrx_word' id='word_1_478' title='bbox 325 3108 398 3163; x_wconf 92' lang='lat' dir='ltr'><strong>ducit</strong></span> <span class='ocrx_word' id='word_1_479' title='bbox 412 3123 524 3162; x_wconf 87' lang='lat' dir='ltr'><strong>uxorem</strong></span> <span class='ocrx_word' id='word_1_480' title='bbox 538 3107 673 3178; x_wconf 87' lang='lat' dir='ltr'><strong>plangens</strong></span> <span class='ocrx_word' id='word_1_481' title='bbox 693 3106 792 3176; x_wconf 80' lang='lat' dir='ltr'><strong>pohus,</strong></span> <span class='ocrx_word' id='word_1_482' title='bbox 815 3107 880 3177; x_wconf 87' lang='lat' dir='ltr'><strong>quia</strong></span> <span class='ocrx_word' id='word_1_483' title='bbox 930 3117 986 3156; x_wconf 88' lang='lat' dir='ltr'><strong>non</strong></span> <span class='ocrx_word' id='word_1_484' title='bbox 1000 3101 1034 3156; x_wconf 91' lang='lat' dir='ltr'><strong>sit</strong></span> <span class='ocrx_word' id='word_1_485' title='bbox 1049 3117 1163 3173; x_wconf 90' lang='lat' dir='ltr'><strong>corpore</strong></span> <span class='ocrx_word' id='word_1_486' title='bbox 1179 3110 1204 3158; x_wconf 91' lang='grc' dir='ltr'><strong>ει</strong></span> <span class='ocrx_word' id='word_1_487' title='bbox 1219 3103 1324 3173; x_wconf 90' lang='lat' dir='ltr'><strong>spiritu,</strong></span> <span class='ocrx_word' id='word_1_488' title='bbox 1342 3105 1391 3158; x_wconf 92' lang='lat' dir='ltr'><strong>sed</strong></span> <span class='ocrx_word' id='word_1_489' title='bbox 1405 3103 1494 3158; x_wconf 89' lang='lat' dir='ltr'><strong>minus</strong></span> <span class='ocrx_word' id='word_1_490' title='bbox 1507 3119 1588 3174; x_wconf 88' lang='lat' dir='ltr'><strong>quam</strong></span> <span class='ocrx_word' id='word_1_491' title='bbox 1602 3104 1724 3177; x_wconf 88' lang='lat' dir='ltr'><strong>innupta.</strong></span> 
     </span>
     <span class='ocr_line' id='line_1_42' title="bbox 79 3189 1725 3267; baseline -0.001 -17"><span class='ocrx_word' id='word_1_492' title='bbox 79 3195 139 3251; x_wconf 92' lang='lat' dir='ltr'><strong>sine</strong></span> <span class='ocrx_word' id='word_1_493' title='bbox 154 3211 237 3252; x_wconf 80' lang='lat' dir='ltr'><strong>uxore</strong></span> <span class='ocrx_word' id='word_1_494' title='bbox 252 3212 313 3251; x_wconf 92' lang='lat' dir='ltr'><strong>esse</strong></span> <span class='ocrx_word' id='word_1_495' title='bbox 335 3212 391 3251; x_wconf 92' lang='lat' dir='ltr'><strong>non</strong></span> <span class='ocrx_word' id='word_1_496' title='bbox 416 3196 517 3267; x_wconf 93' lang='lat' dir='ltr'><strong>potuit,</strong></span> <span class='ocrx_word' id='word_1_497' title='bbox 544 3211 625 3267; x_wconf 89' lang='lat' dir='ltr'><strong>quam</strong></span> <span class='ocrx_word' id='word_1_498' title='bbox 648 3195 790 3267; x_wconf 88' lang='lat' dir='ltr'><strong>gaudeus,</strong></span> <span class='ocrx_word' id='word_1_499' title='bbox 816 3194 880 3267; x_wconf 89' lang='lat' dir='ltr'><strong>quia</strong></span> <span class='ocrx_word' id='word_1_500' title='bbox 930 3189 994 3246; x_wconf 84' lang='lat' dir='ltr'><strong>Haec</strong></span> <span class='ocrx_word' id='word_1_501' title='bbox 1008 3191 1098 3262; x_wconf 90' lang='lat' dir='ltr'><strong>itaque</strong></span> <span class='ocrx_word' id='word_1_502' title='bbox 1109 3190 1224 3262; x_wconf 91' lang='lat' dir='ltr'><strong>loquens</strong></span> <span class='ocrx_word' id='word_1_503' title='bbox 1239 3190 1385 3262; x_wconf 89' lang='lat' dir='ltr'><strong>Apostolus</strong></span> <span class='ocrx_word' id='word_1_504' title='bbox 1404 3191 1439 3247; x_wconf 92' lang='lat' dir='ltr'><strong>de</strong></span> <span class='ocrx_word' id='word_1_505' title='bbox 1449 3191 1568 3262; x_wconf 88' lang='lat' dir='ltr'><strong>innuptis</strong></span> <span class='ocrx_word' id='word_1_506' title='bbox 1578 3200 1606 3247; x_wconf 91' lang='lat' dir='ltr'><strong>et</strong></span> <span class='ocrx_word' id='word_1_507' title='bbox 1624 3194 1725 3264; x_wconf 90' lang='lat' dir='ltr'><strong>nuptis,</strong></span> 
     </span>
     <span class='ocr_line' id='line_1_43' title="bbox 78 3277 1733 3361; baseline -0.002 -22"><span class='ocrx_word' id='word_1_508' title='bbox 78 3283 162 3348; x_wconf 85' lang='lat' dir='ltr'><strong>duxit,</strong></span> <span class='ocrx_word' id='word_1_509' title='bbox 175 3290 203 3339; x_wconf 92' lang='lat' dir='ltr'><strong>et</strong></span> <span class='ocrx_word' id='word_1_510' title='bbox 215 3284 333 3339; x_wconf 83' lang='lat' dir='ltr'><strong>maxime</strong></span> <span class='ocrx_word' id='word_1_511' title='bbox 347 3284 393 3356; x_wconf 92' lang='lat' dir='ltr'><strong>qui</strong></span> <span class='ocrx_word' id='word_1_512' title='bbox 402 3284 462 3355; x_wconf 88' lang='lat' dir='ltr'><strong>pari</strong></span> <span class='ocrx_word' id='word_1_513' title='bbox 473 3300 609 3340; x_wconf 90' lang='lat' dir='ltr'><strong>consensu</strong></span> <span class='ocrx_word' id='word_1_514' title='bbox 619 3282 809 3340; x_wconf 89' lang='lat' dir='ltr'><strong>continentiam</strong></span> <span class='ocrx_word' id='word_1_515' title='bbox 824 3299 879 3338; x_wconf 91' lang='lat' dir='ltr'><strong>ser·</strong></span> <span class='ocrx_word' id='word_1_516' title='bbox 930 3278 1089 3350; x_wconf 88' lang='lat' dir='ltr'><strong>ampliorem</strong></span> <span class='ocrx_word' id='word_1_517' title='bbox 1105 3277 1279 3351; x_wconf 90' lang='lat' dir='ltr'><strong>innuptarum</strong></span> <span class='ocrx_word' id='word_1_518' title='bbox 1295 3287 1321 3334; x_wconf 91' lang='lat' dir='ltr'><strong>et</strong></span> <span class='ocrx_word' id='word_1_519' title='bbox 1342 3279 1371 3334; x_wconf 91' lang='lat' dir='ltr'><strong>in</strong></span> <span class='ocrx_word' id='word_1_520' title='bbox 1398 3295 1512 3350; x_wconf 93' lang='lat' dir='ltr'><strong>corpore</strong></span> <span class='ocrx_word' id='word_1_521' title='bbox 1536 3287 1563 3335; x_wconf 91' lang='lat' dir='ltr'><strong>et</strong></span> <span class='ocrx_word' id='word_1_522' title='bbox 1581 3280 1609 3361; x_wconf 81' lang='grc' dir='ltr'><strong>Ιἱιι</strong></span> <span class='ocrx_word' id='word_1_523' title='bbox 1630 3280 1733 3352; x_wconf 91' lang='lat' dir='ltr'><strong>spiritu·</strong></span> 
     </span>
     <span class='ocr_line' id='line_1_44' title="bbox 79 3365 1728 3444; baseline -0.001 -16"><span class='ocrx_word' id='word_1_524' title='bbox 79 3379 155 3428; x_wconf 74' lang='lat' dir='ltr'><strong>aaut.</strong></span> <span class='ocrx_word' id='word_1_525' title='bbox 172 3373 229 3442; x_wconf 88' lang='grc'>(83)</span> <span class='ocrx_word' id='word_1_526' title='bbox 248 3373 372 3428; x_wconf 88' lang='lat' dir='ltr'><strong>Beatiora</strong></span> <span class='ocrx_word' id='word_1_527' title='bbox 393 3387 460 3428; x_wconf 89' lang='lat' dir='ltr'><strong>sane</strong></span> <span class='ocrx_word' id='word_1_528' title='bbox 480 3371 607 3444; x_wconf 74' lang='lat' dir='ltr'><strong>coniugia</strong></span> <span class='ocrx_word' id='word_1_529' title='bbox 630 3371 779 3441; x_wconf 87' lang='lat' dir='ltr'><strong>judicanda</strong></span> <span class='ocrx_word' id='word_1_530' title='bbox 807 3379 878 3441; x_wconf 86' lang='lat' dir='ltr'><strong>sunt,</strong></span> <span class='ocrx_word' id='word_1_531' title='bbox 931 3365 1173 3423; x_wconf 87' lang='lat' dir='ltr'><strong>sanctificationem</strong></span> <span class='ocrx_word' id='word_1_532' title='bbox 1186 3367 1302 3440; x_wconf 84' lang='lat' dir='ltr'><strong>intelligi</strong></span> <span class='ocrx_word' id='word_1_533' title='bbox 1317 3367 1409 3436; x_wconf 87' lang='lat' dir='ltr'><strong>voluit,</strong></span> <span class='ocrx_word' id='word_1_534' title='bbox 1435 3383 1491 3423; x_wconf 90' lang='lat' dir='ltr'><strong>non</strong></span> <span class='ocrx_word' id='word_1_535' title='bbox 1510 3383 1608 3440; x_wconf 91' lang='lat' dir='ltr'><strong>corpus</strong></span> <span class='ocrx_word' id='word_1_536' title='bbox 1626 3377 1728 3442; x_wconf 90' lang='lat' dir='ltr'><strong>nupta·</strong></span> 
     </span>
     <span class='ocr_line' id='line_1_45' title="bbox 81 3455 1727 3532; baseline 0 -18"><span class='ocrx_word' id='word_1_537' title='bbox 81 3476 144 3531; x_wconf 82' lang='lat' dir='ltr'><strong>quae</strong></span> <span class='ocrx_word' id='word_1_538' title='bbox 169 3459 226 3516; x_wconf 88' lang='lat' dir='ltr'><strong>sive</strong></span> <span class='ocrx_word' id='word_1_539' title='bbox 249 3459 311 3515; x_wconf 88' lang='lat' dir='ltr'><strong>tiliis</strong></span> <span class='ocrx_word' id='word_1_540' title='bbox 327 3460 490 3532; x_wconf 88' lang='lat' dir='ltr'><strong>procreatis,</strong></span> <span class='ocrx_word' id='word_1_541' title='bbox 514 3459 572 3515; x_wconf 87' lang='lat' dir='ltr'><strong>sive</strong></span> <span class='ocrx_word' id='word_1_542' title='bbox 594 3459 623 3513; x_wconf 92' lang='lat' dir='ltr'><strong>in</strong></span> <span class='ocrx_word' id='word_1_543' title='bbox 639 3459 715 3530; x_wconf 92' lang='lat' dir='ltr'><strong>prole</strong></span> <span class='ocrx_word' id='word_1_544' title='bbox 727 3466 881 3531; x_wconf 90' lang='lat' dir='ltr'><strong>contempta</strong></span> <span class='ocrx_word' id='word_1_545' title='bbox 930 3471 991 3510; x_wconf 94' lang='lat' dir='ltr'><strong>rum</strong></span> <span class='ocrx_word' id='word_1_546' title='bbox 1001 3455 1075 3511; x_wconf 89' lang='lat' dir='ltr'><strong>omui</strong></span> <span class='ocrx_word' id='word_1_547' title='bbox 1090 3455 1300 3512; x_wconf 86' lang='lat' dir='ltr'><strong>sanctificatione</strong></span> <span class='ocrx_word' id='word_1_548' title='bbox 1314 3456 1439 3528; x_wconf 83' lang='lat' dir='ltr'><strong>privarit.</strong></span> <span class='ocrx_word' id='word_1_549' title='bbox 1455 3460 1542 3515; x_wconf 81' lang='lat' dir='ltr'><strong>Porro</strong></span> <span class='ocrx_word' id='word_1_550' title='bbox 1564 3459 1625 3515; x_wconf 86' lang='lat' dir='ltr'><strong>hoc.</strong></span> <span class='ocrx_word' id='word_1_551' title='bbox 1641 3456 1727 3527; x_wconf 88' lang='lat' dir='ltr'><strong>Quasi</strong></span> 
     </span>
     <span class='ocr_line' id='line_1_46' title="bbox 78 3543 1728 3620; baseline 0.001 -17"><span class='ocrx_word' id='word_1_552' title='bbox 78 3547 276 3604; x_wconf 86' lang='lat' dir='ltr'><strong>continentiam</strong></span> <span class='ocrx_word' id='word_1_553' title='bbox 298 3549 356 3620; x_wconf 92' lang='lat' dir='ltr'><strong>pari</strong></span> <span class='ocrx_word' id='word_1_554' title='bbox 380 3564 517 3605; x_wconf 89' lang='lat' dir='ltr'><strong>consensu</strong></span> <span class='ocrx_word' id='word_1_555' title='bbox 543 3563 654 3604; x_wconf 89' lang='lat' dir='ltr'><strong>servare</strong></span> <span class='ocrx_word' id='word_1_556' title='bbox 686 3555 821 3619; x_wconf 89' lang='lat' dir='ltr'><strong>poterunt.</strong></span> <span class='ocrx_word' id='word_1_557' title='bbox 846 3551 883 3604; x_wconf 79' lang='lat' dir='ltr'><strong>Et</strong></span> <span class='ocrx_word' id='word_1_558' title='bbox 931 3543 1003 3600; x_wconf 89' lang='lat' dir='ltr'><strong>dicat</strong></span> <span class='ocrx_word' id='word_1_559' title='bbox 1020 3559 1026 3598; x_wconf 94' lang='lat'><strong>:</strong></span> <span class='ocrx_word' id='word_1_560' title='bbox 1043 3544 1161 3600; x_wconf 89' lang='lat' dir='ltr'><strong>Consulo</strong></span> <span class='ocrx_word' id='word_1_561' title='bbox 1175 3545 1347 3612; x_wconf 88' lang='lat' dir='ltr'><strong>nonnubere,</strong></span> <span class='ocrx_word' id='word_1_562' title='bbox 1364 3547 1589 3603; x_wconf 85' lang='lat' dir='ltr'><strong>sedhocdieood</strong></span> <span class='ocrx_word' id='word_1_563' title='bbox 1603 3551 1728 3604; x_wconf 79' lang='lat' dir='ltr'><strong>oestrum</strong></span> 
     </span>
     <span class='ocr_line' id='line_1_47' title="bbox 82 3633 1729 3710; baseline -0.001 -18"><span class='ocrx_word' id='word_1_564' title='bbox 82 3637 132 3710; x_wconf 83' lang='lat' dir='ltr'><strong>qai</strong></span> <span class='ocrx_word' id='word_1_565' title='bbox 148 3637 228 3706; x_wconf 70' lang='lat' dir='ltr'><strong>liant,</strong></span> <span class='ocrx_word' id='word_1_566' title='bbox 249 3651 299 3707; x_wconf 91' lang='lat' dir='ltr'><strong>pro</strong></span> <span class='ocrx_word' id='word_1_567' title='bbox 314 3637 423 3693; x_wconf 91' lang='lat' dir='ltr'><strong>casibus</strong></span> <span class='ocrx_word' id='word_1_568' title='bbox 438 3635 565 3708; x_wconf 82' lang='lat' dir='ltr'><strong>conjugii,</strong></span> <span class='ocrx_word' id='word_1_569' title='bbox 583 3636 626 3693; x_wconf 91' lang='lat' dir='ltr'><strong>vel</strong></span> <span class='ocrx_word' id='word_1_570' title='bbox 641 3636 881 3709; x_wconf 86' lang='lat' dir='ltr'><strong>proaliquatristi-</strong></span> <span class='ocrx_word' id='word_1_571' title='bbox 930 3633 1090 3689; x_wconf 81' lang='lat' dir='ltr'><strong>utilitatem</strong></span> <span class='ocrx_word' id='word_1_572' title='bbox 1104 3635 1250 3704; x_wconf 84' lang='lat' dir='ltr'><strong>mojorem,</strong></span> <span class='ocrx_word' id='word_1_573' title='bbox 1266 3634 1368 3690; x_wconf 84' lang='lat' dir='ltr'><strong>seilicet</strong></span> <span class='ocrx_word' id='word_1_574' title='bbox 1383 3641 1413 3690; x_wconf 93' lang='lat' dir='ltr'><strong>ut</strong></span> <span class='ocrx_word' id='word_1_575' title='bbox 1428 3634 1580 3705; x_wconf 84' lang='lat' dir='ltr'><strong>expeditius</strong></span> <span class='ocrx_word' id='word_1_576' title='bbox 1594 3636 1652 3692; x_wconf 90' lang='lat' dir='ltr'><strong>Deo</strong></span> <span class='ocrx_word' id='word_1_577' title='bbox 1667 3652 1729 3691; x_wconf 91' lang='lat' dir='ltr'><strong>ser-</strong></span> 
     </span>
     <span class='ocr_line' id='line_1_48' title="bbox 82 3720 1730 3798; baseline 0.001 -19"><span class='ocrx_word' id='word_1_578' title='bbox 82 3725 119 3779; x_wconf 90' lang='lat' dir='ltr'><strong>tia</strong></span> <span class='ocrx_word' id='word_1_579' title='bbox 136 3724 236 3792; x_wconf 77' lang='lat' dir='ltr'><strong>saculi,</strong></span> <span class='ocrx_word' id='word_1_580' title='bbox 255 3724 308 3779; x_wconf 91' lang='lat' dir='ltr'><strong>sint</strong></span> <span class='ocrx_word' id='word_1_581' title='bbox 328 3730 464 3798; x_wconf 82' lang='lat' dir='ltr'><strong>tanquam</strong></span> <span class='ocrx_word' id='word_1_582' title='bbox 477 3741 535 3781; x_wconf 88' lang='lat' dir='ltr'><strong>non</strong></span> <span class='ocrx_word' id='word_1_583' title='bbox 548 3726 661 3794; x_wconf 71' lang='lat' dir='ltr'><strong>flentes,</strong></span> <span class='ocrx_word' id='word_1_584' title='bbox 678 3731 704 3780; x_wconf 94' lang='lat' dir='ltr'><strong>et</strong></span> <span class='ocrx_word' id='word_1_585' title='bbox 728 3741 777 3796; x_wconf 90' lang='lat' dir='ltr'><strong>spe</strong></span> <span class='ocrx_word' id='word_1_586' title='bbox 800 3725 881 3783; x_wconf 83' lang='lat' dir='ltr'><strong>futuri</strong></span> <span class='ocrx_word' id='word_1_587' title='bbox 930 3720 1018 3791; x_wconf 89' lang='lat' dir='ltr'><strong>viatis,</strong></span> <span class='ocrx_word' id='word_1_588' title='bbox 1034 3738 1092 3778; x_wconf 86' lang='lat' dir='ltr'><strong>non</strong></span> <span class='ocrx_word' id='word_1_589' title='bbox 1108 3727 1150 3789; x_wconf 89' lang='lat' dir='ltr'><strong>ut,</strong></span> <span class='ocrx_word' id='word_1_590' title='bbox 1167 3722 1190 3777; x_wconf 94' lang='lat' dir='ltr'><strong>si</strong></span> <span class='ocrx_word' id='word_1_591' title='bbox 1204 3722 1402 3778; x_wconf 88' lang='lat' dir='ltr'><strong>incontinentes</strong></span> <span class='ocrx_word' id='word_1_592' title='bbox 1417 3724 1492 3789; x_wconf 92' lang='lat' dir='ltr'><strong>estis,</strong></span> <span class='ocrx_word' id='word_1_593' title='bbox 1512 3723 1642 3795; x_wconf 80' lang='lat' dir='ltr'><strong>injiciam</strong></span> <span class='ocrx_word' id='word_1_594' title='bbox 1657 3725 1730 3781; x_wconf 82' lang='lat' dir='ltr'><strong>vohis</strong></span> 
     </span>
    </p>
   </div>
   <div class='ocr_carea' id='block_1_13' title="bbox 81 3809 1833 3886">
    <p class='ocr_par' dir='ltr' id='par_1_13' title="bbox 81 3809 1833 3886">
     <span class='ocr_line' id='line_1_49' title="bbox 81 3809 1833 3886; baseline 0.001 -18"><span class='ocrx_word' id='word_1_595' title='bbox 81 3813 147 3868; x_wconf 85' lang='lat' dir='ltr'><strong>boni</strong></span> <span class='ocrx_word' id='word_1_596' title='bbox 161 3828 216 3869; x_wconf 92' lang='lat' dir='ltr'><strong>non</strong></span> <span class='ocrx_word' id='word_1_597' title='bbox 232 3813 338 3880; x_wconf 89' lang='lat' dir='ltr'><strong>cedant,</strong></span> <span class='ocrx_word' id='word_1_598' title='bbox 359 3814 403 3869; x_wconf 84' lang='lat' dir='ltr'><strong>rel</strong></span> <span class='ocrx_word' id='word_1_599' title='bbox 417 3813 590 3886; x_wconf 66' lang='lat' dir='ltr'><strong>[rodgarium</strong></span> <span class='ocrx_word' id='word_1_600' title='bbox 606 3814 821 3886; x_wconf 77' lang='lat' dir='ltr'><strong>etqoiponctent</strong></span> <span class='ocrx_word' id='word_1_601' title='bbox 832 3830 883 3884; x_wconf 91' lang='lat' dir='ltr'><strong>pro</strong></span> <span class='ocrx_word' id='word_1_602' title='bbox 932 3811 1062 3882; x_wconf 80' lang='lat' dir='ltr'><strong>loqueum</strong></span> <span class='ocrx_word' id='word_1_603' title='bbox 1076 3809 1343 3866; x_wconf 82' lang='lat' dir='ltr'><strong>fornicationisNon</strong></span> <span class='ocrx_word' id='word_1_604' title='bbox 1358 3811 1410 3867; x_wconf 93' lang='lat' dir='ltr'><strong>hoc</strong></span> <span class='ocrx_word' id='word_1_605' title='bbox 1424 3811 1485 3867; x_wconf 90' lang='lat' dir='ltr'><strong>dico</strong></span> <span class='ocrx_word' id='word_1_606' title='bbox 1500 3819 1528 3866; x_wconf 89' lang='lat' dir='ltr'><strong>ut</strong></span> <span class='ocrx_word' id='word_1_607' title='bbox 1543 3811 1672 3884; x_wconf 91' lang='lat' dir='ltr'><strong>laqueum</strong></span> <span class='ocrx_word' id='word_1_608' title='bbox 1682 3827 1728 3870; x_wconf 89' lang='lat' dir='ltr'><strong>vo·</strong></span> <span class='ocrx_word' id='word_1_609' title='bbox 1827 3843 1833 3857; x_wconf 42' lang='grc' dir='ltr'>κ</span> 
     </span>
    </p>
   </div>
   <div class='ocr_carea' id='block_1_14' title="bbox 79 3897 1744 5308">
    <p class='ocr_par' dir='ltr' id='par_1_14' title="bbox 80 3897 1744 5036">
     <span class='ocr_line' id='line_1_50' title="bbox 81 3897 1727 3975; baseline 0.002 -19"><span class='ocrx_word' id='word_1_610' title='bbox 81 3901 174 3972; x_wconf 82' lang='lat' dir='ltr'><strong>aliqua</strong></span> <span class='ocrx_word' id='word_1_611' title='bbox 183 3902 361 3972; x_wconf 87' lang='lat' dir='ltr'><strong>prosperitate</strong></span> <span class='ocrx_word' id='word_1_612' title='bbox 370 3901 472 3968; x_wconf 86' lang='lat' dir='ltr'><strong>saeculi,</strong></span> <span class='ocrx_word' id='word_1_613' title='bbox 485 3902 682 3975; x_wconf 81' lang='lat' dir='ltr'><strong>sinttonquam</strong></span> <span class='ocrx_word' id='word_1_614' title='bbox 689 3918 746 3958; x_wconf 86' lang='lat' dir='ltr'><strong>non</strong></span> <span class='ocrx_word' id='word_1_615' title='bbox 756 3902 881 3973; x_wconf 81' lang='lat' dir='ltr'><strong>ganden—</strong></span> <span class='ocrx_word' id='word_1_616' title='bbox 930 3899 972 3952; x_wconf 89' lang='lat' dir='ltr'><strong>his</strong></span> <span class='ocrx_word' id='word_1_617' title='bbox 988 3897 1115 3969; x_wconf 82' lang='lat' dir='ltr'><strong>injiciam,</strong></span> <span class='ocrx_word' id='word_1_618' title='bbox 1132 3900 1180 3955; x_wconf 92' lang='lat' dir='ltr'><strong>sed</strong></span> <span class='ocrx_word' id='word_1_619' title='bbox 1191 3901 1242 3955; x_wconf 90' lang='lat' dir='ltr'><strong>hoc</strong></span> <span class='ocrx_word' id='word_1_620' title='bbox 1257 3898 1329 3968; x_wconf 93' lang='lat' dir='ltr'><strong>dico,</strong></span> <span class='ocrx_word' id='word_1_621' title='bbox 1349 3899 1385 3955; x_wconf 90' lang='lat' dir='ltr'><strong>od</strong></span> <span class='ocrx_word' id='word_1_622' title='bbox 1407 3900 1437 3955; x_wconf 86' lang='lat' dir='ltr'><strong>id</strong></span> <span class='ocrx_word' id='word_1_623' title='bbox 1460 3900 1576 3956; x_wconf 90' lang='lat' dir='ltr'><strong>tendens</strong></span> <span class='ocrx_word' id='word_1_624' title='bbox 1596 3901 1727 3973; x_wconf 79' lang='lat' dir='ltr'><strong>quodia-</strong></span> 
     </span>
     <span class='ocr_line' id='line_1_51' title="bbox 82 3987 1728 4064; baseline 0.001 -19"><span class='ocrx_word' id='word_1_625' title='bbox 82 3994 135 4059; x_wconf 85' lang='lat' dir='ltr'><strong>tea,</strong></span> <span class='ocrx_word' id='word_1_626' title='bbox 154 3997 183 4044; x_wconf 92' lang='lat' dir='ltr'><strong>ut</strong></span> <span class='ocrx_word' id='word_1_627' title='bbox 198 3989 270 4045; x_wconf 90' lang='lat' dir='ltr'><strong>intus</strong></span> <span class='ocrx_word' id='word_1_628' title='bbox 285 3989 400 4046; x_wconf 89' lang='lat' dir='ltr'><strong>timeant</strong></span> <span class='ocrx_word' id='word_1_629' title='bbox 418 3989 590 4061; x_wconf 89' lang='lat' dir='ltr'><strong>spiritualiter</strong></span> <span class='ocrx_word' id='word_1_630' title='bbox 613 3989 751 4060; x_wconf 91' lang='lat' dir='ltr'><strong>corrumpi</strong></span> <span class='ocrx_word' id='word_1_631' title='bbox 766 4009 774 4056; x_wconf 79' lang='lat'>3</span> <span class='ocrx_word' id='word_1_632' title='bbox 790 3994 819 4046; x_wconf 84' lang='lat' dir='ltr'><strong>et</strong></span> <span class='ocrx_word' id='word_1_633' title='bbox 834 3993 883 4064; x_wconf 81' lang='lat' dir='ltr'><strong>qni</strong></span> <span class='ocrx_word' id='word_1_634' title='bbox 930 3991 1046 4043; x_wconf 81' lang='lat' dir='ltr'><strong>nestum</strong></span> <span class='ocrx_word' id='word_1_635' title='bbox 1060 3991 1112 4053; x_wconf 84' lang='lat' dir='ltr'><strong>eat,</strong></span> <span class='ocrx_word' id='word_1_636' title='bbox 1130 3987 1233 4043; x_wconf 89' lang='lat' dir='ltr'><strong>scilicet</strong></span> <span class='ocrx_word' id='word_1_637' title='bbox 1246 3995 1276 4042; x_wconf 92' lang='lat' dir='ltr'><strong>ut</strong></span> <span class='ocrx_word' id='word_1_638' title='bbox 1284 3988 1365 4043; x_wconf 91' lang='lat' dir='ltr'><strong>homo</strong></span> <span class='ocrx_word' id='word_1_639' title='bbox 1377 3988 1412 4043; x_wconf 91' lang='lat' dir='ltr'><strong>sit</strong></span> <span class='ocrx_word' id='word_1_640' title='bbox 1421 3996 1512 4044; x_wconf 88' lang='lat' dir='ltr'><strong>castus</strong></span> <span class='ocrx_word' id='word_1_641' title='bbox 1522 3989 1614 4045; x_wconf 85' lang='lat' dir='ltr'><strong>animo</strong></span> <span class='ocrx_word' id='word_1_642' title='bbox 1627 3997 1654 4045; x_wconf 90' lang='lat' dir='ltr'><strong>et</strong></span> <span class='ocrx_word' id='word_1_643' title='bbox 1664 4006 1728 4047; x_wconf 93' lang='lat' dir='ltr'><strong>cor-</strong></span> 
     </span>
     <span class='ocr_line' id='line_1_52' title="bbox 83 4074 1730 4152; baseline 0.001 -18"><span class='ocrx_word' id='word_1_644' title='bbox 83 4081 195 4146; x_wconf 85' lang='lat' dir='ltr'><strong>emant,</strong></span> <span class='ocrx_word' id='word_1_645' title='bbox 216 4085 246 4134; x_wconf 90' lang='lat' dir='ltr'><strong>ut</strong></span> <span class='ocrx_word' id='word_1_646' title='bbox 259 4077 364 4135; x_wconf 86' lang='lat' dir='ltr'><strong>taciunt</strong></span> <span class='ocrx_word' id='word_1_647' title='bbox 373 4079 521 4152; x_wconf 84' lang='lat' dir='ltr'><strong>conjugati,</strong></span> <span class='ocrx_word' id='word_1_648' title='bbox 538 4079 584 4150; x_wconf 91' lang='lat' dir='ltr'><strong>qui</strong></span> <span class='ocrx_word' id='word_1_649' title='bbox 592 4079 737 4149; x_wconf 86' lang='lat' dir='ltr'><strong>provident</strong></span> <span class='ocrx_word' id='word_1_650' title='bbox 749 4077 882 4142; x_wconf 82' lang='lat' dir='ltr'><strong>filiis,sint</strong></span> <span class='ocrx_word' id='word_1_651' title='bbox 929 4089 1007 4145; x_wconf 90' lang='lat' dir='ltr'><strong>pore.</strong></span> <span class='ocrx_word' id='word_1_652' title='bbox 1023 4074 1210 4149; x_wconf 78' lang='lat' dir='ltr'><strong>[Augustinus]</strong></span> <span class='ocrx_word' id='word_1_653' title='bbox 1225 4077 1286 4132; x_wconf 91' lang='lat' dir='ltr'><strong>Non</strong></span> <span class='ocrx_word' id='word_1_654' title='bbox 1309 4077 1362 4132; x_wconf 90' lang='lat' dir='ltr'><strong>hoc</strong></span> <span class='ocrx_word' id='word_1_655' title='bbox 1379 4076 1441 4133; x_wconf 88' lang='lat' dir='ltr'><strong>ideo</strong></span> <span class='ocrx_word' id='word_1_656' title='bbox 1465 4077 1531 4134; x_wconf 91' lang='lat' dir='ltr'><strong>dicit</strong></span> <span class='ocrx_word' id='word_1_657' title='bbox 1552 4079 1625 4150; x_wconf 88' lang='lat' dir='ltr'><strong>quod</strong></span> <span class='ocrx_word' id='word_1_658' title='bbox 1652 4087 1730 4151; x_wconf 88' lang='lat' dir='ltr'><strong>turpe</strong></span> 
     </span>
     <span class='ocr_line' id='line_1_53' title="bbox 86 4163 1729 4240; baseline 0.001 -18"><span class='ocrx_word' id='word_1_659' title='bbox 86 4171 224 4240; x_wconf 79' lang='lat' dir='ltr'><strong>tanquam</strong></span> <span class='ocrx_word' id='word_1_660' title='bbox 239 4183 297 4222; x_wconf 88' lang='lat' dir='ltr'><strong>non</strong></span> <span class='ocrx_word' id='word_1_661' title='bbox 307 4168 492 4238; x_wconf 78' lang='lat' dir='ltr'><strong>possidentes,</strong></span> <span class='ocrx_word' id='word_1_662' title='bbox 506 4167 610 4224; x_wconf 89' lang='lat' dir='ltr'><strong>scilicet</strong></span> <span class='ocrx_word' id='word_1_663' title='bbox 620 4183 675 4222; x_wconf 93' lang='lat' dir='ltr'><strong>non</strong></span> <span class='ocrx_word' id='word_1_664' title='bbox 685 4174 882 4238; x_wconf 89' lang='lat' dir='ltr'><strong>apponantcor</strong></span> <span class='ocrx_word' id='word_1_665' title='bbox 930 4163 964 4218; x_wconf 92' lang='lat' dir='ltr'><strong>sit</strong></span> <span class='ocrx_word' id='word_1_666' title='bbox 978 4163 1143 4237; x_wconf 88' lang='lat' dir='ltr'><strong>conjugium,</strong></span> <span class='ocrx_word' id='word_1_667' title='bbox 1160 4165 1209 4220; x_wconf 91' lang='lat' dir='ltr'><strong>sed</strong></span> <span class='ocrx_word' id='word_1_668' title='bbox 1224 4166 1297 4238; x_wconf 92' lang='lat' dir='ltr'><strong>quod</strong></span> <span class='ocrx_word' id='word_1_669' title='bbox 1309 4167 1360 4221; x_wconf 90' lang='lat' dir='ltr'><strong>hoc</strong></span> <span class='ocrx_word' id='word_1_670' title='bbox 1375 4165 1517 4222; x_wconf 91' lang='lat' dir='ltr'><strong>honestius</strong></span> <span class='ocrx_word' id='word_1_671' title='bbox 1532 4175 1582 4222; x_wconf 90' lang='lat' dir='ltr'><strong>est.</strong></span> <span class='ocrx_word' id='word_1_672' title='bbox 1599 4167 1634 4222; x_wconf 87' lang='lat' dir='ltr'><strong>Et</strong></span> <span class='ocrx_word' id='word_1_673' title='bbox 1655 4168 1729 4224; x_wconf 90' lang='lat' dir='ltr'><strong>adid</strong></span> 
     </span>
     <span class='ocr_line' id='line_1_54' title="bbox 83 4251 1730 4326; baseline 0.002 -17"><span class='ocrx_word' id='word_1_674' title='bbox 83 4254 212 4326; x_wconf 89' lang='lat' dir='ltr'><strong>perituris</strong></span> <span class='ocrx_word' id='word_1_675' title='bbox 223 4256 305 4311; x_wconf 90' lang='lat' dir='ltr'><strong>rebus</strong></span> <span class='ocrx_word' id='word_1_676' title='bbox 318 4274 325 4323; x_wconf 89' lang='lat'>;</span> <span class='ocrx_word' id='word_1_677' title='bbox 342 4255 391 4311; x_wconf 91' lang='lat' dir='ltr'><strong>sed</strong></span> <span class='ocrx_word' id='word_1_678' title='bbox 406 4254 446 4311; x_wconf 88' lang='lat' dir='ltr'><strong>sic</strong></span> <span class='ocrx_word' id='word_1_679' title='bbox 460 4256 584 4321; x_wconf 87' lang='lat' dir='ltr'><strong>habeant,</strong></span> <span class='ocrx_word' id='word_1_680' title='bbox 608 4263 638 4311; x_wconf 94' lang='grc' dir='ltr'><strong>ιιι</strong></span> <span class='ocrx_word' id='word_1_681' title='bbox 650 4270 744 4311; x_wconf 91' lang='lat' dir='ltr'><strong>amore</strong></span> <span class='ocrx_word' id='word_1_682' title='bbox 759 4254 812 4309; x_wconf 93' lang='lat' dir='ltr'><strong>illis</strong></span> <span class='ocrx_word' id='word_1_683' title='bbox 826 4270 881 4310; x_wconf 90' lang='lat' dir='ltr'><strong>non</strong></span> <span class='ocrx_word' id='word_1_684' title='bbox 930 4251 1011 4307; x_wconf 91' lang='lat' dir='ltr'><strong>tendo</strong></span> <span class='ocrx_word' id='word_1_685' title='bbox 1026 4253 1225 4324; x_wconf 82' lang='lat' dir='ltr'><strong>quodproeieot</strong></span> <span class='ocrx_word' id='word_1_686' title='bbox 1240 4256 1419 4324; x_wconf 62' lang='lat' dir='ltr'><strong>snectutem,</strong></span> <span class='ocrx_word' id='word_1_687' title='bbox 1430 4255 1474 4311; x_wconf 87' lang='lat' dir='ltr'><strong>vel</strong></span> <span class='ocrx_word' id='word_1_688' title='bbox 1484 4255 1640 4312; x_wconf 79' lang='lat' dir='ltr'><strong>facilitatem</strong></span> <span class='ocrx_word' id='word_1_689' title='bbox 1649 4257 1730 4313; x_wconf 87' lang='lat' dir='ltr'><strong>alicui</strong></span> 
     </span>
     <span class='ocr_line' id='line_1_55' title="bbox 83 4337 1730 4417; baseline 0.002 -20"><span class='ocrx_word' id='word_1_690' title='bbox 83 4343 214 4399; x_wconf 84' lang='lat' dir='ltr'><strong>haereant.</strong></span> <span class='ocrx_word' id='word_1_691' title='bbox 225 4343 282 4416; x_wconf 80' lang='lat' dir='ltr'><strong>[at]</strong></span> <span class='ocrx_word' id='word_1_692' title='bbox 296 4344 330 4399; x_wconf 87' lang='lat' dir='ltr'><strong>Et</strong></span> <span class='ocrx_word' id='word_1_693' title='bbox 345 4351 374 4398; x_wconf 91' lang='lat' dir='ltr'><strong>ut</strong></span> <span class='ocrx_word' id='word_1_694' title='bbox 387 4343 722 4417; x_wconf 80' lang='lat' dir='ltr'><strong>universalitercolligam,</strong></span> <span class='ocrx_word' id='word_1_695' title='bbox 731 4337 912 4417; x_wconf 76' lang='lat' dir='ltr'><strong>quintam-D</strong></span> <span class='ocrx_word' id='word_1_696' title='bbox 928 4340 1092 4396; x_wconf 83' lang='lat' dir='ltr'><strong>observandi</strong></span> <span class='ocrx_word' id='word_1_697' title='bbox 1102 4341 1181 4398; x_wconf 79' lang='lat'><strong>86</strong></span> <span class='ocrx_word' id='word_1_698' title='bbox 1191 4358 1221 4398; x_wconf 90' lang='lat' dir='ltr'><strong>se</strong></span> <span class='ocrx_word' id='word_1_699' title='bbox 1230 4343 1346 4398; x_wconf 90' lang='lat' dir='ltr'><strong>Domino</strong></span> <span class='ocrx_word' id='word_1_700' title='bbox 1361 4345 1421 4400; x_wconf 85' lang='lat' dir='ltr'><strong>sine</strong></span> <span class='ocrx_word' id='word_1_701' title='bbox 1432 4344 1643 4417; x_wconf 86' lang='lat' dir='ltr'><strong>impedimento,</strong></span> <span class='ocrx_word' id='word_1_702' title='bbox 1656 4343 1730 4417; x_wconf 91' lang='lat' dir='ltr'><strong>quod</strong></span> 
     </span>
     <span class='ocr_line' id='line_1_56' title="bbox 85 4427 1729 4504; baseline 0.002 -18"><span class='ocrx_word' id='word_1_703' title='bbox 85 4431 190 4488; x_wconf 84' lang='lat' dir='ltr'><strong>turhoc</strong></span> <span class='ocrx_word' id='word_1_704' title='bbox 200 4433 315 4498; x_wconf 85' lang='lat' dir='ltr'><strong>mando,</strong></span> <span class='ocrx_word' id='word_1_705' title='bbox 325 4432 378 4487; x_wconf 91' lang='lat' dir='ltr'><strong>siut</strong></span> <span class='ocrx_word' id='word_1_706' title='bbox 394 4437 530 4504; x_wconf 82' lang='lat' dir='ltr'><strong>tunquam</strong></span> <span class='ocrx_word' id='word_1_707' title='bbox 540 4448 598 4488; x_wconf 87' lang='lat' dir='ltr'><strong>non</strong></span> <span class='ocrx_word' id='word_1_708' title='bbox 618 4437 750 4499; x_wconf 82' lang='lat' dir='ltr'><strong>utuntur,</strong></span> <span class='ocrx_word' id='word_1_709' title='bbox 762 4441 791 4487; x_wconf 91' lang='lat' dir='ltr'><strong>ut</strong></span> <span class='ocrx_word' id='word_1_710' title='bbox 802 4432 878 4488; x_wconf 90' lang='lat' dir='ltr'><strong>scili·</strong></span> <span class='ocrx_word' id='word_1_711' title='bbox 928 4437 969 4485; x_wconf 92' lang='lat' dir='ltr'><strong>est</strong></span> <span class='ocrx_word' id='word_1_712' title='bbox 982 4427 1009 4482; x_wconf 88' lang='lat' dir='ltr'><strong>in</strong></span> <span class='ocrx_word' id='word_1_713' title='bbox 1020 4430 1158 4504; x_wconf 84' lang='lat' dir='ltr'><strong>conjugio.</strong></span> <span class='ocrx_word' id='word_1_714' title='bbox 1174 4430 1232 4502; x_wconf 89' lang='grc'>(86)</span> <span class='ocrx_word' id='word_1_715' title='bbox 1247 4431 1313 4488; x_wconf 91' lang='lat' dir='ltr'><strong>Cum</strong></span> <span class='ocrx_word' id='word_1_716' title='bbox 1328 4431 1410 4504; x_wconf 87' lang='lat' dir='ltr'><strong>igitur</strong></span> <span class='ocrx_word' id='word_1_717' title='bbox 1423 4432 1461 4488; x_wconf 92' lang='lat' dir='ltr'><strong>ait</strong></span> <span class='ocrx_word' id='word_1_718' title='bbox 1475 4433 1510 4488; x_wconf 89' lang='lat' dir='ltr'><strong>ad</strong></span> <span class='ocrx_word' id='word_1_719' title='bbox 1532 4431 1560 4488; x_wconf 93' lang='lat' dir='ltr'><strong>id</strong></span> <span class='ocrx_word' id='word_1_720' title='bbox 1581 4433 1655 4504; x_wconf 90' lang='lat' dir='ltr'><strong>quod</strong></span> <span class='ocrx_word' id='word_1_721' title='bbox 1675 4435 1729 4489; x_wconf 92' lang='lat' dir='ltr'><strong>ho·</strong></span> 
     </span>
     <span class='ocr_line' id='line_1_57' title="bbox 83 4519 1744 4592; baseline 0.001 -17"><span class='ocrx_word' id='word_1_722' title='bbox 83 4529 127 4575; x_wconf 90' lang='lat' dir='ltr'><strong>cet</strong></span> <span class='ocrx_word' id='word_1_723' title='bbox 138 4535 170 4575; x_wconf 85' lang='lat' dir='ltr'><strong>ea</strong></span> <span class='ocrx_word' id='word_1_724' title='bbox 186 4520 264 4576; x_wconf 90' lang='lat' dir='ltr'><strong>honis</strong></span> <span class='ocrx_word' id='word_1_725' title='bbox 276 4521 335 4590; x_wconf 76' lang='lat' dir='ltr'><strong>eius</strong></span> <span class='ocrx_word' id='word_1_726' title='bbox 350 4519 451 4577; x_wconf 84' lang='lat' dir='ltr'><strong>iaciant</strong></span> <span class='ocrx_word' id='word_1_727' title='bbox 466 4521 545 4588; x_wconf 90' lang='lat' dir='ltr'><strong>hona,</strong></span> <span class='ocrx_word' id='word_1_728' title='bbox 562 4536 617 4576; x_wconf 91' lang='lat' dir='ltr'><strong>non</strong></span> <span class='ocrx_word' id='word_1_729' title='bbox 631 4520 695 4576; x_wconf 88' lang='lat' dir='ltr'><strong>mali</strong></span> <span class='ocrx_word' id='word_1_730' title='bbox 715 4519 780 4574; x_wconf 84' lang='lat' dir='ltr'><strong>fiant</strong></span> <span class='ocrx_word' id='word_1_731' title='bbox 796 4536 802 4575; x_wconf 77' lang='grc' dir='ltr'>ε</span> <span class='ocrx_word' id='word_1_732' title='bbox 818 4537 879 4592; x_wconf 75' lang='lat' dir='ltr'><strong>quae</strong></span> <span class='ocrx_word' id='word_1_733' title='bbox 927 4526 1034 4574; x_wconf 90' lang='lat' dir='ltr'><strong>nestum</strong></span> <span class='ocrx_word' id='word_1_734' title='bbox 1049 4526 1099 4585; x_wconf 89' lang='lat' dir='ltr'><strong>est,</strong></span> <span class='ocrx_word' id='word_1_735' title='bbox 1116 4535 1171 4575; x_wconf 92' lang='lat' dir='ltr'><strong>non</strong></span> <span class='ocrx_word' id='word_1_736' title='bbox 1193 4519 1394 4577; x_wconf 89' lang='lat' dir='ltr'><strong>matrimonium</strong></span> <span class='ocrx_word' id='word_1_737' title='bbox 1416 4528 1495 4591; x_wconf 90' lang='lat' dir='ltr'><strong>turpe</strong></span> <span class='ocrx_word' id='word_1_738' title='bbox 1515 4535 1576 4576; x_wconf 90' lang='lat' dir='ltr'><strong>esse</strong></span> <span class='ocrx_word' id='word_1_739' title='bbox 1595 4528 1744 4584; x_wconf 82' lang='lat' dir='ltr'><strong>monstra-¹</strong></span> 
     </span>
     <span class='ocr_line' id='line_1_58' title="bbox 81 4605 1728 4682; baseline 0.002 -20"><span class='ocrx_word' id='word_1_740' title='bbox 81 4609 155 4664; x_wconf 91' lang='lat' dir='ltr'><strong>hona</strong></span> <span class='ocrx_word' id='word_1_741' title='bbox 173 4624 208 4664; x_wconf 91' lang='lat' dir='ltr'><strong>ne</strong></span> <span class='ocrx_word' id='word_1_742' title='bbox 221 4617 352 4680; x_wconf 87' lang='lat' dir='ltr'><strong>putentur</strong></span> <span class='ocrx_word' id='word_1_743' title='bbox 365 4609 445 4676; x_wconf 86' lang='lat' dir='ltr'><strong>mala,</strong></span> <span class='ocrx_word' id='word_1_744' title='bbox 468 4609 548 4664; x_wconf 91' lang='lat' dir='ltr'><strong>honis</strong></span> <span class='ocrx_word' id='word_1_745' title='bbox 569 4609 677 4664; x_wconf 91' lang='lat' dir='ltr'><strong>dantur.</strong></span> <span class='ocrx_word' id='word_1_746' title='bbox 690 4609 811 4680; x_wconf 85' lang='lat' dir='ltr'><strong>{temque</strong></span> <span class='ocrx_word' id='word_1_747' title='bbox 827 4609 879 4665; x_wconf 94' lang='lat' dir='ltr'><strong>tol·</strong></span> <span class='ocrx_word' id='word_1_748' title='bbox 928 4605 975 4674; x_wconf 84' lang='lat' dir='ltr'><strong>vit,</strong></span> <span class='ocrx_word' id='word_1_749' title='bbox 990 4605 1037 4661; x_wconf 91' lang='lat' dir='ltr'><strong>sed</strong></span> <span class='ocrx_word' id='word_1_750' title='bbox 1053 4607 1126 4678; x_wconf 88' lang='lat' dir='ltr'><strong>quod</strong></span> <span class='ocrx_word' id='word_1_751' title='bbox 1141 4609 1254 4665; x_wconf 90' lang='lat' dir='ltr'><strong>honesto</strong></span> <span class='ocrx_word' id='word_1_752' title='bbox 1270 4617 1328 4665; x_wconf 91' lang='lat' dir='ltr'><strong>erat</strong></span> <span class='ocrx_word' id='word_1_753' title='bbox 1338 4609 1487 4676; x_wconf 86' lang='lat' dir='ltr'><strong>honestius,</strong></span> <span class='ocrx_word' id='word_1_754' title='bbox 1514 4609 1652 4682; x_wconf 85' lang='lat' dir='ltr'><strong>generalis</strong></span> <span class='ocrx_word' id='word_1_755' title='bbox 1676 4611 1728 4666; x_wconf 92' lang='lat' dir='ltr'><strong>ho-</strong></span> 
     </span>
     <span class='ocr_line' id='line_1_59' title="bbox 82 4693 1730 4770; baseline 0.001 -18"><span class='ocrx_word' id='word_1_756' title='bbox 82 4697 173 4752; x_wconf 88' lang='lat' dir='ltr'><strong>lentur</strong></span> <span class='ocrx_word' id='word_1_757' title='bbox 187 4704 216 4751; x_wconf 91' lang='lat' dir='ltr'><strong>ut</strong></span> <span class='ocrx_word' id='word_1_758' title='bbox 237 4697 394 4767; x_wconf 87' lang='lat' dir='ltr'><strong>probentur,</strong></span> <span class='ocrx_word' id='word_1_759' title='bbox 415 4714 450 4753; x_wconf 91' lang='lat' dir='ltr'><strong>ne</strong></span> <span class='ocrx_word' id='word_1_760' title='bbox 465 4713 531 4754; x_wconf 81' lang='lat' dir='ltr'><strong>vcro</strong></span> <span class='ocrx_word' id='word_1_761' title='bbox 558 4705 686 4769; x_wconf 89' lang='lat' dir='ltr'><strong>putentur</strong></span> <span class='ocrx_word' id='word_1_762' title='bbox 708 4712 808 4770; x_wconf 85' lang='lat' dir='ltr'><strong>magna</strong></span> <span class='ocrx_word' id='word_1_763' title='bbox 835 4697 879 4754; x_wconf 85' lang='lat' dir='ltr'><strong>rel</strong></span> <span class='ocrx_word' id='word_1_764' title='bbox 929 4693 999 4750; x_wconf 90' lang='lat' dir='ltr'><strong>nesti</strong></span> <span class='ocrx_word' id='word_1_765' title='bbox 1013 4695 1123 4750; x_wconf 88' lang='lat' dir='ltr'><strong>nomine</strong></span> <span class='ocrx_word' id='word_1_766' title='bbox 1139 4697 1348 4762; x_wconf 87' lang='lat' dir='ltr'><strong>commendarit,</strong></span> <span class='ocrx_word' id='word_1_767' title='bbox 1365 4695 1427 4769; x_wconf 86' lang='lat' dir='ltr'><strong>quia</strong></span> <span class='ocrx_word' id='word_1_768' title='bbox 1441 4697 1581 4754; x_wconf 86' lang='lat' dir='ltr'><strong>honestius</strong></span> <span class='ocrx_word' id='word_1_769' title='bbox 1595 4697 1660 4769; x_wconf 91' lang='lat' dir='ltr'><strong>quid</strong></span> <span class='ocrx_word' id='word_1_770' title='bbox 1675 4705 1730 4767; x_wconf 90' lang='lat' dir='ltr'><strong>est,</strong></span> 
     </span>
     <span class='ocr_line' id='line_1_60' title="bbox 80 4783 1727 4858; baseline 0.002 -20"><span class='ocrx_word' id='word_1_771' title='bbox 80 4801 196 4852; x_wconf 89' lang='lat' dir='ltr'><strong>summa,</strong></span> <span class='ocrx_word' id='word_1_772' title='bbox 212 4785 311 4841; x_wconf 89' lang='lat' dir='ltr'><strong>dantur</strong></span> <span class='ocrx_word' id='word_1_773' title='bbox 331 4793 358 4840; x_wconf 89' lang='lat' dir='ltr'><strong>et</strong></span> <span class='ocrx_word' id='word_1_774' title='bbox 376 4785 463 4841; x_wconf 89' lang='lat' dir='ltr'><strong>malis.</strong></span> <span class='ocrx_word' id='word_1_775' title='bbox 493 4787 613 4858; x_wconf 85' lang='lat' dir='ltr'><strong>itemque</strong></span> <span class='ocrx_word' id='word_1_776' title='bbox 635 4785 675 4842; x_wconf 90' lang='lat' dir='ltr'><strong>eis</strong></span> <span class='ocrx_word' id='word_1_777' title='bbox 697 4785 827 4842; x_wconf 88' lang='lat' dir='ltr'><strong>tolluntur</strong></span> <span class='ocrx_word' id='word_1_778' title='bbox 851 4793 880 4840; x_wconf 94' lang='lat' dir='ltr'><strong>ut</strong></span> <span class='ocrx_word' id='word_1_779' title='bbox 928 4783 982 4839; x_wconf 90' lang='lat' dir='ltr'><strong>nisi</strong></span> <span class='ocrx_word' id='word_1_780' title='bbox 997 4785 1069 4856; x_wconf 93' lang='lat' dir='ltr'><strong>quod</strong></span> <span class='ocrx_word' id='word_1_781' title='bbox 1076 4784 1164 4856; x_wconf 88' lang='lat' dir='ltr'><strong>magis</strong></span> <span class='ocrx_word' id='word_1_782' title='bbox 1177 4785 1333 4842; x_wconf 89' lang='lat' dir='ltr'><strong>honestum.</strong></span> <span class='ocrx_word' id='word_1_783' title='bbox 1351 4785 1425 4841; x_wconf 92' lang='lat' dir='ltr'><strong>Sicut</strong></span> <span class='ocrx_word' id='word_1_784' title='bbox 1439 4801 1505 4858; x_wconf 89' lang='lat' dir='ltr'><strong>ergo</strong></span> <span class='ocrx_word' id='word_1_785' title='bbox 1520 4787 1592 4842; x_wconf 93' lang='lat' dir='ltr'><strong>hono</strong></span> <span class='ocrx_word' id='word_1_786' title='bbox 1619 4786 1727 4855; x_wconf 88' lang='lat' dir='ltr'><strong>melios,</strong></span> 
     </span>
     <span class='ocr_line' id='line_1_61' title="bbox 80 4873 1727 4948; baseline 0.001 -20"><span class='ocrx_word' id='word_1_787' title='bbox 80 4873 246 4930; x_wconf 89' lang='lat' dir='ltr'><strong>crucientur.</strong></span> <span class='ocrx_word' id='word_1_788' title='bbox 273 4874 408 4930; x_wconf 75' lang='lat' dir='ltr'><strong>Praeterit</strong></span> <span class='ocrx_word' id='word_1_789' title='bbox 435 4875 523 4930; x_wconf 81' lang='lat' dir='ltr'><strong>enirn.</strong></span> <span class='ocrx_word' id='word_1_790' title='bbox 552 4874 669 4948; x_wconf 89' lang='lat' dir='ltr'><strong>[Haimo,</strong></span> <span class='ocrx_word' id='word_1_791' title='bbox 698 4873 878 4948; x_wconf 86' lang='lat' dir='ltr'><strong>Augustinus]</strong></span> <span class='ocrx_word' id='word_1_792' title='bbox 929 4881 955 4927; x_wconf 90' lang='lat' dir='ltr'><strong>et</strong></span> <span class='ocrx_word' id='word_1_793' title='bbox 970 4873 1050 4928; x_wconf 89' lang='lat' dir='ltr'><strong>beato</strong></span> <span class='ocrx_word' id='word_1_794' title='bbox 1065 4873 1168 4929; x_wconf 88' lang='lat' dir='ltr'><strong>beatius</strong></span> <span class='ocrx_word' id='word_1_795' title='bbox 1193 4880 1244 4940; x_wconf 89' lang='lat' dir='ltr'><strong>est,</strong></span> <span class='ocrx_word' id='word_1_796' title='bbox 1273 4873 1342 4930; x_wconf 91' lang='lat' dir='ltr'><strong>sicut</strong></span> <span class='ocrx_word' id='word_1_797' title='bbox 1371 4875 1487 4931; x_wconf 90' lang='lat' dir='ltr'><strong>honesto</strong></span> <span class='ocrx_word' id='word_1_798' title='bbox 1518 4875 1659 4931; x_wconf 87' lang='lat' dir='ltr'><strong>honestius</strong></span> <span class='ocrx_word' id='word_1_799' title='bbox 1677 4882 1727 4945; x_wconf 90' lang='lat' dir='ltr'><strong>est,</strong></span> 
     </span>
     <span class='ocr_line' id='line_1_62' title="bbox 80 4961 1428 5036; baseline 0.002 -19"><span class='ocrx_word' id='word_1_800' title='bbox 80 4961 166 5032; x_wconf 88' lang='lat' dir='ltr'><strong>Quasi</strong></span> <span class='ocrx_word' id='word_1_801' title='bbox 190 4963 261 5019; x_wconf 86' lang='lat' dir='ltr'><strong>dicat</strong></span> <span class='ocrx_word' id='word_1_802' title='bbox 278 4978 284 5017; x_wconf 91' lang='lat'>:</span> <span class='ocrx_word' id='word_1_803' title='bbox 301 4963 366 5019; x_wconf 88' lang='lat' dir='ltr'><strong>ldeo</strong></span> <span class='ocrx_word' id='word_1_804' title='bbox 387 4964 446 5019; x_wconf 87' lang='lat' dir='ltr'><strong>haec</strong></span> <span class='ocrx_word' id='word_1_805' title='bbox 470 4963 562 5018; x_wconf 89' lang='lat' dir='ltr'><strong>mundi</strong></span> <span class='ocrx_word' id='word_1_806' title='bbox 586 4963 638 5019; x_wconf 90' lang='lat' dir='ltr'><strong>alia</strong></span> <span class='ocrx_word' id='word_1_807' title='bbox 663 4963 741 5036; x_wconf 89' lang='lat' dir='ltr'><strong>quasi</strong></span> <span class='ocrx_word' id='word_1_808' title='bbox 756 4979 810 5019; x_wconf 89' lang='lat' dir='ltr'><strong>non</strong></span> <span class='ocrx_word' id='word_1_809' title='bbox 825 4963 880 5018; x_wconf 85' lang='lat' dir='ltr'><strong>sint</strong></span> <span class='ocrx_word' id='word_1_810' title='bbox 930 4961 1002 5034; x_wconf 90' lang='lat' dir='ltr'><strong>quod</strong></span> <span class='ocrx_word' id='word_1_811' title='bbox 1017 4963 1160 5017; x_wconf 90' lang='lat' dir='ltr'><strong>honestum</strong></span> <span class='ocrx_word' id='word_1_812' title='bbox 1178 4961 1263 5018; x_wconf 88' lang='lat' dir='ltr'><strong>voluit</strong></span> <span class='ocrx_word' id='word_1_813' title='bbox 1280 4963 1428 5035; x_wconf 89' lang='lat' dir='ltr'><strong>appellare.</strong></span> 
     </span>
    </p>

    <p class='ocr_par' dir='ltr' id='par_1_15' title="bbox 79 5050 1732 5308">
     <span class='ocr_line' id='line_1_63' title="bbox 80 5050 1732 5126; baseline 0.003 -21"><span class='ocrx_word' id='word_1_814' title='bbox 80 5059 143 5106; x_wconf 91' lang='lat' dir='ltr'><strong>sunt</strong></span> <span class='ocrx_word' id='word_1_815' title='bbox 158 5052 327 5117; x_wconf 75' lang='lat' dir='ltr'><strong>aestimanda,</strong></span> <span class='ocrx_word' id='word_1_816' title='bbox 345 5052 407 5124; x_wconf 88' lang='lat' dir='ltr'><strong>quia</strong></span> <span class='ocrx_word' id='word_1_817' title='bbox 420 5053 523 5123; x_wconf 76' lang='lat' dir='ltr'><strong>figura,</strong></span> <span class='ocrx_word' id='word_1_818' title='bbox 540 5051 568 5106; x_wconf 89' lang='lat' dir='ltr'><strong>id</strong></span> <span class='ocrx_word' id='word_1_819' title='bbox 582 5059 624 5108; x_wconf 91' lang='lat' dir='ltr'><strong>est</strong></span> <span class='ocrx_word' id='word_1_820' title='bbox 637 5052 809 5123; x_wconf 91' lang='lat' dir='ltr'><strong>pulchritudo</strong></span> <span class='ocrx_word' id='word_1_821' title='bbox 822 5067 877 5107; x_wconf 91' lang='lat' dir='ltr'><strong>non</strong></span> <span class='ocrx_word' id='word_1_822' title='bbox 965 5050 1050 5105; x_wconf 80' lang='lat' dir='ltr'><strong>vms.</strong></span> <span class='ocrx_word' id='word_1_823' title='bbox 1067 5053 1164 5106; x_wconf 79' lang='lat' dir='ltr'><strong>so-to.</strong></span> <span class='ocrx_word' id='word_1_824' title='bbox 1180 5081 1214 5091; x_wconf 87' lang='lat'><em>-</em></span> <span class='ocrx_word' id='word_1_825' title='bbox 1229 5052 1336 5125; x_wconf 78' lang='lat' dir='ltr'><strong>Siquis</strong></span> <span class='ocrx_word' id='word_1_826' title='bbox 1354 5056 1450 5109; x_wconf 84' lang='lat' dir='ltr'><strong>antem</strong></span> <span class='ocrx_word' id='word_1_827' title='bbox 1467 5056 1580 5126; x_wconf 83' lang='lat' dir='ltr'><strong>turpem</strong></span> <span class='ocrx_word' id='word_1_828' title='bbox 1597 5067 1626 5108; x_wconf 79' lang='lat' dir='ltr'><strong>aa</strong></span> <span class='ocrx_word' id='word_1_829' title='bbox 1641 5053 1732 5110; x_wconf 79' lang='lat' dir='ltr'><strong>videri</strong></span> 
     </span>
     <span class='ocr_line' id='line_1_64' title="bbox 80 5139 1732 5215; baseline 0.001 -21"><span class='ocrx_word' id='word_1_830' title='bbox 80 5139 240 5206; x_wconf 87' lang='lat' dir='ltr'><strong>substantia,</strong></span> <span class='ocrx_word' id='word_1_831' title='bbox 256 5139 341 5212; x_wconf 78' lang='lat' dir='ltr'><strong>hujus</strong></span> <span class='ocrx_word' id='word_1_832' title='bbox 351 5141 600 5212; x_wconf 85' lang='lat' dir='ltr'><strong>mandiprceterit.</strong></span> <span class='ocrx_word' id='word_1_833' title='bbox 611 5140 690 5196; x_wconf 86' lang='lat' dir='ltr'><strong>idest</strong></span> <span class='ocrx_word' id='word_1_834' title='bbox 701 5141 821 5212; x_wconf 81' lang='lat' dir='ltr'><strong>quotidie</strong></span> <span class='ocrx_word' id='word_1_835' title='bbox 832 5157 877 5196; x_wconf 89' lang='lat' dir='ltr'><strong>se·</strong></span> <span class='ocrx_word' id='word_1_836' title='bbox 928 5140 1732 5215; x_wconf 78' lang='lat' dir='ltr'><strong>existimatsuperuirginesao,pnodsitaaperoduttu,·et</strong></span> 
     </span>
     <span class='ocr_line' id='line_1_65' title="bbox 79 5227 1728 5308; baseline 0.004 -28"><span class='ocrx_word' id='word_1_837' title='bbox 79 5227 176 5294; x_wconf 88' lang='lat' dir='ltr'><strong>nescit,</strong></span> <span class='ocrx_word' id='word_1_838' title='bbox 201 5235 228 5284; x_wconf 88' lang='lat' dir='ltr'><strong>et</strong></span> <span class='ocrx_word' id='word_1_839' title='bbox 251 5228 359 5283; x_wconf 83' lang='lat' dir='ltr'><strong>tandem</strong></span> <span class='ocrx_word' id='word_1_840' title='bbox 380 5227 530 5297; x_wconf 85' lang='lat' dir='ltr'><strong>injudicio</strong></span> <span class='ocrx_word' id='word_1_841' title='bbox 553 5229 752 5286; x_wconf 87' lang='lat' dir='ltr'><strong>mundanorum</strong></span> <span class='ocrx_word' id='word_1_842' title='bbox 775 5229 878 5302; x_wconf 87' lang='lat' dir='ltr'><strong>ignium</strong></span> <span class='ocrx_word' id='word_1_843' title='bbox 929 5229 971 5284; x_wconf 86' lang='lat' dir='ltr'><strong>ito</strong></span> <span class='ocrx_word' id='word_1_844' title='bbox 986 5231 1095 5299; x_wconf 82' lang='lat' dir='ltr'><strong>oportet</strong></span> <span class='ocrx_word' id='word_1_845' title='bbox 1108 5228 1180 5298; x_wconf 79' lang='lat' dir='ltr'><strong>ficri,</strong></span> <span class='ocrx_word' id='word_1_846' title='bbox 1192 5230 1452 5302; x_wconf 77' lang='lat' dir='ltr'><strong>qoodvottsociot,·</strong></span> <span class='ocrx_word' id='word_1_847' title='bbox 1467 5245 1523 5286; x_wconf 88' lang='lat' dir='ltr'><strong>non</strong></span> <span class='ocrx_word' id='word_1_848' title='bbox 1538 5229 1728 5308; x_wconf 80' lang='lat' dir='ltr'><strong>peccotatnn-</strong></span> 
     </span>
    </p>
   </div>
   <div class='ocr_carea' id='block_1_15' title="bbox 113 5404 1365 5607">
    <p class='ocr_par' dir='ltr' id='par_1_16' title="bbox 113 5404 1365 5607">
     <span class='ocr_line' id='line_1_66' title="bbox 113 5404 1365 5472; baseline 0.001 -15"><span class='ocrx_word' id='word_1_849' title='bbox 113 5405 165 5472; x_wconf 74' lang='grc'>(88)</span> <span class='ocrx_word' id='word_1_850' title='bbox 184 5407 576 5472; x_wconf 77' lang='lat' dir='ltr'><strong>Augustinusinpsalmoaxam.</strong></span> <span class='ocrx_word' id='word_1_851' title='bbox 962 5405 1005 5468; x_wconf 75' lang='lat'><strong>(85</strong></span> <span class='ocrx_word' id='word_1_852' title='bbox 1035 5404 1082 5469; x_wconf 89' lang='lat' dir='ltr'><strong>ld.,</strong></span> <span class='ocrx_word' id='word_1_853' title='bbox 1095 5405 1130 5457; x_wconf 85' lang='lat' dir='ltr'><strong>tte</strong></span> <span class='ocrx_word' id='word_1_854' title='bbox 1141 5407 1227 5458; x_wconf 83' lang='lat' dir='ltr'><strong>sancta</strong></span> <span class='ocrx_word' id='word_1_855' title='bbox 1238 5405 1365 5458; x_wconf 84' lang='lat' dir='ltr'><strong>viduitate.</strong></span> 
     </span>
     <span class='ocr_line' id='line_1_67' title="bbox 127 5469 1364 5539; baseline 0.002 -14"><span class='ocrx_word' id='word_1_856' title='bbox 127 5473 545 5539; x_wconf 79' lang='lat' dir='ltr'><strong>8³[1d„1tesernroncinrnoute.</strong></span> <span class='ocrx_word' id='word_1_857' title='bbox 963 5471 1006 5538; x_wconf 85' lang='grc'><strong>(88</strong></span> <span class='ocrx_word' id='word_1_858' title='bbox 1035 5469 1364 5537; x_wconf 63' lang='lat' dir='ltr'><strong>inmansuetissime.</strong></span> 
     </span>
     <span class='ocr_line' id='line_1_68' title="bbox 127 5539 761 5607; baseline 0.003 -14"><span class='ocrx_word' id='word_1_859' title='bbox 127 5539 170 5604; x_wconf 79' lang='grc'><strong>84)</strong></span> <span class='ocrx_word' id='word_1_860' title='bbox 189 5541 236 5607; x_wconf 80' lang='lat' dir='ltr'><strong>ld,</strong></span> <span class='ocrx_word' id='word_1_861' title='bbox 249 5541 277 5594; x_wconf 92' lang='lat' dir='ltr'><strong>ln</strong></span> <span class='ocrx_word' id='word_1_862' title='bbox 289 5541 391 5605; x_wconf 80' lang='lat' dir='ltr'><strong>ephtula</strong></span> <span class='ocrx_word' id='word_1_863' title='bbox 403 5540 624 5606; x_wconf 74' lang='lat' dir='ltr'><strong>adtutthcandum</strong></span> <span class='ocrx_word' id='word_1_864' title='bbox 637 5541 761 5597; x_wconf 86' lang='lat' dir='ltr'><strong>comitem.</strong></span> 
     </span>
    </p>
   </div>
   <div class='ocr_carea' id='block_1_16' title="bbox 0 0 1945 6322">
    <p class='ocr_par' dir='ltr' id='par_1_17' title="bbox 0 0 1945 6322">
     <span class='ocr_line' id='line_1_69' title="bbox 0 0 1945 6322; baseline 0 0"><span class='ocrx_word' id='word_1_865' title='bbox 0 0 1945 6322; x_wconf 95' lang='lat' dir='ltr'><strong> </strong></span> 
     </span>
    </p>
   </div>
  </div>
 </body>
</html>
