3906 6056
138 133 208 189 tta't
810 123 913 180 PETRI
934 120 1115 179 coublans
1300 155 1309 168 ·
1711 125 1791 182 “28

136 256 254 312 nationis
276 270 348 311 nuuc
377 261 418 310 εει
434 253 503 308 sicut
518 251 545 306 in
569 249 693 324 sequenti
716 247 878 315 ostenditur,
906 249 969 310 ειΔ
982 247 1017 303 ad
1050 246 1123 302 rnala
1155 248 1252 304 trabat.
1284 247 1453 314 luctabatur,
1482 262 1538 303 non
1569 247 1788 322 subjugabatur.

136 353 226 400 tamen
241 343 331 399 adbuc
340 357 370 398 se
385 357 447 398 csse
462 339 608 406 carnalem,
624 337 690 395 dicit
703 337 746 394 his
753 337 844 394 verbis
860 338 932 408 :ligo
1018 335 1058 391 De
1074 351 1103 391 se
1118 337 1176 392 haec
1191 336 1239 391 tibi
1253 336 1390 408 proponit,
1405 352 1440 392 ne
1453 337 1489 392 de
1501 337 1554 392 hoc
1563 336 1694 408 desperes
1704 335 1787 392 vitae.

134 436 231 488 cotem
240 431 366 488 earnalia
376 446 449 486 som.
460 427 545 498 Quasi
554 427 627 485 dicat
639 442 645 481 :
657 427 712 482 Lex
723 431 764 482 est
774 424 931 496 spiritualis,
983 422 1125 479 Constituit
1141 424 1188 479 tibi
1199 432 1263 480 aute
1277 423 1370 480 oculos
1386 440 1506 496 pugnam
1530 440 1617 489 suam,
1633 440 1668 480 ne
1695 424 1790 479 time-

135 527 288 592 egoautem
303 518 419 576 carnalis
433 533 494 573 sum
509 515 593 588 (2⁰0).
611 516 676 572 llaec
692 530 747 570 non
774 513 933 570 indecenter
983 529 1029 569 res
1043 519 1127 568 tuam.
1145 512 1174 569 Si
1187 512 1259 568 enim
1273 513 1326 570 hoc
1340 528 1394 568 non
1414 513 1528 570 dixisset
1540 513 1697 584 Apostolus,
1715 527 1789 568 cum

137 609 219 664 etiarn
234 609 269 663 de
283 607 374 678 seipso
389 607 452 662 dicit
476 604 633 677 Apostolus,
657 603 806 660 secundum
821 617 933 659 carnem
983 600 1091 656 videres
1119 601 1365 673 concupiscentiam
1392 601 1497 658 moveri
1513 601 1542 656 in
1555 601 1685 657 membris
1712 600 1787 667 tuis,

135 696 256 768 qnandiu
270 695 315 752 hie
332 695 404 764 vivit,
421 701 533 765 propter
547 691 637 750 carnis
651 699 741 748 motus
756 707 825 763 quos
842 689 931 758 sentit,
983 689 1156 761 desperares,
1172 697 1199 746 et
1222 689 1352 746 diceres:
1369 690 1399 745 Si
1426 689 1461 746 ad
1486 690 1573 746 Deum
1599 690 1785 761 pertinerem,

136 785 227 840 ethos
241 783 323 840 etiam
351 781 487 838 benedicit
509 780 598 837 omnis
627 787 746 836 sanctus.
776 779 852 833 Idem
866 792 933 848 ergo
983 793 1038 833 non
1052 778 1090 834 sic
1104 793 1241 834 moverer.
1255 778 1322 834 Vide
1330 785 1421 834 autern
1430 778 1785 850 Apostolumpugnsntem,

138 871 287 943 spiritualis
299 941 301 947 .
315 879 357 927 est
377 871 505 940 idemque
533 867 671 936 carnalis,
697 865 853 939 spiritualis,
869 865 933 938 quia
983 873 1010 922 et
1022 864 1079 921 noli
1093 872 1122 921 te
1134 864 1226 922 iacere
1247 865 1437 938 desperantem
1452 866 1538 938 (2⁰5).
1553 865 1584 922 Si
1593 870 1699 932 actem,
1723 873 1786 921 etc.

138 959 287 1016 secundum
299 959 424 1031 spiritum
438 957 521 1025 vivit;
538 956 664 1022 carnalis,
688 954 750 1027 quia
764 953 853 1011 carnis
868 969 933 1010 con·
983 953 1065 1023 Quasi
1074 954 1148 1010 dicat
1164 969 1171 1010 :
1187 953 1258 1011 Odio
1273 955 1347 1027 quod
1360 954 1439 1022 facio,
1455 957 1482 1011 si
1496 958 1593 1011 actem
1612 954 1683 1028 qood
1700 956 1786 1020 nolo,

138 1048 322 1119 cupiscentias
348 1047 437 1102 sentit.
467 1045 521 1100 Sed
550 1059 604 1099 non
632 1049 705 1100 totus
725 1042 853 1109 carnalis,
870 1042 933 1114 quia
983 1049 1126 1112 exmente,
1147 1042 1220 1098 tttod
1243 1044 1318 1115 socio
1334 1058 1368 1098 ex
1395 1058 1487 1112 carne,
1503 1041 1531 1098 id
1559 1050 1602 1098 est
1618 1042 1682 1098 uolo
1710 1042 1788 1097 illud

137 1134 364 1206 concupiscentiis
379 1150 433 1189 non
449 1132 593 1188 consentit.
611 1133 651 1186 lix
672 1138 751 1202 parte
762 1131 846 1203 igitur
854 1145 932 1186 mor·
984 1130 1057 1202 quod
1079 1129 1161 1198 iccio,
1190 1130 1293 1187 scilicet
1316 1131 1521 1202 concupiscere,
1540 1147 1607 1202 ergo
1630 1132 1786 1187 amentio

135 1223 180 1277 tali
191 1222 308 1278 carnalis
323 1229 374 1288 εει,
391 1238 424 1277 ex
439 1227 514 1292 parte
530 1218 666 1291 spirituali
683 1217 831 1290 spiritualis
846 1216 930 1290 (aot).
984 1219 1046 1291 legi,
1063 1218 1091 1273 id
1118 1226 1159 1274 est
1172 1219 1264 1290 legem
1289 1218 1382 1275 laudat
1408 1219 1533 1276 voluntas
1557 1235 1629 1286 mea,
1646 1235 1708 1292 quse
1722 1234 1787 1274 non

135 1311 177 1365 Ex
190 1317 265 1382 parte
278 1309 394 1376 meliori,
405 1308 562 1380 spiritualis,
580 1323 613 1363 ex
638 1315 715 1377 parte
731 1305 855 1362 interiori
869 1321 932 1362 cer-
983 1307 1117 1363 consentit
1134 1307 1363 1379 concupiscentie
1377 1308 1476 1374 carnis,
1492 1307 1565 1381 quod
1584 1307 1629 1364 lex
1650 1305 1786 1379 prohibet

135 1397 204 1453 nelis
227 1405 277 1454 est.
300 1399 334 1453 Et
358 1397 421 1469 quia
449 1397 500 1452 hoc
523 1412 556 1452 ex
580 1402 692 1468 peccato
714 1394 796 1466 primi
814 1392 933 1450 bominis
983 1411 1045 1466 quae
1057 1394 1130 1462 dicit,
1147 1413 1205 1452 con
1218 1397 1408 1469 concupisces,
1424 1397 1489 1469 quia
1503 1396 1575 1470 quod
1589 1396 1785 1452 noloconsen-

136 1487 262 1553 accessit,
281 1485 394 1540 subdit:
419 1487 489 1558 ligo,
507 1484 579 1551 dico,
604 1483 786 1541 venumdatus
799 1481 848 1538 sub
864 1497 932 1553 pec·
983 1483 1021 1539 tio
1034 1483 1098 1555 legi,
1115 1499 1170 1540 non
1184 1484 1248 1557 quia
1265 1484 1333 1540 illud
1357 1499 1421 1558 ago.
1445 1484 1525 1554 Quod
1548 1483 1622 1540 enim
1649 1483 1691 1540 lex
1707 1484 1779 1550 odit,

136 1584 207 1645 cato,
221 1574 249 1631 id
265 1583 307 1630 est
320 1573 408 1647 pretio
423 1572 502 1630 malae
530 1572 675 1644 voluptatis
698 1572 775 1638 Adae,
794 1571 932 1640 subjectus
946 1588 1044 1659 Bago,
1061 1572 1144 1628 idest
1159 1588 1213 1628 non
1228 1574 1371 1645 approbat,
1387 1573 1452 1630 durn
1473 1573 1627 1630 consentire
1641 1573 1780 1643 probibet,

137 1671 258 1736 peccato,
275 1663 303 1718 id
326 1670 368 1718 est
391 1661 628 1732 concupiscentiae.
659 1661 718 1718 llos
736 1659 807 1716 enim
827 1658 933 1731 peccati
983 1660 1026 1717 cui
1039 1659 1068 1714 in
1096 1661 1149 1718 boc
1171 1661 1331 1730 consentio;
1348 1669 1375 1717 et
1397 1663 1462 1734 quie
1490 1661 1716 1733 concupiscentiae
1730 1677 1781 1717 re-

136 1751 246 1809 nomiue
261 1751 387 1822 appellat.
415 1750 493 1807 Unde
517 1749 642 1806 oriuntur
665 1748 755 1805 omnia
770 1755 890 1819 peccata,
905 1746 934 1801 id
983 1748 1060 1815 sisto,
1073 1757 1166 1806 averto
1181 1757 1310 1818 mentem,
1327 1765 1399 1822 nego
1421 1765 1506 1816 arma,
1537 1757 1618 1806 teneo
1642 1750 1778 1806 membra.

139 1849 181 1898 est
207 1839 308 1896 carnali
331 1837 554 1910 concupiscentia
590 1837 676 1909 (202).
706 1834 844 1907 Quidquid
861 1835 934 1890 enirn
982 1838 1018 1892 Et
1031 1845 1122 1893 tamen
1136 1836 1165 1893 fit
1178 1837 1207 1893 iu
1221 1853 1265 1894 me
1281 1838 1354 1910 quod
1369 1837 1441 1906 nolo,
1457 1838 1535 1911 quod
1544 1853 1599 1893 non
1614 1838 1671 1894 vult
1684 1847 1711 1894 et
1721 1838 1778 1895 lex.

137 1937 312 2002 peccatorum
328 1935 369 1983 est
382 1928 411 1982 in
424 1926 514 1993 dictis,
528 1926 556 1980 in
564 1923 651 1991 iactis,
668 1925 695 1980 in
711 1923 931 1997 cogitationibus,
983 1924 1052 1980 Volo
1067 1926 1139 1981 idern
1155 1941 1217 1982 curn
1232 1927 1304 2000 lege,
1322 1926 1386 1998 quia
1404 1926 1478 1998 quod
1504 1940 1560 1982 non
1585 1925 1643 1984 vult
1659 1926 1734 1993 nolo,
1750 1934 1781 1983 et

136 2033 192 2074 non
206 2017 291 2073 oritur
305 2015 357 2070 nisi
372 2031 404 2071 ex
419 2015 496 2071 mala⁴
519 2013 747 2085 concupiscentia,
765 2028 826 2084 quse
840 2028 856 2067 a
869 2027 933 2082 pec-
983 2020 1074 2070 omen
1087 2013 1166 2081 lacio,
1179 2015 1228 2070 sed
1243 2015 1268 2070 ei
1282 2029 1336 2071 non
1350 2015 1500 2081 consentio,
1517 2014 1571 2072 imo
1585 2014 1642 2086 legi
1664 2023 1689 2070 ει
1699 2015 1782 2070 testis

137 2113 196 2162 cato
212 2103 285 2161 iacta
303 2111 354 2170 est,
371 2111 398 2159 et
425 2103 449 2158 si
470 2102 687 2159 consentientem
714 2099 825 2156 traxerit
852 2108 934 2172 atque
984 2118 1043 2157 aum
1058 2102 1123 2174 quie
1136 2103 1209 2159 bona
1221 2110 1271 2169 est,
1297 2102 1426 2176 quoniam
1447 2103 1520 2159 idern
1534 2102 1597 2160 volo
1623 2103 1696 2175 quod
1721 2103 1780 2160 lex.

136 2193 262 2261 illexerit,
278 2191 395 2264 concipit
408 2191 534 2264 paritque
548 2197 701 2263 peccatum.
983 2189 1055 2247 Dicit
1069 2189 1140 2246 enim
1156 2190 1210 2259 lex,
1226 2209 1283 2248 noc
1305 2193 1494 2264 concupisces,
1511 2198 1538 2248 et
1552 2207 1604 2264 ego
1631 2193 1694 2247 nolo
1708 2207 1779 2248 con-

172 2285 322 2354 Apeccato
337 2288 465 2354 ergoest,
481 2280 509 2335 id
524 2286 566 2336 est
580 2294 597 2334 a
627 2277 729 2345 inmite,
752 2285 778 2334 et
791 2283 934 2348 peccatum
983 2279 1143 2351 cupiscere;
1160 2281 1184 2335 si
1198 2280 1297 2337 vellem
1310 2280 1516 2353 concupiscere,
1526 2281 1582 2354 legi
1596 2296 1651 2337 non
1661 2296 1781 2338 consen·

135 2371 188 2426 nisi
212 2368 375 2437 refrenetur,
400 2376 526 2440 generat.
564 2365 644 2435 Quod
672 2366 745 2422 enim
772 2365 935 2422 determinat
983 2367 1045 2424 tire.
1069 2369 1148 2425 Nunc
1175 2376 1265 2424 autem
1289 2368 1363 2442 quod
1390 2384 1444 2425 non
1472 2370 1530 2425 urit
1547 2369 1621 2436 nolo,
1650 2377 1677 2425 et
1704 2371 1781 2442 quod

136 2458 253 2532 qualiter
281 2473 310 2514 se
338 2458 477 2514 carnalem
505 2456 623 2523 dixerat,
640 2456 703 2527 quia
730 2469 786 2510 non
804 2460 934 2525 operatur
983 2457 1121 2524 vnltvolo,
1138 2465 1165 2513 et
1178 2458 1250 2529 quod
1261 2457 1340 2528 jubet
1367 2456 1448 2524 iccio,
1465 2458 1530 2531 quia
1552 2457 1782 2530 concupiscentiae

138 2548 211 2619 quod
224 2546 366 2619 approbat,
383 2552 410 2600 et
436 2547 555 2610 noceat,
579 2559 645 2601 vere
660 2543 710 2598 sub
737 2550 850 2615 peccato
862 2558 932 2596 sum.
984 2561 1039 2602 non
1049 2545 1200 2602 consentio.
1217 2545 1407 2620 [Augustinus]
1424 2547 1521 2604 Fervet
1536 2561 1603 2620 ergo
1618 2563 1709 2619 pugna
1724 2562 1782 2604 non

140 2634 301 2702 octodecim
322 2648 428 2705 operor,
447 2649 506 2688 coo
523 2629 749 2704 intelligemus]
771 2632 815 2686 oei
836 2631 933 2702 ipremo
983 2635 1186 2706 concupiscere.
1215 2636 1341 2707 Namque
1367 2635 1478 2691 omnino
1507 2635 1620 2707 perlecti
1635 2643 1696 2703 est;
1716 2644 1781 2708 post

137 2721 230 2794 (2⁰4);
246 2720 301 2777 alia
314 2719 412 2786 littera,
424 2720 501 2776 idest
515 2735 570 2775 non
585 2719 720 2790 approbo,
730 2733 786 2774 non
808 2723 932 2788 accepto,
984 2722 1218 2794 concupiscentias
1232 2739 1300 2780 vero
1319 2739 1374 2779 non
1388 2723 1429 2780 ire
1457 2724 1584 2780 luctantis
1613 2731 1664 2792 est,
1680 2733 1706 2780 et
1735 2724 1781 2780 la-

135 2825 190 2866 non
206 2808 271 2864 rnihi
284 2808 385 2881 placet,
394 2823 449 2864 non
460 2807 611 2864 consentio.
621 2806 706 2862 Aliter
716 2805 789 2862 enirn
798 2805 935 2862 videretur
983 2802 1115 2867 humatis.
1140 2811 1256 2868 Attende
1287 2811 1424 2884 quomodo
1451 2810 1525 2870 dicct
1552 2813 1719 2885 Augustinus
1733 2814 1779 2870 bic

135 2897 299 2956 contrarium
314 2913 377 2954 esse
391 2896 429 2952 illi
444 2895 585 2954 sententiar
615 2911 669 2967 que
683 2895 759 2966 dixit,
780 2896 932 2968 peceatum
982 2899 1074 2972 legem
1083 2899 1156 2956 nolle
1170 2900 1244 2971 quod
1258 2900 1368 2956 nolebat
1382 2900 1537 2971 Apostolus.
1547 2901 1694 2957 llludenim
1704 2903 1780 2974 quod

135 2989 318 3061 uioppareot
339 2989 488 3059 peceatum
503 3001 554 3058 per
580 2984 761 3041 mandatum.
790 2981 933 3052 Quomodo
982 2988 1129 3060 Apostolus
1144 2988 1262 3056 nolebat,
1286 2996 1313 3044 et
1336 2997 1425 3044 tamen
1438 2987 1564 3058 iaciebat,
1580 2990 1780 3061 concupiscan-

136 3077 209 3133 enim
223 3083 335 3148 apparet
355 3075 379 3130 si
395 3073 559 3146 ignoraturi
570 3073 625 3130 Sed
652 3072 761 3145 ignoro,
780 3071 819 3128 sic
833 3071 933 3127 dictum
982 3077 1020 3133 tia
1039 3084 1090 3144 esa,
1107 3093 1168 3150 quae
1183 3085 1224 3133 est
1239 3077 1265 3132 in
1280 3078 1370 3149 primo
1385 3084 1459 3133 motu
1474 3093 1535 3150 quae
1549 3078 1781 3151 estvenielepec-

136 3173 188 3235 est,
204 3166 257 3222 hoc
271 3165 342 3234 loeo,
358 3171 387 3218 ut
410 3163 587 3235 intelligatur,
604 3177 660 3217 uon
674 3161 808 3233 approbo.
827 3161 933 3217 Secun·
983 3173 1083 3223 catum.
1100 3164 1129 3221 Si
1144 3181 1211 3237 ergo
1224 3166 1268 3222 lex
1283 3164 1382 3222 dicitur
1395 3162 1471 3221 illam
1484 3167 1567 3236 nolle,
1583 3165 1610 3222 id
1627 3175 1668 3224 est
1681 3168 1780 3239 probi-

135 3253 201 3308 dum
217 3253 288 3309 hanc
304 3252 468 3309 locutionem
483 3250 549 3306 dicit
563 3250 696 3306 Dominus
719 3249 909 3321 peccatoribus
925 3264 931 3304 :
983 3254 1058 3321 bere,
1069 3261 1132 3310 tuuc
1153 3254 1281 3326 probibet
1295 3251 1401 3310 veniale
1416 3262 1566 3326 peccatum,
1583 3263 1609 3310 et
1634 3256 1711 3326 jubet
1725 3257 1780 3313 ali-

137 3343 197 3398 Non
226 3341 292 3396 noui
319 3355 364 3396 cos
390 3338 502 3410 (dotti.
534 3339 595 3410 vti).
626 3338 688 3394 Non
711 3337 784 3393 enim
803 3353 865 3393 eum
880 3335 933 3392 oli·
985 3343 1137 3416 quidquod
1152 3343 1263 3400 omnino
1277 3340 1336 3399 lieri
1351 3358 1404 3400 uon
1420 3344 1781 3414 potest.Praetereucontra-

135 3427 201 3501 quid
219 3427 293 3484 latet.
315 3427 369 3483 Sed
398 3426 463 3500 qnia
491 3432 604 3497 peccata
631 3441 686 3482 non
713 3425 887 3482 inveniuntur
905 3425 934 3479 in
983 3431 1053 3486 mum
1068 3427 1174 3487 videtur
1188 3431 1224 3498 ei,
1241 3431 1389 3504 quodalibi
1401 3431 1500 3504 legitur
1512 3431 1559 3488 ubi
1572 3432 1777 3505 dicitnrpmbi-

134 3516 238 3588 regulis
251 3522 453 3588 praeceptorum
475 3529 543 3588 quas
564 3513 645 3570 habet
659 3514 778 3581 totilas,
795 3513 857 3569 ideo
875 3513 934 3585 ipso
983 3518 1040 3576 beri
1056 3520 1130 3591 quod
1144 3535 1199 3575 nou
1214 3519 1356 3590 potestatis
1371 3527 1471 3576 nostrae
1485 3527 1536 3577 εει.
1553 3519 1622 3579 illud
1634 3537 1699 3578 vero
1711 3539 1777 3594 per-

135 3605 240 3662 verius
254 3603 328 3668 dicit,
345 3621 403 3661 coc
416 3605 499 3672 covi,·
516 3611 543 3659 et
566 3602 715 3674 Apostolus
733 3602 808 3673 dicit,
824 3605 931 3675 ignoro,
983 3608 1052 3663 mitti
1067 3608 1139 3680 quod
1155 3606 1241 3664 vitare
1255 3623 1310 3665 non
1324 3624 1472 3681 possumus
1486 3625 1569 3682 super
1584 3609 1658 3665 illurn
1668 3611 1775 3668 locuni:

137 3702 163 3750 ει
192 3708 257 3750 vere
285 3709 344 3748 con
366 3693 497 3765 approbo.
518 3693 579 3748 Noc
609 3693 686 3749 enim
701 3707 752 3763 apo
767 3692 817 3748 boc
832 3692 934 3748 ionum
983 3696 1156 3763 Irascimini,
1173 3701 1201 3754 et
1212 3699 1304 3754 nolite
1315 3713 1433 3770 peecare
1444 3698 1531 3770 (Psoi.
1543 3702 1594 3770 iv).
1607 3699 1648 3754 Ad
1659 3699 1732 3771 quod
1742 3699 1780 3754 di·

137 3783 208 3856 quod
231 3781 309 3848 volo,
335 3781 439 3837 scilicet
459 3795 514 3836 non
537 3780 751 3851 concupiscere;
768 3777 816 3836 sed
843 3779 934 3851 potius
984 3786 1071 3842 cimus
1085 3785 1175 3857 legem
1186 3801 1293 3843 omnem
1302 3784 1424 3842 illicitam
1439 3787 1776 3858 concupiscentiamnolle.

138 3871 208 3928 facio
221 3870 288 3926 illud
314 3871 416 3925 malurn
440 3870 513 3942 quod
541 3870 596 3938 odi,
613 3867 641 3925 id
668 3878 710 3926 est
722 3869 886 3941 concupisco
901 3885 934 3926 ex
985 3871 1039 3930 Sed
1051 3873 1131 3929 aliter
1145 3874 1246 3931 dicitur
1259 3875 1331 3931 nolle
1346 3875 1595 3945 concupiscentiam
1610 3893 1672 3948 quae
1694 3883 1736 3932 est
1750 3876 1779 3932 in

138 3975 239 4026 came;
265 3965 292 4015 ει
319 3959 343 4013 εἰ
370 3974 425 4015 non
446 3974 589 4015 assensum
614 3959 725 4030 praebeo
755 3975 788 4013 ex
816 3957 933 4026 ratione,
983 3963 1072 4034 primo
1096 3971 1189 4032 ructu,
1208 3963 1287 4020 aliter
1315 3963 1561 4035 concupiscentiam
1590 3964 1778 4021 delectationis

137 4048 226 4104 adhuc
242 4047 370 4118 confligo,
387 4047 506 4103 nondum
520 4047 582 4104 vici.
599 4049 729 4120 Magnum
743 4055 785 4103 est
795 4046 861 4102 rnibi
875 4063 935 4103 cer·
985 4060 1011 4107 et
1025 4066 1186 4108 consensus.
1203 4051 1281 4108 illam
1310 4051 1410 4124 quippe
1424 4067 1479 4109 non
1502 4052 1569 4117 vult,
1586 4053 1613 4108 id
1627 4060 1668 4109 est
1682 4069 1777 4125 repro-

137 4144 240 4202 tamen,
257 4135 322 4207 quie
350 4141 377 4190 ει
400 4135 423 4190 si
452 4135 679 4207 concupiscentiae
698 4151 753 4191 non
781 4136 933 4204 consentio,
984 4140 1039 4208 bat,
1065 4141 1224 4207 detestatur,
1251 4149 1391 4211 peccatum
1408 4157 1468 4197 esse
1483 4141 1610 4198 ostendit.
1623 4143 1697 4198 llanc
1711 4159 1778 4199 vero

138 4231 230 4280 tamen
244 4223 334 4279 adbuc
349 4222 522 4294 concupisco,
540 4231 566 4278 et
580 4223 653 4296 quod
668 4224 730 4279 nolo
745 4222 825 4280 lacio.
852 4224 934 4281 Facio
985 4244 1040 4285 uon
1055 4229 1137 4285 modo
1151 4229 1271 4285 ostendit
1284 4245 1346 4286 esse
1359 4236 1501 4300 punctum,
1512 4221 1608 4286 veroni
1623 4231 1703 4286 etiam
1715 4245 1781 4302 pro-

137 4329 205 4384 ersso
220 4311 381 4384 00000010,
397 4310 465 4367 5⁸050
494 4311 567 4382 q1¹0d
586 4311 661 4366 0d10·
678 4310 750 4380 Quid
766 4311 854 4368 odio?
868 4328 933 4369 oon·
946 4309 1280 4391 Dbibet,utintelligstur
1298 4319 1371 4390 quod
1385 4318 1546 4398 dictumest,
1560 4335 1618 4375 oon
1628 4322 1780 4393 consopia-

137 4401 289 4473 cupiscere.
314 4398 502 4474 [Augustinus]
527 4399 588 4455 Non
616 4399 688 4456 enirn
707 4407 749 4456 est
777 4399 934 4472 intelligeu·
984 4406 1121 4474 resideat
1135 4407 1382 4478 concupiscentiam
1399 4407 1624 4474 caruis,omnino
1641 4417 1780 4479 peccatum

136 4490 200 4546 dum
228 4489 301 4562 quod
324 4488 472 4560 Apostolus
499 4486 581 4544 vellet
596 4500 658 4544 esse
684 4496 785 4557 castus,
811 4497 838 4544 et
861 4498 934 4545 esset
984 4511 1046 4552 esse
1057 4496 1135 4561 scito,
1148 4495 1391 4568 etquanturnvales
1401 4504 1497 4552 caveto
1505 4495 1779 4568 (iodiNuucautern

136 4578 260 4646 adulter,
285 4578 329 4635 vel
356 4577 511 4634 misericors
531 4584 558 4632 et
587 4583 659 4633 esset
683 4576 822 4645 crudelis,
839 4585 866 4634 et
880 4578 932 4633 alia
985 4583 1125 4642 dieofaoio
1139 4585 1212 4655 quod
1227 4583 1301 4653 nolo,
1324 4599 1397 4639 nunc
1409 4591 1515 4654 autem,
1532 4601 1584 4656 ego
1598 4585 1712 4640 interior
1730 4587 1780 4642 bo-

134 4665 307 4737 hujusmodi;
324 4667 373 4722 sed
393 4666 507 4722 audiens
521 4665 611 4740 legem
635 4665 778 4736 dicentem,
795 4683 851 4724 non
867 4683 933 4724 con·
984 4689 1039 4740 mo,
1053 4673 1110 4743 jam
1125 4672 1281 4744 redemptus
1292 4672 1348 4741 jam
1370 4679 1484 4743 accepta
1505 4673 1592 4744 gratia
1606 4670 1716 4742 Cbristi,
1732 4675 1779 4746 qui

135 4755 271 4826 cupiscas,
301 4754 395 4812 vitium
423 4753 544 4826 agnovit,
565 4762 591 4810 et
605 4755 683 4823 odit;
701 4754 803 4811 bellurn
828 4755 932 4824 habuit,
984 4759 1022 4816 lui
1036 4768 1098 4816 ante
1109 4761 1159 4816 sub
1173 4767 1286 4832 peccato
1301 4760 1489 4825 venumdatus,
1506 4777 1564 4817 oon
1578 4775 1677 4832 operor
1694 4762 1778 4817 iliad.

136 4843 201 4916 quie
222 4841 331 4900 volebat
353 4857 407 4898 nou
429 4842 634 4914 concupiscere,
663 4851 690 4900 et
713 4843 932 4915 concupiscebat.
984 4844 1081 4902 Libera
1091 4853 1132 4901 est
1146 4845 1218 4900 enim
1233 4859 1322 4913 mens,
1338 4844 1387 4900 sed
1400 4859 1466 4900 caro
1481 4845 1596 4916 captiva.
1614 4845 1692 4901 Unde
1715 4846 1780 4900 sub-

134 4933 200 4990 ldeo
214 4931 289 4999 dicit,
306 4933 380 5006 quod
394 4932 457 4988 nolo
479 4931 558 5000 facio,
574 4933 603 4988 id
625 4941 666 4989 εει
681 4934 855 5005 concupisco.
870 4935 933 4990 Non
984 4929 1024 4985 dit
1045 4929 1093 4986 aed
1117 4933 1277 5001 peccatum,
1303 4927 1493 5002 [Augustinus]
1504 4927 1532 4984 id
1545 4937 1587 4984 est
1602 4929 1689 4985 lomes
1711 4945 1780 5000 pec-

137 5023 210 5097 qnod
237 5030 300 5096 post
329 5021 577 5093 concupiscentiam
597 5029 640 5078 eat
657 5022 814 5094 Apostolus,
830 5030 934 5080 etcum
985 5017 1047 5086 cati,
1061 5017 1340 5091 quiboiitcticme,
1356 5017 1409 5074 boc
1432 5021 1474 5074 est
1487 5016 1516 5072 in
1536 5032 1617 5075 earne
1631 5033 1711 5085 ιιιεες
1728 5018 1781 5074 etsi

151 5247 157 5262 ,
172 5200 243 5267 (000)
258 5202 406 5267 Augustinus
416 5202 447 5253 de
459 5202 528 5253 verb.
542 5194 659 5267 Apostoli.
1020 5196 1089 5262 (0040
1103 5197 1261 5260 Augrrstinus,
1272 5196 1316 5247 lib.
1329 5197 1363 5248 83
1374 5196 1508 5259 Qoaestion.

173 5265 245 5330 (aot)
257 5267 305 5331 ld.=,
318 5269 362 5320 ttb.
373 5267 406 5318 8³
419 5269 549 5331 Quesbon.
1018 5263 1078 5328 (205
1103 5263 1151 5327 ld,
1164 5265 1198 5315 lte
1208 5261 1278 5314 verb.
1292 5263 1409 5328 Apostoli.

183 5332 233 5383 202
258 5331 306 5397 ld,
318 5337 402 5386 contra
415 5335 487 5387 iulia.
1019 5329 1079 5398 (206
1104 5329 1151 5394 ld,
1165 5331 1190 5382 iu
1202 5329 1257 5383 eod.

186 5399 236 5452 203
258 5397 307 5463 ld„
318 5399 348 5451 de
364 5399 434 5452 verb.
448 5402 567 5465 Apostoll.
