3906 6056
248 121 318 178 1503

928 111 1034 168 ΡΕΤιιΙ
1046 106 1226 168 coaetant
1804 129 1831 180 lb

245 242 361 300 inimicis
374 242 430 298 suia
444 242 527 299 velint
542 255 558 296 a
572 240 689 298 Domino
712 239 856 306 vindicari,
872 239 900 294 iu
916 254 969 311 quo
984 236 1081 297 dis-A
1095 251 1157 292 esse
1171 252 1261 307 pares.
1279 237 1354 309 (³57)
1369 235 1457 306 Quam
1472 237 1636 310 superbiam
1650 243 1836 303 remoretlirts

242 339 399 388 cernuntur.
417 331 470 387 Sed
486 331 574 387 bonus
589 330 678 404 magis
693 331 766 402 cupit
790 329 891 401 corrigi
906 327 1045 382 inimicum

243 435 323 490 quarn
339 419 437 490 puniri,
455 427 483 476 et
504 435 566 476 cum
582 421 655 474 Deus
674 420 751 490 punit
770 433 824 473 uon
844 416 991 472 delectatur
1011 415 1046 470 de

243 521 324 577 prena
340 506 451 574 inimici,
478 508 542 581 quia
567 524 622 564 uon
645 507 701 562 odit
720 523 793 570 eum,
818 506 867 561 sed
890 505 924 559 de
942 502 1046 573 judicio

244 593 304 661 Dei,
322 595 385 667 quia
400 597 484 651 Derim
500 597 598 668 diligit.
623 598 682 652 lloo
705 596 730 652 ei
751 595 840 666 placet
864 594 934 666 quod
950 591 1046 648 Domi-

246 698 291 750 no,
310 683 413 756 quidet
435 687 525 751 Deus,
542 701 622 756 quem
647 685 675 738 in
699 687 751 740 hoc
775 682 905 755 seqiritur,
921 680 988 752 pluit
1003 680 1047 735 hio

247 785 330 842 super
341 773 431 842 justos
447 780 473 827 et
487 773 602 842 injustos
613 773 723 844 (narrt.
741 775 769 842 v)
787 779 898 826 :tamen
913 777 938 824 et
954 769 980 822 in
995 769 1047 824 boe

248 859 347 915 saeculo
363 861 469 932 asperis
493 861 615 932 corripit,
633 870 660 917 et
674 861 828 932 pertinaces
852 858 878 914 in
894 859 948 913 line
968 857 1047 912 dam-

247 947 330 1002 nabit.
348 947 465 1020 [Haimol
482 949 550 1005 Huic
571 966 638 1022 ergo
660 949 829 1005 reservanda
854 955 895 1002 est
916 946 1045 1002 vindicta.

248 1035 324 1091 Unde
338 1036 384 1101 ait,
401 1037 461 1092 date
475 1037 564 1093 locum
579 1037 633 1102 irae,
650 1038 734 1093 idest
756 1037 882 1092 vindictae
908 1035 966 1101 Dei,
993 1033 1047 1099 rel,

249 1121 297 1178 irae
310 1123 540 1180 adversariorum.
566 1126 614 1181 llle
638 1126 685 1181 dat
708 1126 797 1182 locum
821 1125 870 1180 irae
888 1121 1046 1188 adversarii,

249 1210 294 1282 qui
307 1213 435 1282 permittit
448 1213 604 1270 adversario
626 1214 718 1272 lacere
742 1213 815 1287 quod
838 1213 903 1268 vult.
918 1212 952 1267 Et
965 1211 1048 1266 debe·

248 1297 282 1353 tis
295 1298 362 1356 dare
378 1300 466 1357 locum
482 1303 530 1358 irae
547 1304 605 1358 Det.
621 1305 766 1376 Scriptum
791 1307 834 1358 cst
848 1303 924 1358 euim
939 1302 967 1354 in
983 1300 1048 1354 Pro-

248 1387 348 1442 verbiis
365 1406 371 1444 :
389 1389 454 1446 Mitt
473 1392 629 1448 vindictum
652 1391 800 1457 reservari,
816 1390 859 1446 vel
883 1405 933 1445 vos
954 1405 1048 1444 reser-

248 1483 319 1538 vate,
336 1482 364 1532 et
379 1495 427 1550 epo
442 1481 598 1536 retribuum
618 1481 687 1536 dicit
703 1482 848 1542 Dorulaus,
864 1479 891 1533 id
907 1486 947 1533 εει
962 1476 1050 1532 vindi-

1096 324 1182 380 stolus
1207 334 1319 396 aparte
1340 326 1491 398 superiore,
1513 327 1542 382 id
1567 335 1611 382 est
1628 327 1724 383 anima
1744 332 1840 413 aaran

1096 421 1182 468 totum
1198 414 1345 469 homiuem.
1371 413 1442 484 Quid
1458 423 1502 470 est
1525 415 1599 470 enirn
1625 417 1720 472 omnia
1739 435 1804 472 antur
1819 423 1842 480 ul

1096 501 1185 558 omnis
1200 504 1280 558 bomo
1290 504 1304 559 ι
1315 502 1397 571 Quasi
1412 502 1483 559 dicat
1500 521 1507 559 :
1531 503 1635 560 Omnia
1657 506 1779 576 praedicta
1791 510 1840 564 isa

1096 591 1131 646 da
1146 599 1218 662 sunt,
1236 592 1287 646 etsi
1311 592 1348 647 ita
1370 591 1482 663 perlecti
1507 593 1574 648 estis
1594 592 1624 647 iu
1650 609 1762 665 corpore
1785 601 1841 658 tera,

1096 687 1189 735 tamen
1203 679 1291 736 omnis
1314 680 1414 746 anima,
1439 681 1546 736 subdita
1568 682 1613 748 sit,
1631 682 1662 736 id
1688 693 1729 736 est
1743 689 1811 738 emus
1824 707 1844 740 a·

1096 784 1142 824 mo
1157 768 1280 823 subditus
1295 768 1338 836 sit,
1364 785 1445 840 quem
1467 769 1577 852 nqruine
1599 771 1717 836 animae,
1740 773 1793 828 ideo
1809 793 1846 830 <aa

1097 855 1149 913 lieo
1165 865 1260 911 utnon
1275 857 1363 912 solum
1378 857 1405 911 in
1421 873 1546 928 corpore,
1571 861 1622 912 sed
1639 871 1669 913 et
1686 859 1808 916 uoluntate
1822 883 1848 916 e·-

1096 945 1189 1002 viutis.
1210 944 1328 1019 [Haimo,
1346 945 1523 1018 Augustinus}
1540 947 1851 1020 Omniaergouniuua

1097 1035 1159 1090 dita
1174 1035 1222 1101 all,
1238 1041 1267 1090 ut
1283 1035 1363 1090 etiarn
1379 1035 1517 1090 voluntate
1541 1035 1648 1091 servin
1663 1037 1760 1099 bomo,
1781 1049 1853 1110 pesve

1098 1123 1172 1178 tibris
1187 1123 1374 1188 saecularibus,
1391 1123 1470 1178 bouis
1484 1122 1527 1178 vel
1546 1123 1637 1186 malis,
1666 1123 1773 1180 scilieet
1785 1145 1820 1198 reg
1830 1145 1855 1182 :a

1097 1211 1274 1283 principibus,
1291 1211 1416 1277 tribunis,
1442 1211 1662 1277 centurionibus,
1681 1223 1710 1268 et
1734 1215 1791 1268 aliis
1808 1219 1860 1269 iz.-

1097 1300 1181 1354 modi.
1198 1299 1226 1356 Si
1243 1301 1314 1356 enim
1329 1300 1418 1355 bonus
1440 1298 1521 1356 luerit
1535 1301 1582 1373 qui
1605 1301 1656 1355 tibi
1682 1313 1793 1372 praeest.
1814 1323 1862 1358 cca

1098 1395 1140 1443 tor
1153 1397 1215 1443 tuus
1229 1396 1289 1455 est;
1305 1388 1394 1444 malus
1410 1389 1432 1443 si
1455 1388 1543 1455 buerit,
1569 1395 1700 1446 tentator
1715 1399 1777 1446 tuus
1796 1407 1833 1446 aa.
1850 1396 1865 1448 ι

1097 1477 1259 1532 nutrimenta
1274 1476 1391 1532 libenter
1416 1477 1519 1548 accipe,
1535 1484 1562 1532 et
1576 1477 1604 1532 iu
1627 1481 1788 1534 tentatione
1807 1499 1867 1550 ar:-

248 1563 325 1634 cabo,
344 1573 369 1620 ει
383 1566 429 1637 qui
444 1583 499 1622 non
512 1567 575 1624 lacit
590 1569 676 1624 Deum
691 1568 848 1625 contemnit.
870 1567 921 1624 Sed
936 1569 961 1622 ει
982 1581 1048 1621 esu·
1064 1566 1176 1654 Bbare.
1194 1567 1259 1621 Esto
1272 1580 1339 1638 ergo
1354 1581 1461 1630 auriam,
1481 1573 1508 1621 et
1531 1565 1644 1621 attende
1659 1570 1799 1623 muudum
1817 1573 1841 1623 is
1851 1589 1879 1624 ar

249 1652 341 1709 ruerit.
359 1655 429 1711 Nota
444 1655 616 1713 insolentiam
640 1657 689 1713 sed
705 1655 920 1727 conjunctionis;
948 1656 986 1709 ita
1009 1661 1050 1710 εει
1102 1655 1181 1726 quasi
1195 1654 1332 1711 fornacem
1348 1653 1476 1711 aurificis.
1493 1654 1532 1710 Sit
1545 1670 1614 1726 ergo
1631 1657 1734 1711 omnis
1749 1658 1830 1712 anima
1841 1677 1874 1712 :a

249 1741 321 1796 euim
337 1745 567 1816 prosequendum,
593 1746 670 1817 quasi
694 1760 749 1800 raon
773 1745 808 1798 sit
832 1745 868 1798 ibi
893 1740 1049 1815 interposita
1101 1743 1157 1798 dita
1174 1743 1351 1813 potestatibus
1375 1743 1594 1808 sublimioribus,
1621 1744 1652 1798 id
1668 1753 1718 1800 est
1736 1747 1765 1800 iu
1780 1743 1886 1823 buca-al

250 1835 366 1901 utraque
380 1832 542 1901 conjunctio.
558 1836 598 1889 de
613 1834 635 1888 si
657 1833 759 1889 diceret
779 1832 837 1888 sine
861 1833 918 1898 sed,
940 1832 962 1886 si
985 1848 1050 1887 esu·
1102 1830 1232 1886 sublimes
1246 1839 1318 1897 sunt,
1335 1831 1362 1886 id
1379 1839 1420 1886 est
1434 1831 1462 1886 in
1475 1831 1631 1906 mundanis.
1649 1833 1706 1888 Vel
1733 1851 1818 1890 causa
1836 1834 1889 1900 uzal

251 1915 335 1984 aierit,
352 1927 404 1974 rte.
422 1920 470 1974 Vel
485 1921 522 1976 ita
543 1930 632 1992 potest
655 1921 710 1994 legi
731 1929 761 1976 ut
784 1929 879 1976 neutra
903 1919 1053 1991 superfluat
1102 1927 1145 1975 tur
1157 1935 1216 1976 cum
1232 1919 1296 1976 dicit
1321 1919 1534 1984 sublimioribus,
1558 1919 1586 1974 id
1609 1929 1656 1975 est
1679 1921 1755 1993 quia
1779 1925 1892 2005 sabbat-l

251 2005 416 2074 conjunctio.
434 2007 517 2077 Quasi
528 2011 596 2066 dicat
615 2028 620 2064 :
638 2011 700 2064 Non
715 2010 802 2066 solum
824 2025 877 2065 non
901 2007 1053 2064 defendatis
1103 2026 1146 2064 res
1161 2016 1233 2064 sunt.
1250 2009 1310 2065 Nou
1326 2009 1464 2065 estenim.
1482 2008 1580 2062 Probat
1595 2009 1672 2079 quod
1690 2010 1801 2065 debent
1814 2007 1895 2094 salal

253 2108 311 2158 vos,
324 2096 372 2150 sed
383 2097 408 2150 si
419 2099 553 2154 esurierit
564 2099 699 2156 iuimicus
710 2104 786 2168 tuus,
798 2098 1052 2164 ciboitlumm'sa'·
1102 2097 1155 2153 boc
1170 2097 1251 2153 modo
1268 2115 1274 2152 :
1291 2095 1359 2166 Quia
1374 2096 1463 2152 omnis
1477 2103 1595 2167 potestas
1609 2106 1654 2151 est
1669 2113 1685 2151 a
1706 2099 1783 2164 Deo,
1800 2102 1841 2154 sed
1854 2110 1897 2171 ,jari

256 2182 303 2250 ut,
319 2189 418 2256 potum
435 2185 471 2242 da
486 2188 541 2252 illi,
559 2187 587 2242 id
598 2196 638 2243 est
652 2187 680 2242 in
694 2187 756 2244 ritae
764 2187 929 2244 necessariis
939 2185 1053 2242 subveni
1103 2204 1120 2243 a
1135 2188 1188 2242 Deo
1203 2187 1277 2242 dulce
1291 2190 1371 2248 sunt,
1386 2186 1525 2244 ordinatae
1535 2189 1615 2240 sunl.
1628 2185 1728 2256 Igitur
1744 2197 1854 2258 potesta<
1866 2171 1900 2260 al,

251 2269 301 2327 illi.
318 2273 371 2329 Hoc
386 2276 463 2330 enlm
477 2277 597 2346 faciens.
615 2275 698 2346 Quasi
705 2278 777 2334 dicat
793 2295 799 2332 :
817 2277 880 2332 ldeo
895 2275 975 2331 lecito
990 2277 1052 2345 hoc,
1103 2276 1234 2340 ordinata,
1254 2273 1332 2331 58
1349 2274 1433 2330 idest
1460 2274 1614 2346 quicunque
1639 2274 1734 2331 habet
1759 2265 1901 2348 potestur*

252 2359 314 2432 quia
331 2362 381 2418 boc
396 2361 500 2419 iaciens
514 2380 646 2435 conpares
660 2367 792 2422 corbones
805 2367 888 2437 ipris,
906 2364 934 2418 id
947 2371 989 2420 est
1004 2362 1055 2418 ler·
1104 2364 1164 2430 Dei,
1181 2363 1355 2418 ordinatione
1371 2363 1463 2418 habet.

253 2463 347 2505 rorem
370 2452 520 2520 charitatis,
546 2454 588 2508 vel
612 2455 698 2509 sancti
721 2454 844 2526 Spiritus,
867 2453 911 2508 vel
932 2459 1054 2506 urentem
1117 2451 1883 2524 ltaquequireristitpotestati,Deiordinuta'oua‘rru'rr
1906 2448 1908 2498 l

255 2537 423 2608 paenitentiae
436 2541 572 2607 ardorem,
589 2558 675 2614 super
689 2546 775 2614 caput
795 2544 865 2612 ejus,
882 2541 908 2595 id
924 2547 965 2596 est
980 2556 1057 2600 meu·¹
1104 2541 1137 2595 ιιι
1151 2540 1203 2596 hoe
1217 2547 1259 2594 est
1274 2539 1346 2611 quod
1361 2539 1434 2604 dicit,
1451 2540 1529 2611 quasi
1539 2539 1610 2595 dieat
1627 2554 1633 2594 :
1658 2541 1733 2596 ldeo
1748 2543 1834 2599 debes
1850 2562 1890 2596 ss·
1909 2540 1911 2593 l

256 2634 308 2681 tem
325 2627 393 2696 ejus.
416 2629 450 2683 Et
470 2629 493 2683 si
516 2645 570 2684 nou
598 2631 720 2700 poenitet,
746 2637 847 2696 tamen,
874 2629 930 2684 noli
953 2628 1056 2684 vincia
1101 2628 1148 2698 jici
1162 2628 1307 2698 potestati,
1323 2628 1458 2699 quianon
1472 2631 1516 2683 est
1537 2631 1668 2699 potestus
1689 2629 1784 2686 alicui
1800 2635 1879 2686 bona
1912 2631 1915 2702 l

256 2716 343 2781 malo,
359 2717 406 2772 sed
416 2719 496 2773 vince
510 2720 619 2774 mulum
634 2720 666 2772 iu
680 2720 759 2784 bono,
774 2719 801 2772 id
816 2726 857 2774 est
876 2719 904 2772 in
918 2717 1054 2788 patiendo,
1105 2717 1148 2772 vel
1162 2717 1235 2773 bono
1250 2716 1294 2772 rel
1317 2716 1407 2782 malo,
1433 2717 1522 2772 nisis
1544 2717 1598 2772 lleo
1619 2717 1698 2772 data.
1729 2721 1816 2776 Unde
1837 2723 1891 2776 aa.
1915 2723 1918 2796 ἲ,

257 2803 319 2874 quia
334 2803 357 2858 si
372 2805 531 2875 repercutis,
548 2805 644 2860 similis
665 2807 689 2862 ei
710 2822 828 2878 nequam
852 2805 910 2861 lies.
936 2805 1057 2860 bonitate
1107 2805 1239 2861 Dominus
1253 2805 1299 2860 ait:
1319 2806 1380 2862 Nou
1404 2803 1518 2861 laberer
1534 2805 1565 2859 in
1580 2821 1625 2860 me
1641 2811 1841 2878 patestatem,
1861 2831 1895 2862 ar
1918 2816 1921 2888 '3

257 2907 324 2962 ergo
336 2893 470 2948 contende
485 2903 578 2949 contra
592 2895 679 2950 illum.
708 2896 783 2966 (356)
797 2897 831 2950 Et
845 2902 886 2950 εει
907 2910 973 2950 vcra
989 2909 1056 2950 non·
1107 2895 1207 2950 dutum
1222 2898 1293 2950 esset
1309 2895 1360 2950 tibi
1374 2892 1495 2966 desuper
1509 2893 1600 2965 (loun.
1617 2897 1695 2964 xix).
1713 2897 1827 2953 Malitia
1841 2901 1898 2952 bar.-
1921 2906 1923 2950 l

257 2979 340 3036 tentio
371 2989 398 3036 et
421 2982 530 3038 salubre
553 2991 700 3051 certamen,
731 2992 760 3040 ut
787 2985 822 3039 sit
845 2984 931 3040 bonus
962 2990 1057 3039 contra
1072 2953 1181 3052 cnuria,
1206 2982 1381 3054 cupiditatem
1405 2983 1521 3038 nocendi
1540 2999 1590 3054 per
1610 2999 1641 3037 se
1659 2983 1780 3052 habet;
1807 2968 1924 3059 putau-¹

257 3068 370 3136 malum,
395 3086 449 3126 uon
469 3079 498 3126 ut
521 3071 575 3126 sint
596 3073 652 3128 duo
672 3073 753 3138 mali3
779 3073 851 3128 situ
870 3073 927 3142 jam
950 3087 1006 3127 nou
1026 3088 1057 3126 es
1106 3079 1160 3126 tem
1175 3071 1198 3127 si
1219 3071 1264 3126 ille
1287 3087 1343 3126 nou
1361 3072 1424 3134 dat,
1449 3087 1503 3127 nou
1525 3071 1614 3126 habet.
1640 3071 1774 3146 ideoque
1799 3078 1904 3131 distas

257 3157 353 3226 malus,
371 3167 434 3230 opta
448 3159 520 3215 malo
542 3171 571 3216 ut
595 3161 629 3216 sit
644 3161 742 3228 bonus,
757 3161 900 3232 displiceat
922 3159 970 3214 tibi
984 3161 1057 3232 quod
1106 3167 1251 3232 autequam
1281 3160 1382 3232 aliquid
1414 3160 1522 3216 tolleret
1542 3161 1603 3225 lob,
1629 3160 1744 3217 dicebat
1783 3166 1889 3220 Domina

258 3245 344 3300 malus
359 3255 409 3314 est,
425 3248 531 3319 placeat
546 3258 574 3304 ut
590 3247 636 3303 siat
659 3249 757 3316 bonus,
780 3265 814 3304 ne
836 3250 890 3304 sint
912 3249 966 3304 duo
981 3247 1055 3302 mali.
1108 3252 1183 3306 llitte
1198 3265 1317 3304 manum
1333 3252 1413 3304 tunna
1428 3249 1487 3319 (lob
1510 3249 1541 3320 1),
1564 3248 1649 3302 idest
1677 3250 1718 3304 da
1732 3261 1906 3323 potestaten.

1107 3337 1170 3410 quia
1184 3337 1266 3392 etiarn
1294 3337 1448 3392 nocentium
1462 3343 1594 3408 potestas,
1609 3348 1724 3393 nonest
1740 3341 1802 3396 nisi
1825 3344 1902 3397 ulte¹

552 3425 666 3481 CAPUT
678 3425 754 3480 Xlll.
1058 3421 1060 3430 '
1108 3426 1183 3482 Sicut
1196 3426 1326 3496 seriptum
1341 3433 1401 3493 est,
1418 3425 1545 3498 loquente
1557 3425 1698 3497 Sapientia
1717 3446 1725 3482 :
1742 3432 1807 3486 Per
1816 3449 1862 3487 rue
1875 3449 1911 3485 ra-

296 3547 380 3603 Vuns.
398 3550 449 3603 1-6
463 3578 498 3588 -
515 3569 526 3599 ι
544 3548 640 3605 Omnis
659 3548 749 3604 anima
773 3548 950 3620 potestatibus
973 3548 1058 3604 subli-

262 3659 273 3684 t
290 3635 421 3692 mioribus
435 3637 544 3693 subdita
559 3638 602 3693 sit.
618 3640 679 3694 Non
694 3646 735 3694 εει
749 3637 822 3694 enim
846 3646 966 3710 potestas
980 3638 1058 3693 nisia

262 3746 274 3776 ι
291 3725 350 3782 Deo
366 3744 373 3780 :
390 3743 451 3799 quse
465 3734 554 3783 autem
570 3735 646 3796 suut,
663 3744 680 3783 a
694 3730 752 3783 Deo
766 3727 899 3783 ordinatae
915 3735 987 3782 sunt.
1011 3728 1059 3782 lta·

262 3835 273 3866 a
291 3831 344 3887 que
359 3816 403 3888 qui
418 3815 521 3872 resistit
533 3816 671 3888 potestati,
688 3816 738 3872 Dei
761 3817 925 3873 ordinationi
946 3815 1056 3883 resistit,

262 3927 273 3952 r
291 3904 337 3976 qui
350 3914 440 3962 autem
457 3907 595 3971 resistunt,
613 3907 664 3978 ipsi
680 3907 732 3962 sibi
751 3906 953 3961 damnationem
968 3905 1059 3979 acqui·

261 4014 273 4044 ι
290 4002 364 4049 runt.
383 3996 454 4050 Nam
469 3995 605 4067 principes
619 4012 674 4051 non
689 4003 751 4051 sunt
765 3995 853 4050 timori
877 3995 940 4050 boni
955 3994 1057 4067 operis,

262 4103 273 4134 a
292 4084 340 4138 sed
356 4083 430 4137 matt.
447 4082 495 4138 Vis
508 4092 597 4138 autem
613 4101 667 4139 nou
690 4085 787 4140 timere
808 4083 993 4155 potestatem?
1007 4084 1059 4139 Bo·

263 4195 274 4220 s
293 4187 358 4226 uum
373 4170 426 4236 lac,
441 4178 468 4226 et
483 4171 596 4227 habebis
608 4173 716 4229 laudem
732 4190 765 4228 ex
776 4173 841 4240 illa;
857 4173 907 4228 Dei
922 4172 994 4228 enim
1008 4173 1060 4227 mi-

262 4279 274 4310 «
291 4259 377 4314 nister
391 4267 432 4314 est
446 4257 494 4312 tibi
507 4258 535 4314 in
550 4259 660 4318 bonum.
677 4261 705 4316 Si
720 4271 810 4317 autem
825 4261 925 4316 malum
949 4260 1057 4328 leceris,

262 4371 274 4396 ι
293 4347 371 4404 time.
390 4348 451 4403 Non
465 4347 537 4402 enim
561 4347 620 4403 sine
638 4364 720 4405 causa
735 4349 858 4422 gladium
878 4357 980 4420 portat.
1008 4349 1060 4404 Dei

262 4457 274 4487 ι
299 4437 372 4492 enim
395 4435 519 4492 minister
542 4445 594 4504 est,
617 4437 763 4492 vinderia
787 4437 855 4491 iram
879 4438 905 4492 ei
920 4439 966 4510 qui
988 4439 1060 4494 ande

264 4545 275 4578 ι
292 4525 358 4596 agit.
375 4525 494 4596 ideoque
508 4525 665 4581 necessitati
680 4524 779 4580 subditi
792 4533 887 4594 estote,
902 4541 957 4581 non
972 4527 1061 4582 solum

262 4634 274 4665 ι
302 4621 414 4685 propter
435 4614 513 4680 iram,
539 4613 687 4670 sedetiam
711 4623 825 4685 propter
852 4615 1058 4671 conscientium.

262 4722 274 4753 ι
301 4702 365 4758 ldeo
392 4702 466 4758 euim
489 4711 516 4758 et
536 4703 636 4758 tributa
658 4702 813 4774 praestatis,
848 4701 965 4758 ministri
987 4703 1061 4759 euim

262 4815 274 4840 ι
291 4791 342 4848 Dei
357 4797 427 4858 sunt,
444 4791 472 4847 iu
486 4791 538 4847 hoc
552 4791 641 4864 ipsum
657 4791 816 4848 servientes.
834 4813 845 4842 a

297 4935 395 4992 Omnia
409 4937 521 4992 animo.
539 4934 575 4989 Et
590 4933 635 4990 hie
648 4935 682 4990 ad
695 4935 873 4991 bumilitatem
897 4935 1002 5002 inritat,
1017 4935 1061 4990 vi-

1107 3519 1291 3587 pesrepuaut,
1305 3519 1332 3571 et
1339 3515 1459 3587 tyranni
1468 3531 1519 3587 per
1527 3531 1572 3570 me
1583 3517 1686 3570 teuent
1698 3520 1821 3574 terrum
1831 3523 1913 3588 (Pru.

1109 3604 1179 3674 rita).
1195 3604 1272 3660 Unde
1284 3605 1336 3658 Job
1346 3604 1381 3659 de
1391 3603 1507 3658 Domino
1517 3603 1553 3658 uit
1566 3619 1572 3656 ε
1587 3605 1639 3672 Qui
1648 3606 1726 3674 fucit
1737 3623 1867 3679 reperere
1879 3609 1916 3676 ι,-

1107 3694 1248 3764 pocrt'lam
1263 3697 1379 3764 propter
1391 3693 1607 3764 peruersitatem
1621 3695 1801 3765 populitlob
1810 3713 1916 3752 xaxrr.

1108 3781 1143 3836 Et
1157 3782 1191 3836 de
1207 3781 1307 3852 populo
1315 3781 1400 3836 lsrael
1410 3781 1475 3836 dicit
1483 3781 1555 3835 Deus
1565 3795 1571 3835 :
1583 3781 1651 3836 Dedi
1665 3783 1708 3837 cia
1722 3799 1828 3856 reqem
1837 3789 1870 3841 iu
1887 3789 1919 3840 ir.-

1108 3885 1172 3924 meu
1186 3869 1258 3940 (Ore.
1271 3867 1700 3940 x111>.(358)Noceudivoluutas
1709 3880 1810 3940 potest
1822 3891 1887 3929 esse
1896 3875 1918 3926 εἰ

1108 3958 1226 4013 hominis
1240 3957 1330 4013 auimo
1340 3975 1347 4024 ;
1356 3965 1478 4028 potestas
1489 3967 1580 4014 autem
1595 3972 1651 4012 uon
1664 3966 1707 4013 est
1716 3960 1774 4014 uisi
1786 3977 1807 4016 a
1818 3963 1895 4026 Deo;
1904 3977 1924 4015 r.

1108 4047 1166 4103 baec
1181 4055 1222 4102 est
1235 4047 1328 4102 abdita
1342 4055 1471 4119 aptaque.
1482 4047 1594 4116 iustitia.
1617 4047 1755 4116 lujustum
1779 4053 1863 4106 enim
1879 4069 1924 4106 uos

1109 4144 1151 4190 est
1173 4141 1203 4190 ut
1230 4133 1362 4206 improbis
1386 4135 1583 4206 accipientibus
1609 4135 1729 4191 nocendi
1756 4147 1924 4208 potestaten:

1109 4224 1244 4278 bonorum
1266 4223 1396 4294 patientia
1421 4223 1553 4294 probetur
1576 4230 1603 4279 et
1627 4223 1766 4280 malorum
1795 4227 1924 4301 iniquita-2

1073 4313 1244 4383 Dpuniatur.
1259 4312 1330 4367 Nam
1341 4328 1390 4383 per
1404 4319 1566 4382 potestatem
1575 4311 1686 4368 diabolo
1701 4311 1819 4384 datam,
1839 4327 1869 4374 et
1884 4319 1924 4372 lul

1110 4401 1240 4473 probatus
1268 4407 1311 4455 est
1331 4409 1360 4455 ut
1380 4401 1470 4471 justus
1491 4408 1655 4471 appareret,
1681 4409 1708 4456 et
1733 4409 1872 4462 tentatus
1896 4423 1924 4460 es

1110 4490 1215 4554 Petrus,
1231 4505 1266 4545 ne
1283 4488 1317 4544 de
1332 4504 1362 4544 se
1375 4497 1569 4561 presumeret,
1589 4496 1615 4543 et
1639 4487 1740 4543 Paulus
1762 4493 1924 4566 colapbin

1110 4585 1153 4632 tus
1168 4593 1202 4633 ne
1217 4594 1248 4633 se
1261 4577 1413 4642 extolleret,
1428 4583 1455 4632 et
1468 4576 1703 4633 Judasdamuatus
1717 4586 1749 4632 ut
1764 4595 1799 4634 se
1813 4599 1924 4654 suspen

1110 4666 1198 4722 deret.
1216 4666 1283 4721 Cum
1306 4681 1372 4737 ergo
1394 4665 1468 4720 Deus
1490 4665 1578 4736 justos
1598 4663 1680 4720 iaciat
1700 4681 1770 4722 suos
1796 4685 1858 4740 per
1884 4687 1924 4742 pe

1111 4762 1236 4810 testatem
1254 4753 1365 4809 diabolo
1388 4754 1499 4820 datam,
1525 4761 1589 4810 tuuc
1611 4769 1662 4824 pro
1680 4753 1780 4826 iniqua
1806 4761 1924 4815 noeeud

1110 4844 1265 4910 voluntate,
1289 4857 1349 4913 quae
1371 4841 1473 4897 diaboli
1496 4841 1584 4912 ipsius
1600 4841 1667 4910 tuit,
1686 4841 1712 4896 ei
1735 4843 1887 4901 reddetur
1910 4849 1924 4901 it

1110 4929 1164 4986 fine
1179 4929 1351 5003 supplicium.
1368 4928 1539 4998 Quassatam
1553 4938 1617 4984 suut
1636 4931 1724 4985 allen
1737 4932 1891 4998 ordinata,
1909 4937 1924 4988 ii

259 5024 375 5080 debatur
390 5024 463 5080 euim
477 5023 640 5096 quibusdam
654 5024 728 5096 quod
742 5025 806 5079 mali
831 5023 944 5094 domini,
960 5032 985 5080 et
1001 5040 1061 5079 ma-
1111 5028 1152 5076 est
1163 5019 1356 5076 rationabiliter
1368 5017 1404 5074 ab
1418 5033 1452 5074 eo
1461 5018 1593 5089 disposita
1603 5027 1676 5074 suut.
1690 5018 1744 5074 lob
1760 5020 1801 5074 ait
1826 5040 1836 5076 ι
1857 5027 1924 5079 Dra.

260 5113 332 5170 xima
347 5111 481 5174 infideles.
499 5128 554 5168 nou
568 5112 669 5168 debent
691 5111 817 5168 fidelibus
845 5113 979 5168 dominari
991 5129 998 5168 :
1010 5112 1061 5169 etsi
1110 5113 1307 5182 potentesnou
1325 5107 1434 5177 objicit,
1451 5123 1515 5162 cum
1534 5111 1563 5162 et
1577 5107 1636 5178 ipse
1655 5109 1695 5163 ait
1709 5111 1817 5178 potens
1836 5114 1923 5180 iesus

259 5201 365 5258 boniet
386 5201 482 5257 lideles
504 5209 607 5268 essent,
632 5199 712 5256 bouis
733 5209 759 5256 et
780 5199 907 5258 fidelibus
930 5202 1063 5258 deberent
1112 5199 1183 5266 avt).
1195 5197 1348 5269 Gregorius
1358 5197 1446 5250 Deum
1456 5195 1556 5250 imitari
1566 5195 1924 5272 desiderat‚quilastigirm

308 5377 369 5440 ³58)
386 5379 545 5443 swustlura,
556 5391 632 5445 saper
642 5378 706 5446 psal.
717 5393 806 5432 mut.
1146 5375 1213 5438 tute)
1231 5375 1428 5440 td.,ttaaaarn
1439 5373 1507 5427 boni.

307 5443 368 5512 ast)
388 5445 436 5510 ld,
448 5459 523 5511 uper
534 5449 666 5501 toauuu.
