3946 6070
164 253 232 308 iata
829 235 930 294 rarat
950 231 1139 292 iuunauut.
1742 222 1811 280 tott

165 389 310 448 emergere
332 379 359 430 et
382 371 468 428 ferri:
493 376 540 426 ant
564 369 625 424 loco
643 369 733 436 ὠσιεις
756 361 898 434 legebatur
925 367 960 432 ὡς
973 355 1159 482 Aresgondet
1182 355 1256 426 qnod
1280 353 1553 436 sanititati-ieronymi.
1572 349 1731 406 ilatthmum
1763 345 1809 416 qui

167 462 300 539 φορμς,
312 455 341 511 id
355 463 397 511 esi
412 460 550 527 tanquam
563 465 710 508 arenosus,
1011 429 1052 484 He
1073 441 1147 482 raico
1157 440 1282 480 sermone
1290 432 1409 496 scripsit,
1418 432 1454 479 ιιι
1479 437 1584 479 οειιιεεε
1593 434 1628 482 rt:
1637 429 1752 484 natatui
1762 431 1812 470 ao-

200 538 285 594 qm⁸
309 541 353 597 ᾗ·
370 569 405 580 -
421 539 440 593 A
459 537 575 593 Domino
590 535 701 606 [netum
720 533 763 586 est
777 527 865 584 mad·
884 525 963 597 Quod
1012 513 1113 554 scatia
1123 511 1171 551 ua.
1181 496 1286 556 Deinde
1297 495 1447 550 subaudien
1468 491 1704 617 umestqiiopulum
1716 486 1809 550 lsrael,

165 609 274 681 quidam
289 608 383 682 legunt
393 607 429 674 ei,
444 606 527 662 dandi
543 621 620 666 casu,
636 617 735 672 nempe
748 601 911 680 factumest
925 599 961 664 ei,
1013 569 1055 694 ἴθι
1070 565 1389 693 ξῗιῃῗὲαιῖῑθῖἰίωὓῃάὓωι
1406 565 1452 620 “bi
1467 573 1558 690 “¹⁰⁰5
1604 569 1709 686 unswss
1723 566 1810 683 109ῗὲ

164 679 395 752 quemadmodum
410 677 587 748 Augustinus,
612 674 664 728 hoc
684 679 725 727 est
739 671 775 725 ob
789 683 895 725 variam
920 667 962 722 le·
1023 656 1057 694 uf
1113 653 1206 692 ³ae¹³
1255 651 1361 691 ⁰⁵²¹¹¹¹²
1384 651 1484 691 ⁵⁰¹¹³f0
1507 651 1538 690 ³⁰
1552 651 1586 690 ”a
1609 649 1668 688 ⁷²⁰⁸·
1711 646 1774 701 ΕΜ

193 750 199 761 ·
416 748 421 759 ·
445 749 450 760 ·
673 743 682 770 ι
704 749 722 764 ι
1032 709 1086 764 uod
1100 707 1216 764 dicimus
1233 725 1240 762 :
1257 706 1280 763 Ο
1296 705 1420 771 Domine,
1443 705 1547 761 salvum
1562 703 1614 771 fao,
1631 703 1812 773 Hieronymus

165 758 282 807 amnem
297 764 467 822 pr⁰⁰⁰m¹m⁵
490 747 557 820 aisn
572 743 626 813 Μ’
656 767 732 817 Μ’
746 739 819 812 qu⁰d
846 737 963 794 refertur
1012 727 1078 835 iiiii
1105 794 1167 833 εεεε
1182 793 1216 833 ει
1231 777 1420 849 Septuaginta.
1446 775 1627 848 Symmachus
1641 770 1814 827 manifestius

166 834 202 890 δᾶ
216 832 338 905 ο81111111
354 832 463 888 Glaeffl·
525 901 530 914 ‚
1011 851 1202 920 interpretatus
1217 857 1267 913 est,
1287 848 1412 911 Obsecro,
1428 847 1554 910 Domine,
1573 845 1683 900 saluum
1697 845 1755 914 soc.

203 904 287 958 vm·
303 905 347 962 ²⁴·
363 934 398 944 ··
414 903 435 959 ⁰
449 904 577 966 ”mmet
595 898 707 954 ‘aivum
717 897 773 966 [Μ’
801 905 836 953 ”³
848 901 963 956 ‘'W“
1049 921 1134 976 Vane.
1150 923 1195 974 26.
1212 947 1247 958 -
1264 919 1435 974 constituite
1450 916 1524 973 diem
1534 917 1689 972 solemnem
1699 914 1812 968 incon-

165 988 306 1030 uoscanur
327 988 374 1028 ιιι.
398 974 456 1028 Νοε
481 977 507 1025 ει
533 969 622 1024 Graeci
646 964 810 1048 proferimus
834 971 963 1033 corrupte
1013 991 1116 1047 demis·
1133 989 1177 1045 Sic
1191 997 1218 1043 et
1232 988 1398 1044 pellicanus·
1424 987 1613 1058 Hieronymus,
1630 986 1811 1056 frequentate

167 1043 297 1101 'mmmm
320 1059 371 1114 pr⁰
382 1043 531 1104 'manna’
546 1047 616 1120 feste
632 1038 798 1118 fi¹ef9⁰ym⁰
813 1033 847 1087 ³⁶¹
861 1033 963 1088 ΒΜ
1012 1061 1225 1117 solemnitatem
1239 1060 1271 1114 in
1294 1060 1453 1130 frondosis:
1470 1072 1551 1129 quem
1567 1063 1715 1126 sequuntur
1730 1053 1813 1108 Carn-

166 1130 237 1196 sum.
252 1115 371 1169 loannes
386 1120 476 1167 tamen
488 1110 597 1174 Echrus,
619 1123 661 1162 ιιι
675 1122 737 1177 pius
748 1104 889 1168 etdoetus,
901 1119 963 1184 sen.
1012 1131 1115 1202 pensis·
1133 1139 1159 1184 et
1170 1128 1332 1200 interpretes
1347 1144 1397 1200 pm
1412 1129 1549 1198 cajetano,
1561 1125 1624 1182 aliis
1633 1124 1732 1180 verbis·
1746 1125 1816 1178 ver·

166 1193 197 1239 ω
208 1193 346 1266 ¹¹⁰⁵f9⁰i³
362 1182 512 1263 munium
525 1187 611 1260 mem
635 1175 733 1259 ‘ifferfe
748 1175 883 1255 'mima’
900 1188 964 1244 qum
1013 1209 1072 1256 tunt
1087 1201 1170 1266 enirn,
1188 1201 1273 1271 ligate
1290 1202 1397 1271 [esium
1412 1201 1443 1254 in
1453 1198 1612 1270 frondibus,
1628 1194 1814 1251 relredimilc

165 1255 272 1336 flebit&
286 1271 313 1308 ¹⁰
329 1260 488 1332 mpes³¹¹i⁰
498 1256 729 1330 q⁰¹e⁵⁰9¹¹¹i¹¹m¹¹¹
743 1244 839 1316 Wwd
853 1251 885 1324 ef.
895 1259 963 1298 ⁰⁰¹¹·
1012 1272 1087 1327 diem
1096 1273 1203 1342 sestam
1216 1270 1385 1342 frondibus,-
1401 1269 1469 1332 sive,
1485 1269 1615 1338 collignie
1625 1265 1674 1322 sni
1685 1265 1761 1320 diem
1769 1266 1813 1335 [ε-

161 1332 302 1396 ¹¹¹3⁸t¹⁰¹¹⁰
333 1339 414 1395 quam
445 1321 538 1377 dmum
571 1317 657 1389 h¹ph¹¹
686 1324 833 1386 umque
859 1314 962 1378 ‘imunt’
1012 1347 1089 1398 stem
1105 1357 1210 1396 ramos.
1227 1340 1376 1405 Pratensis,
1394 1334 1813 1402 Nebiensis,Sanctes‚hfunste·

165 1404 246 1459 ”W
263 1408 353 1448 *¹⁰⁵⁰*
367 1401 394 1448 ⁸²
409 1401 534 1455 mmm·
551 1389 691 1469 Siquidm?
716 1385 824 1510 {¹⁵le
853 1398 961 1448 ΜΨ
1013 1429 1070 1481 rus,
1097 1411 1181 1482 ligate
1197 1427 1303 1480 agnum
1320 1425 1369 1464 seu
1387 1409 1509 1465 hostium
1523 1407 1652 1480 sanilam.
1672 1405 1737 1460 ties
1751 1419 1814 1459 ser-

165 1465 329 1535 ⁸⁰fl¹¹mf⁰⁶
338 1478 449 1520 servum
462 1466 553 1526 filum·
565 1461 666 1531 ¹08¹fo
680 1473 707 1511 ¹¹¹
741 1455 784 1510 eb·
806 1463 962 1542 tumis*
1013 1497 1123 1536 monum
1135 1480 1262 1544 varietas,
1274 1479 1403 1534 oriturex
1413 1477 1587 1550 homonymia
1597 1475 1746 1531 dictionum
1760 1475 1815 1528 Ha·

166 1575 256 1615 nosen
278 1575 394 1615 Anonos.
421 1558 538 1614 Proinde
558 1571 612 1611 non
630 1553 725 1625 recipit
739 1569 787 1608 eos
803 1552 849 1624 qui
863 1550 963 1621 opinati
1013 1553 1177 1606 braicarum.
1194 1551 1311 1604 Primum
1327 1559 1519 1610 estimaretur
1532 1556 1558 1603 ει
1573 1559 1729 1614 inmissae,
1741 1543 1815 1616 qnod

166 1639 228 1686 sunt
251 1647 302 1686 nos
325 1637 451 1700 corrupte
469 1627 646 1699 pronuntiare
670 1625 741 1679 hanc
761 1637 867 1678 rocem.
884 1619 963 1690 Quod
1013 1631 1054 1678 εει
1070 1623 1176 1678 vincire
1192 1628 1218 1676 et
1233 1620 1366 1677 ordinare
1377 1635 1425 1676 seu
1433 1621 1590 1692 disponere.
1601 1617 1704 1672 Deinde
1712 1627 1748 1678 nri
1758 1628 1816 1668 unc

166 1709 258 1756 tamen
293 1700 404 1756 Hieron.
438 1706 531 1769 aperte
568 1696 595 1751 id
639 1693 810 1766 proloquitur
833 1691 867 1746 ad
903 1693 960 1746 Da·
975 1707 1114 1770 Banceps
1128 1700 1170 1746 est
1185 1691 1218 1746 ad
1235 1706 1335 1764 agnum
1356 1698 1382 1746 ει
1401 1689 1510 1745 fesium.
1541 1690 1682 1744 Postremo
1704 1695 1816 1765 ninias

166 1786 282 1836 mesum,
297 1771 446 1824 demiratur
460 1767 597 1839 quomodo
615 1765 702 1836 potuit
716 1764 767 1818 hoc
781 1762 883 1818 dicere.
900 1762 961 1817 Cae-
1011 1777 1144 1827 ιιοτιιιιι,
1160 1761 1182 1815 si
1197 1760 1395 1816 deformatura
1417 1760 1508 1816 radice
1518 1771 1579 1824 nau
1590 1771 1678 1824 ιιιιι,
1695 1771 1760 1811 vera
1775 1771 1815 1809 sr-

168 1848 257 1895 terum
281 1839 390 1894 tametsi
404 1848 485 1902 pipin
497 1839 531 1890 sit
548 1844 661 1898 rectum,
682 1841 773 1888 tamen
788 1833 811 1886 si
827 1832 960 1886 extribus
1015 1831 1127 1905 gnificat
1139 1833 1242 1897 danem
1253 1831 1295 1884 sin
1305 1840 1393 1885 autem
1403 1831 1543 1897 athemate
1553 1839 1615 1892 mn
1625 1841 1725 1894 enirn,
1737 1826 1817 1881 arbo-

166 1909 279 1966 vocibus
296 1926 357 1980 quie
378 1916 438 1962 sunt
461 1907 488 1961 in
511 1907 593 1960 Hebr.
617 1919 700 1959 unam
715 1901 959 1973 composuerimus,
1016 1918 1077 1958 rem
1090 1902 1262 1973 frondosam,
1272 1909 1317 1956 aut
1326 1900 1418 1956 funem
1433 1901 1561 1956 densum.
1572 1899 1658 1953 Porro
1668 1895 1816 1977 quomodo-

166 1977 311 2035 manifesta
336 1987 377 2033 est
399 1977 487 2044 elisio,
511 1975 581 2030 sicut
655 1975 692 2029 tia
715 1972 831 2043 exempli
854 1971 963 2027 adducit
1016 1973 1081 2027 libet
1105 1971 1286 2033 transtuleris,
1311 1986 1345 2026 eo
1366 1971 1477 2026 tendunt
1499 1985 1605 2032 ornnes,
1628 1967 1691 2022 licet
1705 1967 1816 2022 diverso

167 2051 350 2120 Hieronymus
364 2047 431 2103 iilud
448 2045 553 2119 Virgilii
569 2063 576 2099 ι
594 1991 670 2100 libriin
685 2045 815 2115 incepto,
828 2042 874 2096 ubi
889 2057 963 2096 scan—
1017 2042 1152 2097 sermonis
1174 2043 1341 2106 charactere,
1368 2057 1422 2113 quo
1437 2039 1603 2119 significetur
1618 2036 1748 2109 frequens
1759 2051 1816 2161 Bo·

167 2119 258 2175 dimus
280 2135 344 2172 men
365 2119 493 2188 incoepto.
518 2115 562 2171 Sic
577 2115 604 2169 in
628 2121 755 2170 contextu
772 2112 906 2168 Hebraico
920 2113 962 2167 lo·
1017 2112 1074 2184 puli
1097 2111 1185 2166 fidelis
1207 2119 1366 2176 conventus,
1393 2111 1420 2165 in
1444 2109 1616 2166 celebrandis
1649 2107 1737 2163 cultus
1785 2122 1815 2160 o-

189 2190 258 2243 'mus
268 2202 326 2248 itin
342 2201 378 2248 iti
389 2197 503 2253 ammiti
514 2200 649 2241 rioscraon
660 2199 697 2239 ni
707 2197 793 2238 ιιιιιι.
809 2183 887 2239 Unda
902 2197 963 2238 coa·
1018 2183 1084 2237 mini
1104 2181 1330 2247 solemnitatibus,
1353 2197 1385 2236 ac
1410 2180 1520 2252 plenum
1553 2178 1673 2258 pietatis¹
1684 2177 1814 2240 studium,

168 2207 376 2316 fisciiztsa
392 2253 964 2323 hosanna,inmediolactaelisione.hfirn-
1018 2251 1220 2324 spiritualisque
1233 2252 1336 2318 laetitia,
1357 2252 1389 2306 in
1406 2249 1564 2307 exercendis
1579 2257 1703 2304 certatim
1719 2262 1816 2302 sacro-
1845 2261 1850 2266 ·

168 2337 256 2386 sterus
278 2329 306 2383 in
326 2329 437 2384 scholiis
455 2327 521 2383 dicit
543 2326 615 2396 apud
640 2325 794 2380 Matthaeum
822 2323 964 2396 evangeli·
1018 2339 1078 2378 rum
1092 2323 1240 2394 mysteriis.
1766 2388 1772 2400 .
1807 2388 1813 2400 .

169 2408 239 2456 stam
253 2415 317 2470 cap.
337 2414 399 2464 xiii,
415 2414 515 2470 pueros
529 2397 717 2459 Hebraeorum,
733 2394 841 2450 obviam
857 2394 964 2449 Christo
1054 2395 1139 2449 Vens.
1154 2396 1199 2448 28.
1216 2423 1251 2432 -
1267 2393 1422 2460 confitebor·
1446 2392 1496 2447 iiii
1519 2391 1652 2471 qnoniam
1666 2389 1814 2444 inantea

188 2470 357 2536 rocedentes,
388 2471 523 2525 clamasse
553 2483 630 2522 more
651 2465 809 2530 Chaldaim,
832 2465 860 2518 in
883 2480 964 2535 quem
1018 2480 1073 2526 me,
1089 2470 1153 2530 eta,
1170 2463 1216 2534 qui
1231 2471 1290 2518 erat
1306 2465 1459 2527 versusio,
1476 2462 1518 2517 hic
1534 2469 1663 2532 repetitur
1677 2458 1749 2528 apud
1763 2473 1814 2512 nos

167 2488 383 2611 degeneraverat
395 2539 571 2594 Hebraismus
581 2536 656 2609 vulgi
671 2545 809 2598 :turbinis
824 2534 963 2599 minnan,
1018 2541 1046 2588 et
1064 2534 1251 2605 Septuaginta,
1264 2533 1398 2604 quodnon
1411 2540 1453 2587 est
1463 2532 1490 2586 in
1500 2532 1638 2595 Hebraeo;
1654 2530 1706 2584 hoc
1721 2537 1813 2582 tamen

1018 2603 1086 2658 nibil
1109 2601 1185 2658 afferi
1207 2602 1371 2658 incommodi
1392 2620 1399 2657 ι
1419 2617 1575 2728 quanquam
1598 2601 1626 2655 in
1649 2598 1815 2670 quibusdam

168 2609 323 2683 quodlicet
358 2609 471 2680 quadret
500 2608 641 2663 sententiae
672 2604 839 2675 Hieronymi,
863 2603 891 2658 in
912 2604 965 2659 hcc
1103 2673 1108 2683 Ι
1279 2674 1284 2683 Ι
1472 2673 1477 2683 ⁸

1019 2674 1124 2729 Graecis
1139 2672 1339 2744 exemplaribus
1354 2687 1407 2728 non
1434 2680 1534 2744 egitur.

169 2681 242 2752 quod
260 2687 417 2751 corruptum
431 2689 472 2734 est
487 2677 659 2742 vocabulum,
677 2685 766 2730 tamen
781 2689 837 2730 non
851 2673 965 2744 perinde

741 2866 1024 2971 PSALMUS
1064 2866 1282 2968 CXVIII.

218 3119 318 3160 rsinnr
332 3117 447 3160 rmunus
464 3122 470 3159 :
489 3125 500 3154 ι
522 3118 665 3158 ansanum.
682 3103 757 3174 (161)
773 3111 876 3162 aunan.
897 3125 908 3150 ι
978 3100 1143 3163 Goetonarii
1165 3116 1214 3171 per
1234 3115 1330 3156 omnes
1344 3117 1439 3156 versus
1454 3116 1518 3156 suos
1546 3100 1677 3172 incipiunt
1690 3118 1706 3156 a
1721 3102 1817 3174 singu-

207 3195 286 3249 Beati
299 3193 489 3248 immaculati.
506 3190 609 3246 Titulus
625 3208 632 3244 ι
649 3191 773 3246 Alleluia
787 3189 870 3261 cleph
882 3189 968 3260 (toa).
1021 3189 1056 3244 lis
1070 3188 1212 3245 elementis
1226 3205 1274 3260 per
1288 3187 1421 3256 ordinem,
1437 3189 1510 3260 quod
1525 3189 1551 3243 in
1568 3189 1744 3246 translatione
1760 3206 1821 3245 ser-

171 3281 295 3336 Psalmus
316 3280 454 3335 institutor
475 3287 517 3334 est
540 3278 669 3344 fidelium,
687 3278 829 3350 paradisus
848 3277 969 3332 omnium
1020 3276 1075 3331 rari
1089 3291 1144 3332 non
1159 3277 1254 3348 potuit,
1271 3293 1320 3347 per
1343 3277 1414 3348 quod
1437 3277 1525 3331 innuit
1539 3277 1612 3350 quod
1627 3278 1671 3334 hic
1685 3286 1748 3332 sunt
1762 3278 1820 3334 ele·

169 3383 323 3439 pomorum,
347 3368 478 3436 apotheca
497 3366 613 3436 Spiritus
633 3365 720 3421 saneti
737 3383 744 3420 :
763 3365 809 3436 qni
825 3371 927 3436 quanto
942 3364 969 3418 in
1020 3372 1110 3420 menta
1147 3365 1248 3420 scuotae
1286 3365 1395 3430 Christi,
1431 3365 1580 3438 [Cassiod]
1619 3373 1646 3421 ει
1674 3366 1821 3421 commoda

171 3453 314 3526 superficie
330 3454 437 3508 videtur
451 3453 580 3524 apertior,
601 3460 676 3508 tanto
699 3453 892 3524 mysteriorum
906 3452 970 3508 alti·
1019 3452 1144 3508 doctrina
1158 3460 1185 3507 et
1199 3451 1321 3524 perfecta
1343 3453 1378 3508 ad
1399 3453 1604 3519 beatitudinem,
1622 3454 1698 3524 cujus
1712 3453 1820 3509 doetri-

172 3542 266 3597 tudine
289 3549 331 3596 est
345 3539 514 3612 profundior,
531 3540 625 3614 [Aug.,
642 3539 780 3614 Cassiod]
795 3542 835 3595 lbi
849 3556 969 3614 genera·
1019 3556 1062 3595 nae
1076 3547 1167 3611 partes
1181 3541 1310 3614 congruis
1325 3541 1748 3612 interpretationibusnominum
1763 3541 1821 3596 ele-

170 3629 333 3700 titerjustus
351 3629 481 3702 loquitur,
498 3629 582 3685 modo
597 3627 751 3700 profitendo
766 3629 839 3702 quod
854 3629 968 3699 accepit,
1018 3637 1171 3684 mentorum
1195 3629 1384 3700 designantur.
1411 3629 1510 3686 Omnia
1534 3638 1596 3685 sunt
1612 3630 1657 3685 hie
1669 3630 1817 3696 elementa,

172 3717 255 3774 modo
278 3725 381 3774 tantum
409 3717 545 3789 sperando
569 3718 642 3789 quod
666 3717 775 3772 meruit.
801 3718 835 3772 Et
865 3724 907 3772 est
926 3718 970 3774 hie
1019 3716 1142 3788 profesto
1156 3733 1271 3774 numero
1290 3718 1425 3787 justorum
1441 3717 1622 3790 designando.
1643 3720 1737 3773 Partes
1752 3734 1819 3774 vero

171 3806 291 3877 psalmus
313 3805 446 3862 similibus
480 3805 574 3862 verbis
603 3814 764 3874 contextus;
787 3806 860 3862 nulla
880 3813 970 3862 minen
1019 3805 1100 3876 hujus
1113 3805 1211 3876 psalmi
1236 3815 1297 3860 sunt
1320 3806 1468 3863 secundum
1494 3823 1638 3862 numerum
1653 3805 1818 3862 litterarum.

172 3892 331 3950 confusione
358 3894 516 3970 permistus,
540 3894 588 3950 sed
613 3895 733 3950 novitate
756 3911 849 3950 rerum
873 3894 970 3950 litteris
1020 3893 1091 3962 Quot
1107 3893 1179 3949 enim
1203 3893 1300 3950 litterae
1324 3903 1396 3961 sunt,
1419 3902 1459 3950 tot
1477 3902 1540 3950 sunt
1562 3895 1733 3965 partitiones,
1749 3902 1778 3949 ut
1792 3895 1821 3950 in

172 3983 279 4037 mutatis
301 3983 462 4054 explicatus,
494 3990 566 4038 totus
587 3983 683 4038 morali
705 3983 828 4038 doctrina
843 3983 969 4056 insignis.
1020 3982 1134 4054 singulis
1159 3981 1307 4038 octonariis
1337 3982 1390 4038 sint
1418 3981 1592 4052 partitionum
1620 3981 1819 4038 distinctiones.

170 4070 289 4143 [Amba]
303 4070 400 4127 Omnis
412 4079 504 4126 antem
514 4071 623 4127 moralis
633 4071 759 4127 doctrina
769 4071 860 4126 suavis
876 4080 926 4138 est,
943 4072 970 4126 in
1020 4068 1183 4125 Octonarins
1197 4084 1262 4124 iero
1277 4069 1335 4140 ipso
1357 4069 1386 4123 in
1410 4069 1525 4142 singulis
1539 4069 1759 4124 distinctionibus
1773 4070 1820 4124 in-

173 4173 228 4229 qua
249 4159 293 4213 hic
316 4159 437 4228 psalmus
461 4159 571 4215 eminet.
599 4160 651 4214 lilii
666 4175 783 4232 namque
798 4161 894 4231 psalmi
910 4169 970 4214 tan·
1019 4155 1086 4222 nuit,
1111 4155 1239 4229 {alcuin}
1264 4157 1336 4228 quod
1358 4172 1527 4229 unaquaeque
1549 4173 1613 4228 pars
1642 4156 1822 4228 perfectaest

173 4261 255 4316 quam
285 4244 371 4301 stellas
403 4246 533 4312 minores,
563 4247 761 4320 aliquantulum
788 4248 896 4314 lucent3
920 4247 971 4303 iste
1020 4253 1047 4300 et
1061 4243 1167 4311 sufficit,
1185 4252 1212 4299 ut
1228 4245 1252 4298 si
1266 4245 1326 4316 quis
1341 4260 1400 4300 eam
1416 4254 1505 4300 servet
1521 4245 1548 4299 in
1569 4246 1623 4301 vita
1642 4253 1746 4317 septem
1761 4245 1821 4301 die-

172 4348 239 4389 vero
255 4333 330 4405 quasi
346 4334 396 4399 sol,
420 4333 493 4406 pleni
518 4334 627 4390 himinis
642 4336 793 4392 meridiano
808 4336 899 4393 calore
915 4336 970 4391 for·
1020 4349 1089 4399 rum,
1115 4331 1255 4404 perveniat
1278 4333 1311 4387 ad
1334 4341 1456 4388 octavam
1479 4333 1693 4400 resurrectionis,
1707 4333 1750 4390 vel
1764 4335 1821 4390 cir·

171 4437 248 4487 vens,
273 4430 345 4477 totus
367 4421 464 4478 morali
483 4422 626 4478 dulcedine
652 4423 786 4495 splendet.
810 4424 844 4479 Et
867 4431 907 4478 εει
922 4441 970 4495 ρει
984 4421 1215 4514 Deumcisionem
1230 4421 1322 4476 cordis
1336 4421 1444 4487 haheat,
1459 4437 1542 4493 quam
1558 4423 1714 4478 octonarius
1733 4423 1820 4495 signi-

171 4509 276 4564 littcras
292 4509 398 4566 Hebraei
413 4510 551 4580 alphabeti
574 4512 708 4585 digestus,
724 4521 751 4567 ut
766 4511 834 4568 sicut
850 4513 926 4583 pueri
942 4511 970 4565 in
1021 4507 1092 4564 ficat.
1109 4508 1228 4580 Singulae
1243 4516 1332 4563 autem
1347 4509 1444 4564 fitterae
1458 4518 1520 4564 sunt
1534 4511 1609 4582 quasi
1624 4510 1692 4564 tituli
1707 4525 1821 4565 suorum

170 4597 265 4668 primis
280 4597 376 4652 litteris
390 4615 469 4653 usum
485 4598 609 4655 discendi
623 4608 741 4665 sumunt,
762 4600 799 4655 ita
813 4608 840 4655 et
854 4616 904 4655 nos
919 4601 971 4654 liu·

167 4685 289 4755 jusmodi
313 4685 455 4742 elementis
478 4703 556 4742 usum
580 4687 688 4742 vivendi
704 4689 838 4759 usquead
854 4688 970 4743 maturi-

171 4781 253 4828 tatem
281 4773 464 4830 addiscamus.
497 4774 617 4846 Singulis
642 4783 733 4830 antem
755 4775 851 4831 litteris
875 4792 970 4832 versus

171 4862 262 4916 octoni
286 4861 474 4930 subjiciuntur,
497 4863 535 4917 ita
558 4870 587 4918 ut
606 4863 639 4918 ab
661 4879 713 4918 una
726 4863 814 4919 littera
828 4872 890 4920 octo
906 4881 969 4920 rer-

170 4961 217 5004 sus
232 4949 371 5020 incipiant,
388 4957 418 5004 ut
439 4950 569 5005 unitatem
593 4951 716 5018 Deitatis,
742 4969 802 5023 quae
817 4953 907 5008 omnia
922 4969 970 5009 re·

170 5038 218 5111 git,
236 5045 262 5092 et
273 5037 385 5094 doceret
394 5037 584 5110 purgationem
592 5037 721 5112 legitimae
732 5037 949 5096 sanctificationis
960 5061 967 5109 ;

169 5135 262 5182 octava
285 5126 359 5180 enim
380 5125 424 5181 die
448 5134 475 5181 ει
495 5125 666 5183 circumcisio
690 5126 718 5182 fit
742 5128 866 5200 exlege,
891 5137 917 5184 ει
940 5129 968 5185 in

169 5213 268 5268 Christi
294 5215 495 5270 resurrectione
510 5231 605 5270 sumus
618 5215 643 5272 ei
657 5215 845 5272 convivificati.
870 5217 968 5291 [iliam]

168 5301 198 5356 ln
223 5301 274 5356 hoc
297 5310 388 5357 autem
413 5303 520 5373 psalmo
542 5311 581 5360 lot
596 5313 658 5358 sunt
681 5304 813 5361 octonarii
829 5313 893 5376 quot
909 5307 967 5361 ele·

171 5396 262 5445 menta
275 5390 345 5474 apud
369 5390 510 5458 llebreaos,
535 5391 563 5446 id
581 5401 622 5447 est
640 5393 731 5465 riginti
745 5393 809 5458 duo,
826 5401 852 5448 et
867 5393 967 5467 singuli

203 5555 270 5630 (tat)
289 5562 444 5624 Ἀλλιλώῖα
456 5565 564 5620 eddium
577 5580 591 5619 ι
602 5569 704 5620 Grecis.

1023 4613 1149 4652 versuum
1178 4596 1370 4652 continentiam
1404 4613 1497 4652 eontm
1526 4598 1708 4653 declarantes.
1733 4599 1823 4667 liuius

1025 4693 1115 4740 autem
1125 4684 1258 4740 octonarii
1269 4685 1361 4740 titulus
1372 4693 1429 4740 est:
1442 4687 1576 4742 Alleluia.
1584 4687 1680 4759 alepi.
1693 4686 1820 4754 Alleluia,

1024 4771 1127 4846 [atuh]
1151 4772 1178 4826 id
1201 4781 1243 4828 est
1265 4772 1326 4827 laus
1342 4772 1400 4837 Dei,
1422 4773 1482 4845 quia
1497 4773 1524 4827 in
1538 4773 1580 4828 his
1595 4790 1657 4829 vete
1672 4775 1746 4830 Deus
1762 4775 1819 4830 lau-

1023 4861 1111 4927 datur,
1132 4861 1269 4932 inquibus
1293 4868 1335 4914 est
1351 4861 1475 4916 remissio
1490 4871 1673 4934 peccatorum,
1696 4879 1757 4934 quae
1771 4879 1822 4918 no·

1024 4949 1066 5004 bis
1079 4947 1201 5020 perfecta
1216 4957 1257 5004 εει
1271 4948 1341 5004 facta
1365 4965 1414 5020 per
1429 4950 1575 5005 adventum
1591 4945 1700 5017 Christi,
1717 4952 1751 5008 de
1766 4968 1823 5024 qno

1023 5037 1051 5092 in
1066 5036 1197 5108 superiori
1212 5037 1319 5108 psalmo
1334 5037 1399 5108 egit,
1416 5038 1462 5109 qui
1486 5039 1559 5094 hunc
1581 5038 1712 5094 mundum
1731 5039 1821 5104 diluit,

1023 5133 1050 5178 ut
1074 5123 1174 5195 dignus
1198 5123 1274 5179 fieret
1297 5125 1472 5181 immaculato
1496 5125 1579 5181 corda
1594 5127 1682 5182 Deum
1696 5127 1821 5184 laudare.

1022 5211 1120 5283 aleph,
1136 5229 1196 5284 qum
1211 5220 1252 5267 est
1266 5213 1352 5285 prima
1367 5213 1464 5280 littera,
1477 5213 1821 5285 interpretaturrloclrina.

1021 5299 1121 5355 Plenoa
1135 5316 1202 5372 ergo
1223 5301 1354 5356 doetrinae
1375 5309 1520 5372 soquentes
1546 5318 1641 5358 versus
1661 5303 1775 5358 sollicite
1785 5312 1824 5357 at·

1021 5387 1112 5442 tende.
1130 5387 1257 5460 Congrue
1271 5397 1362 5443 autem
1385 5387 1448 5445 huie
1462 5389 1602 5446 octonario
1621 5389 1819 5462 prescribitur,

1056 5563 1123 5628 (raet
1136 5565 1172 5616 lix
1185 5565 1295 5617 Cassiod.
1308 5567 1334 5617 in
1347 5565 1411 5618 titul·
1426 5571 1451 5619 at
1463 5569 1571 5621 conatus.
1584 5569 1684 5632 pssimi.
