3940 6066
827 213 930 270 ruunt
951 209 1129 269 constant

707 465 991 574 PSALllUS
1030 463 1234 570 CXXX.

238 731 337 774 rsanur
351 732 487 772 rmunus:
505 739 516 764 a
535 730 675 771 eanrrcult
690 729 834 770 oaanuun.
853 735 865 764 ι
967 716 993 775 A
1008 720 1049 769 εει
1064 711 1259 784 conceptionis,
1284 710 1433 767 seeundum
1455 705 1573 762 alitionis
1589 703 1616 758 in
1631 709 1728 767 utero;
1745 707 1803 756 ter·

173 803 884 871 Domiacmoacsiecaliotum.Titulus:Canticum
896 819 956 873 qro-
1007 802 1072 857 tium
1089 801 1253 864 emissionis,
1280 808 1403 872 quartum
1424 795 1585 867 portationis
1599 789 1802 855 allactationis,

153 896 252 952 deum.
270 893 417 968 [Cassiod]
437 893 620 949 Duodecimus
635 890 735 963 gradus
750 898 792 946 εει
807 890 954 957 humilitas,
1007 891 1128 963 quintum
1144 887 1341 952 ablactationis,
1361 887 1398 941 ita
1418 893 1444 941 ει
1458 885 1485 939 in
1505 892 1583 938 utero
1597 880 1694 936 matris
1706 877 1804 934 Eccle-

154 998 238 1057 quam
254 982 326 1038 intus
339 990 365 1038 ει
379 990 455 1038 extra
465 980 509 1038 bie
524 997 553 1036 sc
568 982 669 1036 habore
680 979 807 1035 ostendit.
820 979 954 1035 Intentio:
1008 979 1065 1046 siae,
1090 978 1179 1049 primo
1203 976 1380 1047 concipimur,
1404 974 1468 1029 cltum
1490 971 1554 1026 srdei
1576 967 1735 1024 rudimentis
1758 966 1804 1022 in·

154 1073 246 1128 Monet
261 1071 297 1126 ad
311 1070 500 1126 humilitatem.
523 1070 620 1124 llodus
637 1087 645 1124 ι
661 1069 807 1139 Βιριιιιιιιε
826 1076 866 1122 εει
881 1067 957 1138 psal·
1008 1067 1146 1122 struimur.
1166 1066 1230 1121 luda
1253 1064 1382 1137 quasi-in
1405 1061 1527 1131 eiusdem
1550 1067 1629 1114 utero
1651 1053 1805 1119 alimania

155 1177 226 1219 mus.
247 1159 338 1215 Primo
353 1174 510 1231 proponens
536 1174 566 1213 se
581 1157 722 1221 humilem,
738 1173 848 1228 poenam
863 1156 958 1212 indicit
1007 1155 1109 1211 eisdem
1125 1152 1283 1225 primordiis
1298 1147 1476 1222 profitentes;
1492 1145 1592 1204 deinde
1605 1147 1633 1201 iu
1648 1145 1737 1200 lucem
1746 1142 1805 1198 edi·

156 1263 211 1305 uon
225 1247 330 1304 humili.
356 1246 483 1304 Secundo
503 1262 552 1302 sno
568 1245 693 1316 exemplo
707 1245 741 1299 ad
757 1260 834 1315 spem
854 1252 955 1312 mouet,
1006 1260 1070 1298 mur
1082 1243 1147 1297 dum
1162 1241 1382 1313 perbaptismum
1393 1251 1600 1311 regeneramur.
1610 1233 1715 1290 Deinde
1726 1230 1806 1303 quasi

156 1337 203 1404 ihi,
219 1340 313 1410 speret
328 1337 425 1393 lsrael.
438 1335 596 1392 Ostendens
612 1350 681 1406 ergo
695 1349 725 1389 se
740 1333 869 1387 humilem
885 1331 956 1388 intus
1007 1332 1134 1386 manibus
1167 1329 1300 1385 Ecclesiae
1325 1336 1477 1400 portamur,
1507 1332 1534 1380 ει
1565 1325 1635 1379 lacte
1658 1321 1804 1385 nutrimur,

157 1433 184 1481 ει
194 1432 280 1494 extra,
296 1423 352 1491 ait3
369 1441 386 1479 o
1007 1436 1070 1476 cum
1089 1427 1150 1489 post
1165 1418 1327 1488 baptismum
1343 1417 1370 1471 iu
1385 1415 1465 1471 honis
1474 1413 1601 1485 operibus
1615 1409 1804 1476 informamur,

192 1513 279 1571 Vsus.
295 1516 323 1570 t.
338 1543 373 1554 -
400 1535 411 1560 a
439 1511 565 1577 Domine,
588 1527 643 1566 non
671 1516 713 1566 est
737 1511 883 1566 exaltatum
907 1522 957 1564 cor
1007 1517 1034 1564 ει
1059 1508 1129 1563 laete
1150 1505 1281 1577 simplicis
1313 1504 1445 1561 doctrinae
1465 1499 1632 1574 proficiendo
1660 1498 1804 1567 nutrimur,

157 1622 169 1654 ι
187 1617 278 1657 meum
295 1617 302 1657 :
318 1617 408 1673 neque
423 1600 487 1656 elati
501 1599 645 1656 suntoculi
661 1599 726 1654 mei.
747 1622 758 1647 a
1007 1598 1096 1652 donec
1117 1596 1174 1664 jam
1197 1591 1382 1666 grandiusculi
1397 1609 1413 1646 ι
1432 1590 1501 1647 lacte
1521 1588 1615 1644 matris
1638 1585 1755 1658 separati
1769 1586 1806 1641 ad

192 1691 321 1755 Domina,
341 1705 399 1747 noa
425 1693 468 1745 cri
491 1689 655 1744 exaltatum
676 1688 758 1752 intus,
786 1702 834 1743 cor
850 1701 953 1742 mcum.
1007 1699 1131 1740 mensam
1149 1682 1231 1738 l‘atris
1246 1681 1418 1744 accedamus,
1443 1679 1471 1733 id
1485 1686 1555 1733 esta
1579 1675 1737 1747 simpliciori
1752 1674 1806 1728 do·

156 1777 277 1850 [liaym.,
294 1777 430 1844 Cassiod,
451 1780 533 1848 hup,
551 1773 659 1848 Haym.]
675 1775 726 1831 Per
743 1775 794 1831 hoc
807 1781 872 1829 nota
887 1789 956 1829 eon·
1007 1773 1104 1840 ctrina,
1122 1772 1168 1827 ubi
1183 1770 1348 1842 praedicatur
1363 1767 1482 1824 Verbum
1494 1765 1677 1838 caroiaetum,
1688 1762 1805 1820 acceda-

153 1866 275 1933 trarium,
291 1866 375 1922 idest
398 1864 568 1920 humiliatum
593 1872 634 1919 εει
648 1878 810 1928 cormeum,
830 1861 902 1934 quod
915 1869 957 1916 est
1007 1879 1068 1916 mus
1087 1862 1122 1916 ud
1140 1861 1258 1915 Verbum
1272 1859 1301 1913 in
1326 1857 1461 1929 principio
1484 1856 1555 1926 apud
1570 1855 1667 1908 Deum.
1684 1851 1749 1907 lude
1764 1858 1807 1906 εει

155 1953 319 2012 sacrificium
339 1955 416 2020 Deo;
433 1969 521 2026 neque
534 1954 589 2022 iam
605 1953 676 2008 clati
692 1955 760 2007 snat
777 1959 864 2015 extra,
881 1951 957 2006 oculi
1007 1950 1081 2022 qnod
1097 1949 1232 2004 abraham
1257 1963 1311 2002 non
1327 1946 1354 2000 in
1370 1945 1509 2001 nativitate
1528 1945 1616 2008 lsaac,
1636 1957 1690 1997 non
1704 1939 1734 1994 ia
1748 1941 1806 1996 clr-

77 2073 81 2080 ·
152 2044 210 2099 mci
226 2044 290 2116 quia
306 2042 414 2116 signum
426 2041 563 2112 superbiae
578 2039 697 2096 exterius
712 2055 767 2095 non
782 2038 899 2094 ostendi.
970 2039 1184 2127 Bcumcisione,
1201 2036 1249 2091 sed
1265 2036 1292 2090 in
1312 2034 1492 2090 ablactatione
1507 2047 1636 2103 magnum
1651 2028 1808 2086 conuiuium

191 2131 277 2189 Vens.
292 2135 320 2190 ι.
335 2161 370 2172 -
392 2152 403 2181 ι
427 2129 523 2202 Neque
548 2129 687 2184 ambulari
708 2129 736 2183 in
754 2128 863 2201 magnis
880 2145 887 2181 :
903 2143 954 2182 ne·
1007 2127 1107 2199 legitur
1130 2125 1228 2182 iecisse
1251 2125 1331 2194 (Gerr.
1356 2127 1430 2192 aar).
1456 2122 1520 2177 llaec
1546 2121 1665 2192 quinque
1680 2125 1807 2188 tempora

156 2241 167 2268 ι
185 2236 239 2291 que
257 2220 287 2276 in
300 2219 471 2275 mirabilibus
487 2233 571 2290 super
589 2233 646 2274 me.
669 2237 680 2268 a
1007 2225 1099 2272 sancta
1115 2216 1244 2270 observat
1255 2211 1389 2268 Ecclesia.
1407 2212 1478 2266 Dum
1500 2208 1573 2266 enim
1586 2207 1612 2262 iu
1628 2215 1723 2279 quarta
1737 2206 1807 2262 laria

190 2311 282 2384 Neque
304 2307 448 2365 ambulavi
471 2306 666 2378 superbiendo,
684 2306 849 2377 inaraqais,
865 2321 955 2378 neque
1007 2312 1112 2377 quartae
1134 2301 1314 2358 hebdomadae
1333 2299 1435 2355 militias
1468 2295 1639 2363 Cirristiauae,
1670 2294 1807 2368 agonistae

152 2402 186 2457 ta
201 2397 378 2455 mirabilibus
397 2413 484 2470 seper
497 2411 551 2459 ma.
568 2392 671 2468 [alogi
687 2394 714 2449 id
734 2402 844 2450 estnon
859 2392 896 2448 fui
911 2409 956 2447 su·
1007 2392 1105 2448 Christi
1120 2399 1260 2456 vocantur,
1278 2388 1355 2461 quasi
1369 2386 1501 2444 Ecclesia.
1515 2383 1626 2441 infantia
1641 2383 1805 2454 concipitur.

153 2488 268 2560 perhus,
283 2485 359 2541 nolui
378 2485 455 2556 quasi
478 2484 506 2538 in
528 2483 698 2538 mirabilibus
716 2481 887 2537 innotescere
903 2481 956 2535 ho·
1006 2481 1081 2536 'lunc
1095 2480 1167 2536 enim
1182 2495 1231 2551 per
1255 2477 1436 2534 exorcismum
1460 2484 1487 2532 ει
1511 2473 1704 2531 catechismum
1726 2471 1807 2527 rudi-

153 2575 283 2641 miuihus,
306 2589 361 2629 uon
383 2572 496 2644 quesivi
528 2570 630 2642 aliquid
662 2585 745 2641 supra
773 2570 844 2624 vires
869 2585 953 2632 meus,
1006 2568 1105 2624 mentis
1130 2566 1338 2622 Christianitatis
1361 2565 1528 2620 imbuuntur.
1554 2561 1659 2618 Deinde
1682 2559 1806 2632 quasiin

153 2658 226 2720 ande
241 2661 312 2732 apud
333 2661 474 2731 imperitos
494 2659 628 2727 jactarem
647 2673 701 2725 me,
717 2666 746 2712 ιιι
761 2657 806 2727 qui
821 2656 956 2712 mirabilia
1006 2665 1084 2712 utero
1102 2655 1234 2712 Ecclesiae
1257 2655 1374 2720 aluntur,
1401 2668 1488 2724 usque
1513 2651 1548 2708 ad
1573 2649 1722 2706 Sabbatum
1737 2665 1806 2704 san·

151 2750 205 2806 sibi
218 2755 321 2820 optant,
344 2748 414 2803 sicut
443 2746 537 2802 Simon
562 2747 657 2818 llagus
679 2745 707 2799 in
722 2744 890 2800 mirabilibus
905 2760 956 2801 vo·
1007 2753 1090 2812 ctum,
1106 2745 1134 2798 in
1149 2759 1203 2816 quo
1217 2759 1266 2814 per
1287 2741 1452 2813 baptismum
1466 2741 1501 2796 ad
1516 2739 1603 2796 lucem
1623 2747 1803 2810 generantur.

151 2837 200 2894 luit
216 2851 299 2907 supra
320 2852 351 2892 sc
375 2837 424 2903 irc,
449 2833 607 2890 delectatus*
622 2833 744 2905 potentia
758 2833 953 2904 apostolorum,
1007 2831 1137 2906 [illenim]
1152 2833 1256 2888 Deinde
1272 2831 1349 2904 quasi
1364 2830 1489 2885 manibus
1503 2827 1635 2886 Ecclesiae
1647 2833 1803 2898 gestantur,

151 2941 206 2983 non
218 2923 332 2995 justitia.
353 2922 426 2979 Talia
448 2921 532 2978 roluit
552 2921 653 2990 iacere,
680 2921 769 2993 qualia
784 2921 900 2986 apostoli
916 2920 929 2975 l
944 2952 956 2962 ·
1006 2931 1033 2978 et
1047 2921 1116 2978 lacte
1130 2921 1285 2977 nutriuntur
1297 2936 1384 2994 usque
1399 2918 1434 2974 ad
1450 2919 1637 2974 Pentecosten.
1654 2913 1716 2984 Quo
1730 2923 1804 2970 tem-

151 3015 270 3079 aiebam,
290 3013 340 3069 secl
356 3027 411 3067 non
434 3011 494 3066 talis
525 3027 586 3067 esse
608 3011 681 3077 (Aet.
702 3011 774 3080 vrri).
792 3011 856 3065 ldeo
871 3026 956 3082 supra
1005 3025 1071 3082 pore
1087 3009 1159 3064 nulla
1180 3007 1299 3064 difficilia
1322 3007 1487 3072 indicuntur,
1510 3021 1566 3061 nou
1585 3005 1733 3074 ieiunatur,
1748 3019 1808 3062 aon

152 3116 194 3170 se,
209 3099 237 3154 id
251 3105 293 3154 εει
308 3111 391 3168 ειριι
410 3095 484 3152 vires
509 3109 574 3151 suas
597 3103 656 3150 erat
674 3094 748 3166 quod
771 3095 888 3161 volebat,
906 3094 955 3150 sed
1006 3099 1094 3154 media
1110 3106 1190 3154 noete
1213 3095 1342 3169 surgitur.
1368 3096 1450 3152 Soror
1474 3109 1590 3165 namque
1613 3100 1703 3148 nostra
1718 3106 1807 3163 parua

151 3187 243 3261 potius
258 3184 437 3258 quaercndum
451 3191 494 3240 est
517 3199 552 3238 ne
564 3183 626 3255 quis
641 3182 780 3239 discordet
794 3182 822 3237 in
837 3198 954 3254 corpore
1005 3195 1057 3254 εει,
1079 3195 1105 3242 ει
1119 3187 1203 3242 ubera
1218 3201 1273 3240 nou
1293 3185 1376 3240 hahet
1391 3185 1485 3252 (Cant.
1502 3183 1574 3254 urar),
1595 3181 1657 3237 ideo
1671 3180 1806 3252 paulatim

152 3269 261 3342 Christi,
279 3273 351 3347 quod
366 3279 408 3328 εει
422 3272 555 3339 Ecclesia,
576 3287 626 3327 nce
642 3270 738 3341 mojori
761 3270 889 3340 invideat,
906 3271 955 3326 sed
1005 3275 1159 3330 nutrienda.
1177 3273 1254 3330 Unde
1269 3282 1332 3329 tune
1354 3273 1421 3328 illud
1438 3271 1509 3328 l‘etri
1529 3271 1555 3327 in
1569 3268 1691 3326 Ecclesia
1706 3276 1803 3323 cante-

149 3364 179 3419 ιι
193 3361 303 3418 alterius
319 3361 402 3424 bono,
423 3368 453 3415 ut
469 3359 497 3414 in
513 3374 563 3414 suo
582 3360 688 3430 gaudee
698 3367 716 3413 t.
738 3358 771 3415 Et
787 3358 833 3429 qui
847 3359 875 3412 in
889 3375 953 3430 gra·
1005 3371 1048 3418 tur
1064 3381 1070 3418 :
1090 3363 1175 3431 errrsi
1188 3362 1268 3418 modo
1281 3362 1372 3432 puniti
1385 3361 1526 3433 infantes,
1542 3359 1726 3414 rationabiles
1739 3357 1804 3414 riae

150 3451 195 3505 tiis
213 3449 343 3515 abundat,
360 3448 449 3522 magis
472 3463 502 3502 se
525 3447 659 3511 humiliet,
685 3446 836 3502 seeundum
860 3447 951 3501 illud:
1004 3451 1076 3513 doto,
1105 3458 1157 3506 etc.
1188 3450 1225 3520 (ll
1247 3452 1323 3506 Petr.
1349 3453 1389 3518 n).
1413 3451 1508 3502 l'ostca
1532 3447 1633 3518 Spiritu
1660 3445 1803 3516 paracleto

152 3537 263 3606 Quanto
274 3535 548 3609 majores,iaumilia
560 3539 587 3590 ιε
598 3535 630 3590 in
641 3534 881 3605 omaibaaOEccli.
898 3537 950 3604 ιιι).
1002 3536 1161 3600 confirmati,
1189 3537 1267 3609 quasi
1299 3536 1425 3592 aliiaetati
1458 3535 1588 3606 incipiunt
1617 3536 1749 3603 jejrrnarc,
1775 3543 1804 3588 ει

188 3625 393 3681 Verisa-1
421 3623 449 3680 Si
470 3637 525 3678 non
548 3622 685 3679 humiliter
705 3621 879 3678 sentiebam:
903 3624 952 3678 sed
1003 3627 1056 3683 alia
1072 3624 1192 3681 diflicilia
1207 3640 1327 3680 serrare.
1354 3621 1448 3697 [hoq]
1472 3623 1546 3678 lilulti
1562 3637 1627 3678 vero
1643 3629 1803 3694 pervertunt

153 3713 301 3771 «exaltari
315 3711 433 3769 animam
448 3728 551 3768 meam.
574 3736 585 3760 a
1002 3715 1075 3771 lrunc
1098 3715 1231 3780 ordinem,
1258 3721 1286 3768 ut
1306 3713 1426 3768 haeretici
1450 3721 1477 3768 ει
1498 3711 1672 3775 schismatici,
1689 3726 1719 3766 εε
1737 3719 1802 3766 ιιιε

186 3803 273 3858 Vsus.
288 3803 314 3858 ι.
335 3832 370 3844 -
396 3824 407 3850 a
430 3801 504 3858 Siout
528 3799 680 3856 ablactatus
700 3809 741 3856 est
764 3815 848 3873 super
866 3807 951 3855 matre
1002 3811 1136 3874 tempusa
1152 3803 1220 3858 laete
1236 3810 1404 3872 separantes,
1422 3801 1494 3856 uude
1508 3800 1716 3872 exstinguuntur
1732 3815 1739 3854 :
1755 3799 1802 3854 hic

153 3912 164 3942 ι
182 3908 240 3957 sua,
257 3890 293 3946 ita
308 3890 449 3947 retributio
464 3889 492 3944 iu
506 3889 598 3945 anima
613 3905 683 3944 mea.
703 3913 714 3937 ι
1001 3907 1068 3948 νειι
1089 3907 1213 3946 εειιεεεε
1237 3906 1267 3945 se
1291 3890 1365 3958 dicit,
1393 3889 1568 3962 obstringens
1588 3905 1617 3944 se
1641 3887 1799 3954 maledieto,

189 3981 219 4038 Si
232 3996 290 4037 aaa
306 3979 468 4044 humiliter,
492 3977 547 4052 [Gi.
575 3977 635 4046 int,
661 3976 746 4054 flagi
760 3978 839 4050 quasi
853 3978 949 4033 dieat:
1001 3979 1041 4035 sie
1057 3997 1064 4034 ε
1080 3977 1163 4048 Quasi
1187 3978 1257 4034 dicat
1274 3994 1281 4034 τ
1297 3979 1358 4034 Νοι
1382 3979 1463 4034 modo
1487 3977 1516 4033 in
1538 3976 1597 4032 aliis
1622 3973 1659 4031 lui
1675 3975 1799 4042 humilis,

150 4067 212 4124 Nou
227 4066 365 4124 ambulari
379 4067 536 4140 iumagnis,
553 4067 601 4121 sed
618 4066 768 4122 lrarailitcr
784 4067 949 4126 sentiebam.
1001 4068 1050 4124 sed
1073 4068 1153 4124 etiam
1178 4067 1206 4121 iu
1230 4067 1352 4134 scicntia,
1378 4067 1441 4139 quia
1469 4065 1606 4121 humiliter
1635 4064 1798 4130 sentiebam,

151 4153 285 4212 beneficia
300 4171 315 4209 a
329 4154 388 4210 Deo
403 4154 469 4209 mihi
484 4154 556 4209 data.
568 4157 602 4210 Et
617 4171 675 4210 aaa
686 4155 812 4210 cenitari
823 4157 951 4210 anianum
1000 4157 1074 4228 prius
1093 4156 1209 4211 nutritus
1228 4155 1255 4209 in
1278 4154 1356 4221 laete,
1373 4155 1446 4228 quod
1465 4162 1506 4210 est
1528 4154 1645 4210 Verbum
1669 4169 1734 4213 caro
1758 4153 1801 4208 la·

151 4259 255 4312 mom,
280 4242 474 4313 superbiendo.
500 4243 597 4297 Totum
624 4251 717 4313 repete
733 4243 863 4298 seriatim.
880 4243 913 4298 Et
928 4242 951 4296 si
1001 4252 1084 4309 ctum,
1102 4252 1129 4300 ut
1144 4245 1184 4300 sic
1208 4259 1361 4300 crescerem
1378 4244 1412 4299 ad
1428 4255 1526 4316 panem
1542 4243 1709 4316 angelorum,
1726 4240 1800 4296 scili-

151 4348 208 4388 non
238 4331 377 4387 humiliter
413 4330 574 4395 sentiebam,
611 4331 659 4386 sed
690 4331 803 4386 exaltavi
831 4332 951 4386 unimam
1000 4340 1044 4388 cet
1057 4332 1091 4388 ad
1107 4333 1224 4387 Verbum
1241 4333 1312 4404 quod
1328 4341 1386 4388 erat
1411 4333 1438 4386 in
1462 4331 1597 4403 principio
1611 4331 1682 4400 apud
1697 4331 1798 4384 Deum.

152 4435 251 4488 meam,
268 4421 310 4476 iia
324 4417 370 4474 fiat
382 4418 531 4476 retributio
545 4420 577 4474 ira
588 4421 685 4475 animo
695 4435 767 4475 raca.
781 4420 820 4474 lta
831 4436 879 4491 per
889 4434 950 4474 eam
1000 4422 1067 4476 Nam
1083 4421 1142 4491 ipse
1157 4429 1198 4476 cst
1221 4421 1298 4492 panis
1323 4421 1357 4476 de
1376 4436 1430 4492 quo
1453 4418 1543 4474 iulans
1565 4420 1702 4491 pascitur3
1719 4416 1800 4488 panis

151 4524 206 4582 ego
218 4510 293 4565 sicel
309 4508 407 4581 aliquis
433 4508 595 4563 incumbens
622 4524 707 4581 super
722 4513 841 4564 taetram
856 4524 947 4574 suam,
1000 4509 1071 4564 enim
1086 4509 1120 4564 de
1143 4525 1238 4563 mansa
1260 4508 1389 4577 trajicitur
1409 4524 1459 4580 per
1482 4507 1575 4562 matris
1593 4506 1751 4572 mamillam,
1767 4515 1799 4560 ut

150 4598 178 4652 id
189 4603 231 4652 est
241 4597 367 4670 indigens
376 4595 463 4652 foueri
475 4596 535 4651 sinu
546 4597 650 4661 matris,
662 4596 741 4667 perit,
754 4596 776 4650 si
785 4596 817 4650 sit
829 4597 950 4652 oblecto·
1000 4597 1039 4653 sie
1054 4597 1194 4669 perveniat
1208 4598 1279 4653 idem
1293 4597 1449 4652 alimentum
1468 4598 1500 4652 ad
1515 4613 1627 4668 parvum
1642 4595 1771 4650 infantem
1792 4613 1799 4649 ε

154 4691 210 4752 trra,
226 4684 255 4740 id
269 4692 340 4740 εειι
364 4684 435 4742 lacte
454 4685 548 4739 matris
576 4691 725 4755 separatus,
752 4683 897 4757 obstringit
919 4699 949 4738 se
1000 4685 1038 4741 sic
1054 4685 1175 4742 Christus
1194 4702 1255 4742 cum
1280 4693 1352 4741 esset
1377 4685 1495 4742 Verbum
1524 4685 1550 4739 in
1566 4683 1700 4756 principio
1722 4685 1798 4755 apud

149 4773 202 4830 iste
216 4772 371 4830 maledieto.
398 4771 545 4846 [Cassiod.,
563 4769 681 4845 alcuin]
701 4773 757 4827 lloc
772 4781 862 4827 autem
879 4772 985 4830 sole-D
1002 4775 1117 4839 Patrem,
1135 4774 1241 4846 qualem
1256 4790 1305 4846 pro
1326 4773 1407 4830 modo
1429 4789 1479 4830 suo
1493 4773 1584 4846 angeli
1597 4772 1749 4844 capiebant,
1765 4781 1798 4826 ut

152 4878 214 4918 mus
228 4863 330 4929 dicere,
354 4861 462 4934 quando
482 4861 516 4918 dc
531 4877 613 4918 causa
628 4861 697 4916 benc
711 4859 882 4918 confidimus.
900 4861 949 4918 Vel
998 4879 1095 4934 panem
1110 4861 1269 4934 augelorum
1285 4862 1463 4918 manducaret
1475 4863 1565 4930 homo,
1578 4861 1666 4933 ipsum
1677 4860 1797 4916 Verbum

148 4951 186 5008 ιιι
201 4969 209 5007 :
227 4951 256 5009 Si
272 4967 327 5007 non
342 4950 488 5006 humiliter.
516 4949 604 5006 Utitur
618 4949 803 5016 similitudine,
820 4950 948 5006 ablactati
998 4966 1063 5007 caro
1078 4950 1176 5006 lactum
1196 4959 1246 5019 est,
1264 4958 1292 5005 ut
1307 4965 1356 5021 per
1370 4966 1481 5006 caruem
1497 4949 1706 5022 pauiseoelestis
1719 4957 1798 5004 tran·

148 5040 177 5094 in
191 5039 347 5104 maledicte,
374 5052 462 5112 agens
476 5038 512 5093 de
527 5037 651 5094 Ecclesia
667 5036 800 5111 infigura
824 5037 948 5094 laetantis
998 5039 1065 5094 siret
1079 5039 1114 5094 ad
1130 5037 1253 5094 infantes.
1280 5039 1313 5094 Et
1329 5039 1477 5095 secuudum
1502 5040 1553 5094 hoc
1566 5038 1654 5110 ipsum
1676 5037 1803 5110 Verbum¹

152 5128 256 5184 matris.
282 5127 356 5184 Siout
380 5127 453 5183 enirn
473 5125 591 5199 quinque
621 5134 745 5197 tempora
773 5135 900 5182 notantur
921 5127 948 5182 in
999 5125 1158 5184 crucifixum
1174 5135 1225 5194 εει,
1242 5127 1290 5182 sed
1307 5144 1361 5183 non
1384 5135 1426 5184 est
1441 5136 1573 5182 mutatum
1587 5127 1613 5181 in
1629 5125 1795 5182 hominem:

151 5215 253 5272 carnali
280 5215 469 5288 procreatione
490 5223 515 5273 ει
534 5213 654 5280 alitione,
682 5215 719 5270 ita
741 5215 769 5270 in
799 5215 943 5286 spirituali.
999 5219 1081 5272 homo
1105 5225 1220 5271 mutatus
1240 5225 1281 5270 εει
1307 5215 1332 5269 in
1363 5215 1419 5280 illo,
1444 5224 1471 5271 ut
1490 5215 1586 5271 melior
1608 5213 1687 5270 lieret
1710 5231 1795 5286 quarn

151 5302 229 5359 Prius
244 5303 316 5360 euim
335 5304 504 5375 concipimur
518 5303 546 5358 iu
561 5311 649 5368 utero,
666 5303 765 5359 deiude
780 5304 880 5359 ibidem
896 5304 948 5359 ali·
998 5313 1062 5367 erat,
1089 5319 1144 5358 nou
1164 5312 1189 5358 ut
1208 5305 1267 5372 ipsa
1292 5303 1441 5358 substantia
1475 5303 1555 5358 Verbi
1577 5311 1794 5360 converteretur.

152 5390 367 5453 manducacis
384 5391 472 5448 lucem
490 5392 612 5455 edamur,
638 5391 737 5447 deinde
751 5392 877 5447 manibus
893 5409 948 5446 ma·
999 5393 1048 5446 Per
1061 5391 1088 5445 irl
1104 5391 1177 5463 quod
1193 5393 1273 5448 lromo
1296 5400 1363 5458 crat,
1389 5401 1518 5456 mortuus,
1536 5400 1577 5447 εει
1592 5391 1685 5456 Deus3
1701 5399 1728 5446 ει
1744 5407 1797 5463 ρει·

151 5478 202 5536 tris
216 5489 365 5552 gestamur,
382 5487 409 5536 ct
423 5480 492 5538 lacte
507 5481 641 5536 nutrimur
664 5496 805 5552 quousque
821 5480 946 5536 ablactati
996 5480 1024 5536 id
1047 5480 1119 5552 quod
1141 5481 1215 5538 Deus
1234 5487 1303 5547 crat,
1327 5481 1409 5536 bomo
1432 5480 1562 5537 excitatus
1584 5488 1625 5536 est
1649 5488 1677 5537 et
1696 5496 1795 5538 ream·

150 5567 324 5624 culmensem
338 5567 425 5638 patris
439 5568 609 5625 accedamus.
626 5569 745 5625 Primum
762 5585 829 5643 ergo
840 5577 947 5639 tempus
996 5567 1074 5624 rexit.
