3940 6066
246 185 314 240 aare
873 149 874 152 ‘
910 177 1013 236 rasni
1039 175 1228 236 nonatum.
1830 187 1897 244 saar

280 306 367 362 Vsus.
384 307 480 362 lo-ia.
495 335 530 348 ·-
546 325 559 358 ι
575 303 671 364 Gloria
685 311 777 360 autem
792 311 819 360 et
833 303 923 360 bonor
945 311 973 360 ει
989 318 1043 374 pax
1057 301 1154 362 Asine
1168 302 1230 378 lege
1244 312 1428 376 peccaverunt
1441 303 1503 361 sine
1517 289 1581 380 lege
1595 303 1733 378 peribunt,
1750 313 1777 363 et
1796 307 1844 380 qui
1868 307 1896 362 in

246 415 258 446 ι
275 393 698 466 omnioperantibonum,ludaeo
708 392 825 464 primum
835 392 1043 450 elGraeco.Non
1093 389 1155 463 lege
1169 399 1349 462 peccaverunt
1363 409 1414 464 per
1427 393 1519 465 legem
1527 394 1731 464 judicabuntur.
1743 395 1803 467 (ιι)
1814 393 1894 464 Quod

248 483 350 540 «enirn
364 492 406 540 est
425 483 548 555 acceptio
571 498 751 555 personarum
772 481 844 553 apud
863 483 960 538 Deum.
978 479 1043 548 Qui·
1092 487 1181 534 autem
1196 479 1241 547 ait,
1254 479 1455 550 judicabuntur,
1472 498 1527 537 non
1539 481 1892 556 itaestintelligendum,ut

246 593 257 620 s
276 587 383 644 cunque
398 571 471 628 enim
486 571 545 627 sine
561 571 622 644 lege
637 570 894 642 peccaverunt,aine
904 569 966 640 lege
976 585 1042 640 per·
1092 567 1170 640 quasi
1185 585 1232 639 per
1247 567 1339 640 ignem
1355 569 1424 625 salvi
1442 568 1516 636 fiant,
1542 579 1573 624 ιιι
1586 570 1696 644 quidam
1717 571 1823 636 dicunt,
1844 571 1893 627 sed

247 681 259 710 ι
275 659 352 715 ibunt
362 679 369 727 ;
380 667 406 715 ει
419 659 573 732 quicunque
584 659 612 714 in
623 659 882 732 legcpeccaverunt,
892 674 942 728 per
952 657 1041 730 legem
1092 671 1205 728 prorsus
1219 657 1357 728 peribunt.
1376 657 1506 714 Nonnulli
1521 658 1594 714 enim
1609 659 1741 715 Catholici
1761 667 1893 715 tractato-

247 769 259 801 ι
273 743 477 818 judicabuntur.
494 748 556 804 Non
576 745 647 803 enim
664 747 803 802 auditores
817 745 887 818 legis
899 746 964 814 justi
980 752 1043 801 sunt
1092 760 1138 800 res
1152 743 1179 799 in
1198 744 1241 800 bis
1255 745 1348 800 verbis
1363 745 1486 817 Apostoli
1500 763 1648 819 parumper
1661 747 1833 804 intendendo
1848 748 1892 802 ali·

246 857 259 887 ι
276 835 348 907 apud
363 837 465 902 Deum;
482 836 531 891 sed
546 834 662 892 lectores
677 834 747 907 legis
759 833 1014 903 justificabuntur.»
1092 840 1132 890 ter
1145 849 1227 906 qnam
1241 851 1286 889 res
1302 850 1331 890 se
1351 835 1434 892 babet
1458 843 1614 908 sapuerunt,
1640 843 1667 890 ιιι
1685 836 1810 893 dicerent
1831 835 1893 892 illos

281 925 354 990 Pac,
371 925 445 996 quod
460 938 554 996 supra,
575 922 755 993 incorruptio,
767 923 1044 995 eritomnioperonti
1090 921 1182 994 perire
1197 921 1243 994 qui
1262 922 1320 978 sine
1345 923 1407 998 iege
1425 931 1619 996 peccaverunt.
1649 925 1705 979 lios
1728 933 1824 982 autern
1849 925 1892 997 qui

244 1012 358 1079 bonam,
374 1012 469 1070 ladoeo
487 1012 621 1083 primum,
640 1018 762 1082 tempore
777 1011 910 1081 operanti,
927 1011 971 1066 vel
986 1011 1043 1082 pri·
1092 1009 1119 1066 in
1132 1010 1194 1084 lege
1206 1020 1401 1083 peccaverunt,
1414 1011 1530 1082 judicari
1541 1020 1653 1081 tantum,
1670 1021 1696 1069 et
1711 1029 1768 1068 non
1782 1013 1890 1085 perire;

243 1117 328 1167 mum,
344 1099 371 1155 id
387 1109 428 1156 est
449 1099 567 1156 maxime
590 1099 714 1172 operanti
733 1099 854 1166 bonum;
870 1099 1042 1171 quiameiius
1091 1105 1219 1172 tanquam
1247 1116 1298 1171 per
1321 1115 1417 1172 pannas
1449 1101 1623 1174 purgatorias
1651 1101 1800 1158 credantur
1829 1117 1890 1158 esse

243 1189 401 1254 instructus,
419 1187 517 1244 melius
538 1196 688 1260 operatur;
703 1193 732 1244 ct
748 1188 850 1252 Graeco,
867 1187 895 1243 id
919 1196 961 1244 est
974 1204 1041 1260 gen·
1091 1187 1228 1260 purgandi
1244 1188 1314 1244 sicut
1327 1188 1372 1246 ille
1388 1189 1421 1244 de
1437 1205 1490 1261 quo
1514 1189 1614 1245 dictum
1633 1198 1674 1245 εει
1691 1205 1697 1244 :
1715 1189 1766 1247 itte
1789 1195 1890 1246 nutem

243 1275 293 1331 tiii.
305 1277 590 1343 Nonenimcal,etc.;
602 1275 679 1348 qnasi
694 1275 767 1334 dicat
780 1277 1041 1348 :Coaequoludaeum
1091 1277 1186 1332 salvus
1210 1278 1276 1344 erit,
1305 1279 1345 1334 alc
1371 1281 1468 1333 tantan
1496 1281 1576 1352 quasi
1593 1294 1645 1350 per
1664 1278 1758 1350 mnam
1775 1279 1801 1348 (i
1817 1278 1889 1348 Cor,

240 1371 268 1421 et
277 1362 408 1438 gentilem
420 1364 448 1420 in
464 1379 545 1436 poena
566 1373 593 1420 et
615 1365 713 1438 gloria.
738 1366 832 1431 Enim,
855 1363 884 1420 id
896 1373 944 1421 est
967 1366 1039 1438 quia,
1091 1363 1143 1434 ιιι).
1159 1363 1254 1438 [Aug]
1268 1365 1322 1422 Sed
1341 1365 1393 1423 hoc
1413 1366 1510 1422 merito
1534 1365 1700 1423 fundamenti
1725 1367 1832 1422 bonum
1847 1368 1889 1424 in-

243 1469 302 1509 non
317 1451 910 1527 ertacccptiopcrsonotnmopnchum,id
926 1454 1041 1526 estquis
1091 1452 1230 1526 telligitur,
1262 1454 1296 1511 de
1319 1470 1373 1526 quo
1396 1454 1433 1510 ibi
1460 1455 1561 1529 agebat
1586 1456 1740 1526 Apostolus.
1768 1457 1821 1512 iiic
1844 1471 1889 1511 au·

242 1543 318 1598 Deus
329 1541 443 1611 judicat,
467 1559 522 1599 non
547 1543 698 1599 secundum
719 1558 862 1614 personas,
880 1543 929 1599 sed
943 1559 1041 1599 secun-
1092 1548 1146 1597 tem
1161 1541 1194 1598 de
1219 1542 1320 1599 Judaeis
1338 1542 1375 1598 ait
1392 1544 1548 1616 Apostolus,
1574 1544 1620 1616 qui
1635 1543 1693 1600 sine
1708 1543 1889 1600 fundamento

242 1631 307 1688 dum
322 1631 503 1704 merita,quia
526 1640 655 1705 utrosque
674 1633 824 1688 secundum
841 1633 952 1688 modum
975 1629 1199 1716 pec-BChristo
1228 1640 1299 1687 sunt.
1324 1631 1392 1700 Quis
1421 1641 1512 1688 autem
1540 1633 1709 1688 Christianus
1730 1633 1804 1689 dicat
1835 1648 1888 1688 non

242 1720 294 1777 cati
309 1720 431 1777 damnat.
457 1719 609 1794 [embron]
628 1722 690 1777 Non
704 1720 777 1776 enirn
791 1721 974 1794 praerogativa
987 1737 1039 1793 ge-
1090 1715 1179 1788 perire
1205 1716 1340 1782 Judaeum,
1366 1716 1389 1771 si
1417 1732 1472 1772 non
1496 1717 1590 1773 credat
1608 1717 1635 1773 in
1660 1717 1806 1784 Christum,
1841 1717 1889 1772 sed

242 1808 315 1864 neris
339 1807 463 1881 sequitur
479 1817 508 1864 ut
529 1809 661 1882 suscipiat
681 1825 764 1866 causa
787 1817 893 1881 patrum
914 1808 1040 1865 diffiden·
1088 1804 1275 1860 tantummodo
1299 1803 1434 1873 judicari,
1467 1819 1530 1862 cum
1556 1804 1679 1860 Christus
1702 1806 1762 1877 ipse
1789 1805 1887 1861 dicat:

242 1905 307 1964 tem,
325 1904 372 1953 aut
400 1897 508 1968 abjiciat
535 1913 552 1954 a
576 1905 727 1969 sepropter
748 1897 937 1971 indignitatem
956 1913 1041 1956 causa
1089 1889 1171 1961 Quod
1184 1891 1352 1948 tolerabilius
1368 1893 1417 1948 erit
1433 1893 1560 1949 Sodomae
1582 1893 1726 1964 injudicio
1740 1911 1826 1967 quarn
1839 1893 1891 1950 Ju-

242 1985 351 2042 Patrum
366 1986 539 2054 credentem
556 1985 605 2042 scd
621 2001 841 2060 unumquemque
855 1987 969 2059 proprio
983 2003 1040 2044 me·
1089 1980 1155 2036 daeis
1169 1980 1197 2035 in
1211 1981 1348 2036 Christum
1371 1998 1426 2037 non
1443 1981 1627 2047 credentibus,
1644 1982 1690 2055 qui
1705 1991 1778 2038 tanta
1799 1983 1829 2037 in
1849 1983 1890 2038 eis

241 2073 303 2141 rito,
319 2081 365 2130 aut
381 2082 544 2142 remunerat,
561 2083 607 2130 aut
622 2075 794 2130 condemnat.
811 2076 930 2132 Etvere.
947 2076 1037 2144 Enim,
1089 2067 1152 2126 iecit
1165 2068 1324 2126 mirabilia?
1343 2070 1452 2140 (detta.
1470 2069 1511 2142 ιι).
1533 2071 1566 2126 Et
1588 2071 1652 2126 item
1667 2071 1822 2144 dicitquod
1838 2088 1890 2128 er·
1923 2076 1927 2084 '

241 2161 269 2218 id
284 2163 920 2237 estquis,quicunqnepeccaueruntsincleqe,
936 2163 1040 2221 scilicet
1088 2157 1255 2214 cusationem
1270 2175 1325 2214 non
1344 2159 1482 2214 habebunt
1505 2159 1539 2214 de
1562 2168 1675 2232 peccato
1697 2158 1888 2228 infidelitatis,

242 2251 353 2325 scripta,
369 2251 398 2308 id
412 2260 453 2308 est
461 2251 587 2326 gentiles,
593 2254 736 2326 peribant,
744 2251 819 2309 idest
827 2252 1038 2320 damnabuntur,
1088 2246 1153 2319 quia
1167 2245 1241 2302 venit
1256 2255 1282 2302 et
1297 2247 1402 2302 locutus
1416 2254 1457 2302 est
1472 2247 1512 2304 eis
1527 2249 1618 2320 (toan.
1635 2249 1695 2320 xv),
1718 2249 1821 2321 dequo
1836 2249 1889 2305 ba-

241 2325 303 2397 e'ine
319 2342 385 2413 lege,
402 2341 482 2397 idest
496 2357 550 2397 non
565 2357 614 2413 pro
628 2341 699 2416 legis
721 2341 958 2414 praevaricatione.
979 2341 1039 2398 Nisi
1087 2335 1153 2391 bent
1166 2335 1368 2392 excusationem
1392 2335 1440 2404 ilii,
1466 2335 1567 2410 quibus
1583 2352 1633 2394 nec
1647 2354 1697 2408 per
1713 2354 1752 2404 se,
1769 2353 1823 2394 nec
1838 2355 1890 2410 per

239 2428 275 2484 de
289 2429 351 2503 lege
366 2429 467 2501 scripta
482 2429 597 2498 diceret,
622 2430 759 2501 quomodo
783 2430 886 2487 diceret
901 2430 960 2486 sine
975 2429 1038 2503 lege
1088 2440 1152 2480 suos
1163 2424 1270 2480 locutus
1285 2433 1337 2492 est,
1353 2424 1400 2498 qui
1421 2431 1511 2481 tamen
1534 2440 1589 2482 non
1611 2423 1741 2500 effugient
1767 2425 1887 2482 damna-

239 2531 367 2588 peceare,
384 2535 445 2574 cum
461 2534 557 2574 omnes
572 2519 672 2574 subditi
686 2519 739 2574 sint
758 2519 876 2574 naturali
895 2519 949 2591 legi
966 2537 974 2574 τ
989 2519 1038 2575 sed
1087 2509 1198 2580 ῐίῡῐιθιῦι
1215 2512 1280 2586 quia
1294 2513 1340 2586 qul
1362 2513 1420 2569 Sine
1444 2513 1506 2588 lege
1524 2523 1726 2586 peccaverunt.
1745 2513 1804 2571 Sine
1824 2516 1889 2590 lege

240 2604 275 2662 de
289 2605 357 2662 iilosi
371 2605 434 2680 lege
449 2607 523 2674 dicit,
548 2607 593 2664 cui
611 2606 698 2663 ludaei
716 2607 827 2663 obnoxii
845 2615 920 2663 sunt.
944 2607 1038 2681 [nug]
1087 2601 1225 2672 peribunt,
1258 2600 1361 2659 leviora
1376 2609 1467 2658 tamen
1495 2603 1614 2675 passuri.
1645 2603 1693 2659 Cui
1722 2603 1794 2659 enim
1823 2605 1888 2676 plus

240 2693 337 2750 Aiebat
352 2694 425 2750 enirn
440 2695 596 2767 Apostolus,
611 2695 654 2752 hic
669 2696 704 2751 de
718 2695 764 2750 illa
778 2695 850 2767 iege,
867 2711 948 2768 quam
962 2696 1038 2751 dedit
1087 2690 1280 2760 committitur,
1296 2690 1358 2763 plus
1374 2691 1408 2746 ab
1422 2706 1455 2746 eo
1471 2691 1589 2767 exigitur
1605 2711 1612 2759 ;
1637 2700 1663 2748 ει
1684 2709 1780 2748 seruus
1794 2693 1887 2750 sciens

239 2783 372 2838 Dominus
390 2799 441 2856 per
455 2785 550 2840 blesen
573 2783 673 2856 populo
695 2782 788 2840 israel.
813 2783 876 2839 ideo
896 2798 965 2858 ergo
978 2784 1037 2841 sine
1086 2778 1252 2836 voluntatem
1265 2779 1368 2835 domini
1393 2780 1445 2852 sui,
1463 2788 1490 2836 et
1514 2796 1568 2836 non
1595 2779 1707 2850 iaciens,
1725 2781 1818 2838 multis
1833 2799 1885 2838 ra-

239 2870 303 2945 lege
324 2871 392 2928 dixit
413 2887 470 2940 eos,
492 2872 519 2928 id
541 2880 583 2929 est
605 2872 722 2945 gentiles
741 2887 868 2945 peccare,
894 2873 959 2946 quia
982 2888 1037 2928 non
1085 2865 1190 2938 pulabii
1203 2869 1281 2939 (an.
1296 2867 1359 2940 x¹¹)·
1374 2867 1435 2923 Νοιι
1450 2869 1532 2936 essim,
1555 2876 1620 2937 0¹⁰„
1636 2877 1663 2926 θῑ
1685 2869 1762 2942 quasi
1785 2869 1887 2945 &liquis

239 2968 402 3032 acceperant
416 2961 507 3034 legem
530 2977 610 3034 quam
634 2978 664 3018 se
688 2961 829 3033 accepisse
850 2960 1037 3036 gloriabantur
1087 2954 1191 3012 diceret
1208 2955 1301 3012 :Dicis
1316 2972 1363 3012 cos
1382 2956 1427 3029 qui
1441 2956 1469 3012 in
1483 2957 1546 3032 lege
1571 2965 1762 3030 peecaverunt,
1778 2975 1830 3030 per
1843 2959 1887 3015 le-

238 3049 325 3105 Judaei
342 3066 349 3105 ε
364 3049 481 3122 ideoque
496 3050 541 3116 ait,
558 3049 712 3124 quicunque
735 3050 794 3107 sine
818 3051 880 3124 lege
900 3065 1036 3121 peccave·
1051 3049 1069 3078 ⁴
1087 3059 1150 3118 gem
1162 3043 1289 3116 judicari,
1318 3043 1367 3100 scd
1381 3061 1471 3101 nonne
1484 3044 1526 3101 lex
1541 3045 1598 3102 sola
1617 3045 1722 3102 salvat?
1736 3046 1775 3101 ait
1790 3047 1886 3118 enim,

241 3137 424 3205 mnt,scilicet
439 3138 540 3211 scripta
550 3141 766 3212 quaeperblosen
776 3139 840 3194 data
847 3146 887 3195 est
897 3138 1034 3212 sinelege,
1087 3133 1151 3204 quia
1166 3149 1220 3188 non
1234 3131 1404 3204 iaciijustos.
1420 3135 1453 3190 Ει
1468 3133 1520 3191 hoc
1530 3142 1572 3190 est
1589 3149 1596 3189 τ
1612 3135 1682 3190 Vere
1697 3135 1779 3190 etiam
1793 3135 1886 3209 legem

241 3226 376 3297 peribunt.
384 3227 442 3298 (79)
453 3228 692 3301 Elquicnnquein
704 3227 808 3300 lege,id
818 3226 954 3300 estlegem
966 3226 1036 3283 scri-
1087 3221 1218 3278 babentes
1229 3221 1432 3292 judicabuntur.
1455 3223 1516 3280 Non
1540 3225 1618 3280 enim
1641 3223 1787 3281 auditores
1817 3227 1886 3299 legis

238 3315 460 3387 ptambabentes,
469 3315 699 3388 peccaverunt,id
710 3321 751 3372 est
760 3315 857 3382 ludaei,
864 3315 1038 3388 judicaban-
1081 3311 1158 3382 justi
1171 3316 1242 3366 runt
1255 3311 1331 3385 opud
1361 3313 1459 3379 Datim,
1476 3312 1525 3368 elsi
1546 3312 1619 3384 apud
1635 3312 1777 3379 homines,
1800 3313 1830 3369 id
1845 3323 1886 3369 esi

241 3407 290 3459 tar
306 3419 360 3476 per
371 3403 643 3476 lepem,idestetiam
657 3419 707 3475 pro
719 3403 788 3475 legis
799 3403 1034 3474 prevaricatione,
1086 3415 1141 3455 non
1156 3414 1206 3470 pro
1243 3399 1336 3455 auditu
1351 3399 1421 3472 legis
1447 3401 1506 3457 solo
1529 3401 1614 3474 aliqui
1634 3401 1699 3470 justi
1714 3391 1786 3456 ‘sunt
1810 3403 1885 3474 apud

239 3489 336 3564 inquo
351 3499 480 3563 aggravat
495 3509 553 3549 eos.
570 3489 623 3561 Qui
634 3508 702 3564 ergo
717 3491 950 3549 noveruntdivina
960 3509 1036 3547 man·
1086 3488 1193 3556 Deum,
1208 3488 1256 3544 real
1270 3493 1393 3556 factores
1410 3491 1489 3562 legis,
1504 3489 1531 3545 id
1546 3496 1588 3545 est
1597 3489 1636 3545 illi
1644 3489 1689 3561 qui
1699 3489 1790 3562 legem
1799 3507 1885 3562 opere

240 3578 314 3646 data,
331 3578 452 3635 aufertur
466 3580 501 3635 ab
516 3580 556 3636 eis
570 3580 710 3638 excusatio
725 3597 806 3654 quam
833 3580 921 3637 solent
936 3581 1036 3638 habere
1086 3576 1198 3648 implent
1211 3575 1370 3652 (Αιιιιιιοε.)
1388 3577 1492 3634 scilicet
1505 3579 1551 3651 qui
1565 3578 1679 3635 credunt
1694 3578 1720 3634 in
1734 3579 1884 3648 Christum,

238 3667 363 3725 homines
386 3668 421 3725 de
447 3668 610 3742 ignorantia,
638 3670 686 3726 sed
714 3685 766 3726 nec
792 3669 844 3741 ipsi
868 3669 927 3726 sine
954 3685 1037 3741 poena
1086 3681 1168 3738 quern
1182 3665 1225 3722 lex
1249 3665 1384 3738 promisit,
1406 3667 1560 3740 quicunque
1586 3665 1640 3723 sint
1668 3667 1740 3740 quod
1770 3667 1886 3740 quidem

239 3757 376 3831 enrntqui
400 3758 490 3832 legem
518 3759 568 3814 Dei
597 3759 735 3826 nesciunt;
754 3766 780 3814 et
795 3758 858 3814 licel
873 3758 986 3830 gravius
1001 3758 1036 3814 sit
1086 3761 1127 3810 cst
1140 3771 1191 3826 per
1205 3755 1334 3826 gratiam,
1351 3756 1601 3828 justificabuntur,
1619 3755 1697 3812 idest
1717 3756 1783 3826 iusti
1799 3757 1885 3814 habe-

237 3845 375 3904 bominem
389 3862 505 3919 peccare
519 3847 650 3905 scientem
674 3864 754 3921 quam
778 3848 955 3912 nescientem,
980 3863 1037 3903 non
1086 3843 1195 3913 buntur,
1212 3843 1312 3918 [hug]
1336 3844 1403 3914 justi
1425 3844 1628 3917 deputabuntur
1650 3845 1722 3917 apud
1743 3845 1835 3902 Deum
1857 3855 1883 3902 et

238 3944 329 3993 tamen
343 3936 405 3992 ideo
419 3935 579 4010 fugiendum
595 3943 636 3994 εει
655 3937 688 3991 ad
709 3936 871 4008 ignorantie
891 3935 1034 4006 tenebras,
1086 3931 1224 3988 homines.
1243 3933 1300 4004 (82)
1317 3932 1364 3988 Vel
1383 3933 1421 3988 ita
1436 3933 1507 4006 lege,
1523 3933 1642 3992 iactares
1661 3933 1731 4008 legis
1750 3933 1885 4005 justifica-

238 4033 267 4080 ut
281 4025 309 4080 in
324 4025 363 4080 eis
378 4024 494 4098 quisque
518 4025 720 4082 excusationem
747 4025 875 4097 requirat.
899 4022 980 4080 atiud
994 4032 1036 4079 εει
1086 4018 1194 4088 buntur,
1219 4019 1304 4076 idest
1326 4021 1392 4091 iusti
1408 4021 1504 4077 ilenta
1525 4023 1593 4088 Deo,
1610 4029 1639 4077 ut
1667 4021 1720 4078 sint
1745 4021 1880 4080 iactares.

238 4112 309 4170 enim
325 4112 457 4180 nescisse,
481 4113 553 4168 aliud
570 4113 640 4170 scire
655 4112 785 4170 noluisse.
807 4113 864 4182 (80)
880 4112 1036 4184 Ignorantia
1085 4108 1146 4163 Non
1161 4109 1234 4165 enim
1256 4109 1293 4165 ita
1322 4118 1363 4166 εει
1383 4109 1591 4182 intelligendum
1613 4118 1642 4165 ut
1661 4111 1732 4168 dieat
1761 4129 1812 4168 eos
1839 4113 1885 4186 qui

238 4201 339 4272 quippe
353 4217 415 4273 quae
434 4216 489 4256 non
510 4207 551 4256 est
572 4217 667 4256 eorum
697 4199 742 4273 qui
766 4199 837 4257 scire
857 4200 960 4267 nolunt,
986 4199 1035 4257 sed
1086 4205 1149 4254 ante
1163 4207 1241 4253 erant
1254 4197 1370 4255 factores
1385 4198 1465 4271 legis,
1486 4207 1580 4271 postea
1593 4197 1753 4270 justificari;
1771 4201 1822 4258 sed
1840 4219 1885 4274 po

237 4288 284 4360 qui
300 4296 429 4361 tanquam
445 4287 604 4359 simpliciter
622 4288 756 4356 nesciunt,
767 4288 905 4345 neminem
924 4287 964 4344 sic
985 4305 1032 4345 er·
1085 4285 1139 4340 tius
1155 4286 1211 4354 sic,
1227 4295 1255 4342 ut
1271 4288 1388 4344 sciamus
1404 4287 1483 4344 aliter
1497 4304 1551 4345 non
1572 4305 1634 4345 esse
1654 4287 1773 4346 factores
1792 4291 1883 4366 legis,

239 4383 316 4433 cusat
330 4383 359 4431 ut
374 4375 538 4449 sempiterno
562 4375 626 4448 igne
650 4392 705 4431 non
724 4377 825 4443 ardeat,
846 4376 895 4433 sed
918 4371 1070 4434 fortasseD
1083 4373 1135 4429 nisi
1147 4373 1330 4446 justificentur
1345 4396 1352 4443 ;
1368 4385 1398 4432 ιιι
1418 4393 1473 4432 non
1491 4375 1647 4446 justificatio
1667 4377 1819 4435 factoribus
1842 4395 1884 4437 ac·

238 4471 267 4520 ut
280 4463 373 4519 mitius
396 4464 498 4532 ardeat,
524 4464 547 4519 si
560 4473 704 4537 propterea
727 4464 883 4521 noncredit
902 4465 1035 4537 quianon
1085 4463 1173 4532 cedat,
1190 4465 1239 4520 sed
1254 4473 1282 4520 ut
1307 4463 1423 4521 factores
1447 4465 1604 4535 justificatio
1620 4468 1773 4538 praecedat.
1800 4469 1837 4525 Ut
1862 4469 1884 4524 si

237 4551 340 4608 audivit
368 4553 442 4624 quod
471 4552 596 4610 crederet
612 4571 619 4609 ε
635 4554 751 4627 ideoque
780 4553 973 4610 inexcusabilis
993 4563 1035 4611 est
1085 4552 1237 4621 diceretur,
1255 4553 1378 4612 homines
1393 4554 1573 4623 creabuntur,
1590 4570 1646 4611 non
1663 4556 1750 4627 possit
1766 4557 1882 4630 intelligi

237 4641 326 4698 omnis
348 4647 487 4712 peccator,
503 4642 546 4698 vel
561 4650 638 4699 reatu
653 4642 778 4717 originis,
795 4643 838 4699 vei
852 4643 1035 4700 additamento
1085 4657 1132 4697 eos
1146 4642 1248 4714 creari,
1265 4643 1309 4715 qui
1330 4649 1392 4698 ante
1408 4651 1485 4698 erant
1499 4643 1643 4712 homines,
1660 4643 1709 4700 scd
1724 4645 1784 4717 ipsa
1802 4662 1881 4702 crea-

237 4729 396 4802 impropriae
410 4729 572 4801 voluntatis;
588 4732 646 4788 sive
670 4733 716 4805 qui
740 4731 823 4802 novit,
848 4732 906 4788 sive
920 4732 965 4805 qui
979 4749 1035 4790 non
1085 4729 1226 4787 tioncfieri
1240 4739 1268 4786 ut
1283 4731 1336 4788 sint
1355 4732 1490 4787 homines.
1516 4732 1561 4788 Sic
1585 4748 1651 4806 ergo
1671 4732 1881 4807 intelligendum

237 4817 322 4888 novit,
338 4817 395 4874 sive
410 4818 456 4891 qui
468 4819 583 4892 judicat,
607 4821 665 4878 sive
686 4821 732 4894 qui
758 4837 813 4877 non
830 4821 943 4892 judicat,
971 4821 1036 4894 quia
1084 4827 1126 4876 est
1140 4819 1202 4889 bic,
1217 4819 1337 4877 lectores
1359 4820 1429 4894 legis
1441 4819 1679 4890 justificabuntur,
1694 4821 1722 4877 id
1745 4831 1788 4878 est
1812 4841 1881 4898 gra-

237 4906 336 4979 etipsa
350 4906 504 4978 ignorantia
519 4908 547 4965 in
570 4909 610 4965 eis
629 4910 674 4983 qui
692 4909 846 4983 intelligere
870 4909 1032 4981 noluerunt,
1084 4908 1121 4964 tia
1131 4907 1259 4978 justificat
1273 4925 1339 4976 eos,
1364 4917 1394 4964 ut
1411 4908 1577 4982 adimpleant
1600 4910 1707 4985 legem,
1737 4911 1802 4984 quia
1826 4929 1882 4969 non

236 5002 378 5069 peccatum
393 5002 453 5062 est;
469 4995 497 5050 in
514 4996 553 5052 eis
568 5013 635 5055 vero
649 4999 696 5072 qui
711 5015 766 5055 non
780 5005 938 5071 potuerunt,
953 5013 1035 5070 poena
1083 4995 1185 5054 faciunt
1199 5005 1228 5054 ut
1239 4995 1437 5067 justificentur,
1454 4998 1504 5054 sed
1515 4997 1696 5068 justificantur
1716 5008 1745 5054 nt
1768 4999 1881 5058 iaciant.

235 5083 343 5158 peccati
359 5101 366 5138 :
382 5099 450 5156 ergo
477 5085 599 5159 utrisque
610 5085 666 5156 jam
687 5103 742 5143 non
758 5093 799 5143 est
813 5087 968 5155 excusatio,
984 5087 1035 5142 sed
1083 5085 1222 5160 [August]
1237 5087 1267 5141 ln
1290 5085 1350 5142 aliis
1362 5094 1453 5142 tamen
1468 5085 1630 5159 quibusdam
1638 5087 1716 5144 aliter
1729 5088 1880 5158 invenitur,

233 5171 307 5244 justa
321 5171 435 5229 debetur
458 5172 606 5231 damnatio.
631 5175 695 5232 ideo
712 5175 749 5232 ait
772 5174 805 5231 de
827 5174 964 5248 utrisque,
988 5175 1034 5248 qui
1083 5181 1111 5230 ιιι
1125 5189 1186 5231 cum
1200 5174 1302 5232 dicitur
1319 5193 1325 5230 ε
1342 5175 1483 5232 Facientes
1507 5177 1606 5232 bonum
1621 5177 1841 5250 honorabuntur,
1856 5188 1883 5237 et

270 5348 328 5418 (79)
347 5352 494 5416 humbrana
506 5353 536 5404 ad
547 5352 714 5405 Valentinum.
1116 5353 1171 5418 (ot)
1190 5353 1237 5418 id,
1252 5354 1277 5406 in
1288 5355 1349 5418 psal.
1362 5367 1447 5406 ειιιιι.

270 5418 324 5492 (80)
343 5419 390 5482 ιιι,
402 5419 466 5472 libro
476 5421 512 5473 lle
523 5419 603 5485 ignor.
617 5423 713 5485 peceat.
1116 5419 1168 5485 (aa)
1180 5423 1296 5488 august„
1308 5423 1343 5474 lte
1353 5434 1392 5487 sp.
1406 5423 1480 5474 ellit.
