3878 6322
129 186 199 240 8888
518 169 519 178 ‘
812 177 912 236 rarat
925 140 1119 236 comuni
1707 182 1782 235 raas

128 308 233 364 ritualia
248 313 274 362 et
287 305 477 378 insepambilis
491 302 687 375 conjunctionis
702 302 803 360 Christi
817 311 843 360 et
866 304 923 360 Ec·
936 304 964 364 A
1011 301 1407 360 8888181888111888888881.
1424 300 1507 371 Quasi
1522 300 1594 359 dicat
1609 319 1615 358 :
1646 301 1780 359 Concedo

129 395 230 452 8188188.
248 394 296 450 1118
311 394 493 450 1811888188818
520 400 667 470 8888888188
689 392 774 449 881188
798 391 925 460 carnalis,
976 390 1035 447 viro
1050 390 1153 446 babere
1181 406 1304 456 uxorem,
1322 397 1348 446 et
1374 389 1480 446 mulieri
1508 391 1616 458 virum;
1646 397 1673 446 et
1700 397 1782 461 post-

129 482 175 554 qui
190 490 232 539 est
246 483 316 538 iuter
331 483 472 556 conjuges,
488 481 526 537 ita
539 487 570 537 ut
588 481 631 537 881
653 497 709 538 888
732 480 766 536 811
787 488 927 552 peccatum
976 494 1058 551 quam
1073 478 1208 547 conjuncti
1231 477 1338 545 fuerint,
1359 479 1402 536 vir
1426 479 1521 534 reddat
1543 478 1663 534 debitum
1683 478 1777 544 uxori,

128 571 172 626 vel
186 571 220 625 sit
234 570 350 627 8881818.
376 569 493 639 Quando
512 569 585 626 enim
609 584 693 625 88888
721 568 805 641 888118
828 585 928 624 conve·
977 567 1114 623 similiter
1128 570 1253 646 818888
1275 567 1347 624 8188.
1375 565 1556 640 [Ambrosius]
1580 565 1700 623 Invicem
1726 566 1783 620 sibi

128 657 205 713 81881
220 666 332 728 tautum,
349 659 388 714 sie
406 665 550 714 excusatur
577 665 605 712 ut
632 672 687 713 uon
716 656 749 711 sit
774 664 926 728 peccatum,
977 655 1075 724 subjici
1089 653 1117 710 iu
1132 655 1184 711 hac
1198 670 1281 711 causa
1297 654 1371 720 dicit,
1392 663 1420 710 ut
1447 670 1502 710 uua
1529 655 1563 709 sit
1591 655 1699 711 illorum
1726 671 1782 711 vo-

127 747 236 820 quaado
250 761 412 804 8888888888
430 743 657 817 concupiscentiae
679 744 811 800 8811888888
834 753 861 800 81
883 760 928 800 re·
977 742 1064 814 luptas
1078 743 1107 797 in
1120 742 1183 816 lege
1198 750 1311 798 8818888.
1327 743 1391 799 1888
1406 742 1476 798 81188
1490 742 1567 799 811881
1581 743 1685 809 888881,
1712 743 1782 815 quia

127 833 274 906 frenandae,
291 834 397 891 veniale
411 840 463 890 est.
479 832 557 890 Unde
571 831 740 904 Augustinus
754 833 812 903 (66)
830 846 836 886 :
853 831 927 888 Cou—
976 832 1153 888 mulieraria
1169 831 1249 887 188181
1265 835 1433 904 potestatem
1448 833 1494 888 881
1502 833 1625 904 corporis
1635 831 1670 886 ad
1680 831 1779 897 alium,

123 921 227 996 jugalis
242 922 400 979 concubitus
415 920 567 992 generandi
581 919 669 992 gratia
683 935 738 974 888
759 919 841 974 1881881
867 919 928 976 cul·
976 919 1025 975 888
1033 921 1240 987 818;8188111188
1248 923 1345 976 nutem
1364 921 1407 976 818
1425 937 1483 977 con
1507 919 1590 976 188181
1605 924 1781 992 potestatem

127 1025 211 1082 pam;
228 1009 455 1082 concupiscentie
469 1023 536 1064 vero
551 1007 691 1074 satiandae,
708 1008 758 1063 sed
767 1015 928 1064 tamencum
976 1007 1599 1080 8818888881888811888,8888881188.181888
1615 1023 1695 1080 88888
1714 1015 1783 1062 8881

128 1098 255 1171 conjuge,
273 1098 355 1152 habet
369 1096 486 1166 culpem,
503 1102 616 1166 propter
630 1095 701 1150 thori
714 1093 807 1162 fidem,
834 1096 927 1152 venia·
976 1094 1019 1151 vir
1033 1103 1059 1150 et
1072 1095 1179 1162 mulier,
1197 1095 1261 1167 quia
1276 1111 1364 1168 neque
1378 1096 1436 1151 viro
1452 1111 1541 1168 neque
1555 1095 1663 1151 mulieri
1678 1110 1782 1167 corpus

127 1184 191 1240 lem.
222 1186 300 1250 Item,
332 1183 405 1255 quod
432 1181 572 1254 conjugati
608 1183 671 1238 81811
708 1183 928 1255 88888818888118
977 1199 1057 1262 suum
1070 1183 1134 1240 11881
1146 1183 1192 1238 8111
1206 1183 1325 1240 tradere.
1352 1181 1541 1256 [Augustinus]
1563 1183 1681 1239 Invicem
1704 1183 1779 1238 euim

127 1279 239 1329 utuntur
267 1270 385 1327 18818888
413 1270 485 1326 81188
512 1269 704 1326 necessitatem
729 1271 832 1328 liberos
865 1287 927 1343 pro·
977 1270 1029 1325 sibi
1042 1271 1181 1328 debitores
1196 1279 1257 1326 sunt
1272 1271 1301 1326 18
1314 1273 1366 1328 1888
1381 1287 1473 1338 88888,
1491 1288 1526 1327 88
1540 1271 1671 1343 88888881
1693 1271 1780 1327 dare-

126 1359 248 1430 creandi,
264 1375 364 1432 ponam
378 1359 406 1414 18
420 1357 463 1414 1818
477 1373 528 1430 888
543 1358 641 1432 quibus
656 1357 776 1432 quotidie
791 1357 907 1415 dicimus
919 1378 937 1414 :r
977 1348 1151 1426 tur'occasio,
1168 1359 1195 1414 18
1209 1359 1269 1414 81118
1284 1375 1350 1416 8888
1364 1368 1464 1430 preest
1479 1359 1529 1416 818.
1554 1360 1631 1432 Ergo
1654 1359 1698 1415 1818
1722 1375 1779 1415 888

127 1450 245 1504 Dimitte
255 1447 437 1504 notircetita
447 1450 546 1503 888188
556 1448 639 1514 81881,
661 1454 713 1504 818.
738 1447 850 1519 (1181118.
875 1451 925 1512 vr).
976 1446 1125 1503 dominium
1154 1447 1258 1503 tollitur
1285 1447 1352 1516 8188,
1383 1449 1431 1503 888
1455 1447 1558 1503 vitium.
1587 1447 1645 1520 (61)
1672 1448 1779 1504 Debent

127 1536 179 1594 Ubi
193 1544 285 1593 autem
299 1537 359 1592 1888
373 1535 444 1592 bona
458 1550 514 1591 non
525 1542 596 1602 suat,
612 1534 716 1591 nullam
739 1535 821 1593 habet
840 1535 942 1591 coitus.
977 1551 1044 1608 ergo
1061 1535 1112 1590 sibi
1127 1536 1261 1608 conjugati
1276 1536 1310 1590 ad
1324 1535 1433 1592 illicitos
1448 1536 1606 1593 concubitus
1635 1535 1779 1592 evitandos

127 1623 341 1681 excusationem.
361 1624 440 1681 Unde
453 1623 552 1680 dicitur
567 1641 575 1678 :
592 1623 688 1679 Omnis
699 1625 846 1680 vehemens
857 1640 928 1680 arna-
942 1631 1098 1716 Bmutuam
1126 1623 1327 1695 quodammodo
1355 1623 1531 1691 servitutem
1556 1632 1586 1680 ut
1614 1624 1665 1680 etsi
1697 1624 1779 1680 alteri

127 1719 171 1769 188
186 1711 304 1784 propriae
330 1711 431 1782 uxoris,
461 1711 568 1767 adulter
594 1718 645 1767 881.
675 1711 811 1783 Contingit
835 1721 925 1770 autem
978 1727 1074 1767 eorum
1101 1719 1233 1783 perpetua
1247 1711 1410 1768 continentia
1424 1711 1540 1783 placeat,
1556 1712 1649 1768 nisiex
1664 1712 1777 1768 alterius

129 1816 203 1873 saepe
217 1801 342 1858 contrahi
357 1799 524 1871 conjugium,
540 1798 569 1854 in
584 1814 637 1872 quo
651 1800 710 1856 18888
724 1800 798 1857 bona
812 1816 867 1857 888
880 1818 928 1857 re·
978 1814 1123 1870 consensu,
1140 1815 1195 1856 nou
1209 1799 1305 1870 possit.
1326 1799 1381 1856 Sed
1396 1799 1431 1855 ad
1446 1800 1506 1866 1888,
1531 1817 1598 1856 uxor
1618 1816 1673 1857 nou
1694 1802 1779 1856 habet

129 1889 273 1961 perluatur
289 1905 295 1945 :
313 1887 377 1961 quia
390 1903 442 1944 uec
456 1886 526 1943 11888
540 1894 670 1958 servatur,
694 1903 746 1944 888
767 1889 858 1960 888188
880 1905 928 1945 re·
978 1895 1139 1959 potestatem
1154 1887 1196 1942 sui
1210 1888 1340 1961 corporis,
1360 1887 1408 1943 sed
1432 1888 1482 1944 818.
1503 1887 1633 1944 Similiter
1658 1889 1700 1945 818
1721 1905 1779 1945 888

128 1975 226 2050 ligiose
237 1977 377 2032 educatur.
392 1976 458 2032 1188
472 1973 557 2030 881818
572 1973 715 2031 sufficiant.
732 1973 817 2044 Quasi
840 1975 926 2033 dicat:
977 1975 1059 2032 habet
1072 1983 1234 2047 potestatem
1250 1975 1292 2030 sui
1307 1975 1441 2047 corporis,
1458 1975 1507 2032 sed
1522 1976 1629 2032 mulier.
1645 1977 1679 2034 Ut
1693 1977 1777 2032 etiam

129 2063 283 2119 Fornicatio
297 2062 427 2136 fugienda
443 2070 493 2130 ast,
511 2063 560 2118 sed
574 2063 679 2120 nubere
693 2062 766 2119 11881.
782 2065 929 2121 1111888881
979 2064 1052 2136 quod
1066 2080 1120 2120 nou
1133 2063 1249 2120 liliorum
1264 2065 1505 2135 procreandorum,
1537 2065 1585 2121 sed
1613 2063 1777 2121 infirmitatis

129 2151 203 2225 quod
217 2151 254 2207 ait
270 2169 276 2206 :
293 2151 331 2207 118
344 2149 442 2224 quibus
457 2155 554 2208 881888
561 2152 716 2224 scripsistis
735 2152 817 2220 881181,
833 2153 926 2221 18881,
978 2160 1004 2208 81
1020 2152 1222 2209 incontinentiae
1238 2169 1322 2210 causa
1336 2152 1445 2225 expetit,
1462 2152 1565 2210 8811118
1579 2154 1613 2210 88
1636 2154 1776 2210 matrimo-

128 2238 216 2296 881818
231 2255 291 2312 quae
306 2238 543 2312 88818818118881181.
567 2241 626 2296 1188
648 2240 710 2296 8188
727 2255 733 2294 :
753 2241 862 2298 1188888
885 2247 928 2298 881
966 2240 1032 2308 818,
1049 2241 1222 2297 8811118888
1237 2241 1289 2296 81181
1305 2241 1587 2316 alterutrnmuegent,
1604 2258 1638 2298 88
1650 2258 1701 2314 888
1723 2243 1776 2300 1888

126 2327 424 2399 8881818881888888
444 2329 604 2395 meliorem,
624 2332 739 2402 8888188
759 2330 927 2401 fornicatio·
975 2328 1095 2386 incidant
1122 2329 1151 2384 iu
1179 2329 1349 2385 damnabiles
1363 2330 1541 2402 corruptelas.
1558 2331 1683 2387 Reddere
1702 2331 1775 2387 enim

127 2432 202 2474 nem.
216 2414 397 2484 Quasidicat:
413 2417 517 2472 Bonum
528 2424 631 2472 estnon
642 2423 765 2490 tangere,
778 2418 827 2473 sed
837 2425 928 2474 tamen
977 2416 1099 2473 debitum
1115 2417 1260 2491 conjugale
1273 2417 1372 2473 nullius
1387 2425 1429 2474 881
1443 2419 1581 2486 881881818;
1598 2419 1708 2491 exigere
1722 2435 1776 2476 au-

127 2512 240 2577 propter
253 2504 461 2562 fornicationem
475 2505 613 2562 vitandam
624 2505 927 2578 8888881888818818881
977 2513 1032 2560 tem
1047 2505 1116 2560 ultra
1130 2505 1280 2578 generandi
1296 2506 1498 2574 necessitatem,
1511 2507 1598 2578 culpae
1613 2515 1654 2564 est
1677 2509 1774 2564 88818-

127 2609 219 2661 88888,
232 2608 287 2650 888
301 2593 428 2662 alienam,
445 2610 575 2661 8888888,
594 2608 648 2649 888
664 2593 853 2650 concubinam.
868 2597 927 2652 Hoc
977 2593 1028 2659 lis;
1039 2591 1166 2649 fornicari
1178 2601 1267 2650 autem
1297 2594 1341 2651 881
1355 2595 1484 2651 moecbari
1509 2595 1638 2666 puniendi
1664 2605 1704 2652 est
1718 2595 1776 2652 cri-

127 2680 189 2737 1888
204 2681 311 2750 8181188,
323 2687 352 2736 81
366 2681 545 2738 excludantur
571 2680 611 2736 illi
625 2681 669 2753 qui
690 2681 789 2738 8181818
812 2683 927 2738 auotori-
976 2680 1067 2736 8881818.
1084 2682 1185 2750 1181118,
1202 2690 1254 2738 818.
1271 2680 1355 2750 Quasi
1370 2681 1442 2739 dicat
1459 2698 1465 2737 :
1481 2683 1516 2737 Et
1529 2683 1592 2754 quia
1605 2699 1656 2740 uec
1671 2683 1775 2740 818888

129 2768 231 2824 tatibus
243 2783 343 2825 uxores
366 2769 468 2824 habere
496 2783 551 2824 nou
579 2776 702 2839 possunt.
731 2769 765 2824 111
793 2769 924 2840 similiter,
976 2769 1075 2824 mulier
1088 2777 1250 2840 potestatem
1274 2770 1315 2825 sui
1337 2770 1462 2842 corporis
1486 2771 1578 2837 habet,
1599 2787 1666 2844 ergo
1685 2774 1775 2829 881118

127 2872 297 2930 unaqueque
311 2856 410 2912 mulier
426 2857 527 2913 1881881
541 2872 625 2912 anum
639 2858 743 2926 818888,
762 2857 864 2914 scilicet
887 2858 926 2916 le·
976 2857 1255 2929 [888888818818888
1272 2857 1353 2914 18881
1366 2859 1525 2915 subtrahere
1543 2857 1673 2925 debitum,
1699 2861 1775 2932 quod

127 2944 261 3018 gitimum.
277 2945 415 3002 118881811
435 2944 581 3016 Apostolus
606 2945 755 3002 secundum
778 2945 926 3020 indulgen·
978 2953 1072 3016 posset
1086 2961 1147 3001 esse
1162 2961 1247 3003 causa
1261 2945 1396 3002 adulterii.
1425 2946 1613 3020 [Augustinus]
1628 2949 1686 3004 Hoc
1712 2948 1776 3004 ideo

125 3032 192 3089 11888
207 3049 262 3090 888
283 3033 433 3091 secundum
458 3041 636 3105 praeceptum.
664 3033 844 3108 [Fulgentius]
872 3037 925 3092 Pe·
937 3007 961 3070 ⁰
974 3033 1038 3090 dicit
1053 3035 1199 3105 Apostolus
1213 3041 1242 3089 ut
1257 3035 1419 3091 conveniant
1433 3035 1461 3090 in
1485 3052 1513 3090 re
1535 3035 1640 3104 uxoria,
1662 3053 1697 3092 ne
1720 3037 1777 3092 dis-

125 3121 195 3178 ritus
209 3121 282 3178 enim
297 3121 439 3178 medicinae
463 3122 581 3178 coelestis
602 3123 758 3195 Apostolus,
783 3139 838 3179 uon
871 3131 925 3178 tarn
975 3122 1066 3178 sensio
1080 3131 1193 3196 generet
1207 3121 1424 3179 fornicationem.
1439 3123 1528 3179 Nolite
1543 3124 1614 3191 8188,
1631 3126 1774 3197 8818118818

127 3226 209 3285 sanos
223 3210 346 3279 instituit,
358 3225 441 3282 quam
448 3209 563 3264 infirmis
573 3210 771 3267 medicamenta
784 3220 925 3268 monstra·
974 3228 1012 3268 88
1027 3227 1165 3269 consensu
1179 3211 1215 3266 88
1230 3211 1464 3284 1888888,88111881
1479 3219 1507 3268 ut
1517 3228 1550 3267 88
1556 3213 1681 3269 88881818
1691 3213 1774 3269 absti-

127 3299 175 3354 vit.
192 3297 365 3372 [Gregorius]
379 3299 509 3372 Magnum
528 3297 618 3370 itaque
641 3298 742 3354 bonum
765 3306 806 3355 est
829 3299 925 3358 mulie·
974 3299 1061 3355 neatis
1076 3307 1187 3371 propter
1200 3299 1351 3372 gratiarum
1367 3299 1497 3365 88118888,
1519 3300 1592 3356 8888
1615 3301 1715 3371 subdit,
1740 3307 1773 3356 ct

128 3402 187 3470 regu
201 3401 257 3441 non
267 3393 390 3459 tangere,
402 3385 475 3459 quod
484 3386 565 3441 debet
575 3385 664 3442 omnis
673 3385 925 3460 iidalisprineipali-
975 3389 1080 3444 8888118
1091 3387 1241 3459 8888811188
1251 3390 1384 3444 orationi.
1396 3390 1429 3444 Ut
1440 3388 1773 3461 881888818888818811888,

126 3482 169 3530 ter
183 3473 340 3530 observare.
353 3474 453 3529 Tamen
463 3473 486 3528 si
496 3473 556 3545 quis
570 3473 659 3530 adbuc
674 3474 735 3544 plus
756 3483 798 3530 est
816 3475 850 3531 de
875 3492 925 3532 sue
974 3476 1101 3531 mundius
1115 3475 1269 3531 exorandus
1284 3484 1335 3532 est.
1352 3477 1386 3531 111
1401 3477 1424 3531 81
1438 3476 1540 3532 munda
1558 3477 1612 3532 sint
1635 3478 1770 3551 conjugia,

126 3559 281 3618 intimuitate
296 3561 428 3618 sollicitus
444 3576 526 3633 quem
541 3561 575 3617 de
590 3561 699 3618 Domini
722 3562 821 3619 virtute
841 3579 923 3621 secu·
974 3572 1066 3620 temen
1081 3565 1162 3620 etiam
1178 3563 1289 3620 elicitis
1303 3563 1492 3620 abstinendum
1507 3573 1558 3633 est,
1574 3573 1603 3620 ut
1618 3565 1723 3622 lucilius
1737 3566 1772 3621 ad

125 3667 182 3718 rus,
200 3650 223 3706 si
237 3650 430 3708 continentiam
452 3664 507 3706 nou
530 3649 613 3716 novit,
638 3641 723 3708 888888
743 3659 844 3708 utatur.
867 3653 924 3724 (66)
974 3651 1101 3710 effectum
1115 3653 1264 3709 deducatur
1278 3653 1374 3708 oratio.
1386 3655 1421 3709 Ut
1430 3654 1536 3709 iterum
1545 3655 1721 3710 revertimini
1744 3656 1775 3711 18

125 3739 180 3796 Sed
195 3740 258 3811 quia
271 3738 372 3811 nuptiae
385 3739 454 3796 tales
469 3755 530 3795 esse
545 3755 599 3796 uon
612 3746 727 3811 possunt
748 3741 844 3813 quales
864 3742 924 3813 pri-
974 3742 1108 3815 idipsam,
1120 3741 1148 3797 18
1163 3749 1204 3796 881
1218 3741 1370 3797 naturalem
1385 3758 1476 3797 usum.
1496 3743 1547 3798 Ubi
1562 3751 1590 3798 et
1604 3743 1710 3814 siculpa
1719 3751 1771 3808 est,

126 3845 232 3886 morum
246 3829 386 3885 bominum
400 3845 462 3885 esse
484 3836 638 3901 potuerunt,
666 3827 718 3883 sint
739 3828 807 3885 tales
830 3830 925 3902 quales
975 3838 1065 3886 188888
1079 3829 1192 3887 88818118
1207 3837 1271 3885 est:
1295 3829 1475 3903 [Ambrosius]
1497 3831 1570 3902 quud
1598 3846 1653 3886 888
1678 3839 1717 3886 881
1746 3831 1774 3886 18

128 3924 283 3974 sanctorum
298 3925 406 3988 patrum
425 3915 542 3985 fuerunt,
567 3923 596 3970 81
614 3914 703 3972 888818
724 3917 925 3988 88888818888-
973 3917 1163 3974 fornicatione.
1179 3917 1363 3984 Revertimini,
1381 3918 1666 3985 8188,88188181888
1690 3920 1773 3974 8818-

127 4005 171 4061 tiae
185 4022 247 4078 quae
273 4005 430 4061 necessario
458 4012 500 4060 est
526 4004 555 4060 in
581 4019 697 4075 corpore
725 4005 819 4060 mortis
847 4005 925 4075 hujus
975 4024 1028 4063 888
1040 4010 1156 4080 8888188
1166 4006 1412 4077 intemperantiam,
1422 4006 1717 4063 881188881188811888
1729 4023 1797 4064 ve·.

127 4109 181 4150 non
196 4093 347 4161 serviatur3
364 4093 485 4165 8881888
497 4093 586 4165 potius
609 4108 664 4148 uon
687 4091 739 4148 nisi
762 4093 797 4149 ad
822 4109 925 4165 propa·
975 4098 1077 4162 818888,
1091 4093 1280 4168 [Augustinus]
1293 4111 1329 4150 888
1344 4095 1453 4150 8888818
1480 4096 1558 4150 88188
1585 4095 1693 4150 81818818
1716 4103 1772 4150 188·

126 4183 244 4256 gandam
259 4182 365 4253 prolem
381 4181 485 4238 servire
509 4189 620 4254 cogatur
637 4199 644 4236 :
661 4188 688 4238 81
716 4181 756 4238 818
783 4179 926 4244 infirmitas
976 4183 1058 4240 heudi
1071 4183 1099 4238 in
1113 4183 1241 4255 laqueum
1255 4181 1440 4238 luminationis
1456 4183 1534 4240 83
1564 4183 1608 4240 881
1636 4183 1769 4238 adulterii.

124 4269 336 4339 incontinentias,
352 4285 388 4326 88
397 4269 476 4326 cadat
490 4269 518 4325 18
541 4269 649 4325 ruinam
675 4269 851 4344 flagitiorum,
875 4287 925 4328 ex·
976 4270 1156 4344 [Ambrosius]
1171 4273 1229 4328 1188
1244 4271 1317 4326 88188
1331 4271 1393 4327 1888
1408 4271 1474 4327 81811
1486 4271 1641 4342 Apostolus,
1666 4279 1695 4326 ut
1717 4270 1775 4326 for-

126 4359 225 4432 cipitur
238 4359 380 4415 honestata
394 4357 558 4429 nuptiarum.
935 4359 1137 4419 Dnicationem
1157 4359 1291 4425 excludat,
1322 4374 1377 4415 uon
1404 4366 1432 4414 ut
1460 4359 1496 4414 ad
1523 4358 1665 4414 meliorem
1692 4359 1773 4414 vitam

162 4449 246 4504 11888.
263 4451 359 4504 36.-
371 4448 457 4505 Uxori
465 4449 510 4505 818
523 4446 646 4504 88111888
661 4447 769 4516 reddet,
794 4448 928 4506 8188111188
976 4449 1150 4504 tendentibus
1164 4448 1217 4504 iter
1231 4447 1348 4505 claudat.
1364 4449 1398 4503 111
1411 4447 1475 4520 quia
1489 4446 1635 4519 Apostolus
1658 4447 1772 4513 dixerat,

130 4540 229 4595 881888
240 4537 429 4594 8188888188.
445 4535 546 4593 Mulier
560 4538 605 4593 881
620 4537 927 4609 8888881888188181888
976 4537 1161 4610 unusquisque
1174 4537 1274 4593 habeat
1287 4551 1377 4606 suam,
1389 4544 1415 4592 81
1430 4551 1543 4608 quaeque
1558 4552 1647 4604 suum,
1662 4543 1689 4591 et
1707 4534 1772 4590 item

129 4643 187 4683 888
203 4624 294 4692 babet,
311 4625 926 4693 888818;818811118888188881818881888-
977 4625 1152 4694 888881188181,
1178 4641 1213 4680 88
1233 4624 1437 4682 8188881881888
1466 4623 1649 4695 praecipiendo
1672 4621 1773 4679 dixisse

127 4717 386 4789 88818881881818888
407 4730 465 4770 888
490 4713 582 4781 babet,
607 4713 655 4770 888
680 4715 797 4771 8881188.
834 4715 927 4772 1181118
976 4714 1090 4769 subdit:

128 4802 410 4875 [888888818818888
427 4803 571 4874 8818118818
584 4819 621 4859 88
636 4817 775 4859 consensu
797 4802 833 4859 88
852 4806 925 4859 tem·
1010 4803 1064 4860 Hoc
1080 4805 1178 4859 881888
1199 4801 1529 4858 1818888188888888888
1552 4800 1772 4872 indulgentium,

124 4909 187 4962 888,
203 4894 238 4948 81
251 4893 354 4948 8888118
368 4891 509 4959 888118881;
525 4892 868 4948 81118888888881188181
894 4894 926 4948 18
975 4908 1032 4948 888
1047 4891 1203 4948 secundum
1219 4892 1382 4963 1888881888.
1399 4891 1433 4945 Et
1450 4889 1512 4946 ideo
1536 4904 1591 4944 non
1609 4895 1704 4960 peccat
1726 4887 1774 4959 qui

126 4981 484 5054 18188888,88188181888
510 4979 632 5036 Satanas
659 4983 774 5052 8888188
797 4981 925 5037 1888811-
975 4979 1053 5036 aliter
1067 4980 1132 5051 agit,
1149 4979 1175 5034 id
1191 4987 1231 5034 est
1247 4979 1293 5050 qui
1306 4979 1435 5046 continet,
1457 4978 1511 5032 imo
1537 4984 1632 5047 peccat
1655 4976 1702 5048 qui
1733 4975 1773 5031 sic

128 5070 259 5126 88811888
274 5071 406 5124 uestram.
424 5066 925 5126 1188881888818888888888818881-
973 5068 1039 5140 ugit.
1056 5066 1124 5136 Quia
1138 5067 1228 5138 alique
1243 5066 1321 5138 culpa
1335 5074 1376 5122 est
1398 5066 1446 5133 1181,
1475 5066 1523 5120 888
1551 5065 1628 5121 18818.
1656 5065 1772 5135 Propter

128 5159 265 5231 88811888,
283 5173 341 5215 888
355 5155 686 5230 8888888881888881888.
973 5156 1127 5227 hujusmodi
1164 5162 1285 5226 peccata,
1327 5161 1432 5227 oportet
1475 5153 1595 5226 quotidie
1623 5153 1773 5224 crebroque

161 5333 212 5400 166)
232 5337 395 5402 Augustinus,
408 5335 660 5402 1181888888188811.
1007 5331 1056 5397 (67)
1074 5332 1122 5397 ld,
1143 5333 1178 5385 118
1197 5333 1261 5387 boun
1282 5331 1410 5398 8881888811.
1431 5333 1476 5385 1118
1497 5333 1568 5386 aliter
1589 5335 1691 5398 August.
1713 5331 1774 5384 dicit

165 5399 220 5470 (66)
238 5401 286 5467 td,
298 5405 334 5457 118
345 5417 407 5469 nup.
423 5401 557 5466 81888188.
973 5412 1047 5465 quam
1058 5412 1142 5465 supra.
