3940 6066
123 165 189 222 teat
797 157 899 214 PETRI
912 155 1093 215 toaclam
1700 163 1771 220 tata

127 311 139 342 ι
156 289 233 362 ἰρείε,
250 287 313 360 quia
328 291 563 343 commutavemnt
584 282 726 340 ueritatem
739 281 789 339 Dei
803 282 831 338 in
845 281 960 342 rnen-A
974 280 1127 357 Diligenter
1140 284 1415 342 animadvertendum
1428 293 1470 342 est
1480 285 1555 360 quod
1564 285 1619 356 hic,
1631 294 1659 345 et
1673 288 1771 345 subse-

125 376 271 444 udacium,
287 381 313 430 et
327 374 469 430 coluerunt
486 416 492 442 ,
509 381 536 430 ct
560 373 711 428 serviemnt
725 379 858 428 creaturae
872 386 922 442 po-
970 380 1087 448 quenter
1100 373 1138 429 ait
1167 373 1319 429 :Tradidit
1342 373 1427 444 Deus,
1458 373 1648 449 [Augustinus]
1663 377 1709 450 qui
1723 377 1773 432 ho·

125 464 206 519 etius
221 479 302 536 ριιειιι
318 462 452 530 Creatori,
469 462 517 534 qui
536 469 577 517 est
596 460 756 517 benedictus
770 459 919 516 insaecula.
969 464 1073 522 minum
1096 461 1229 516 malitiam
1257 478 1312 517 non
1340 461 1413 529 tacit,
1429 462 1577 520 intentator
1591 464 1665 520 anim
1678 464 1769 520 malo-

124 575 135 602 «
152 555 249 609 Amen.
267 576 278 602 tt
970 567 1041 606 rum.
1058 549 1111 619 Qui
1125 565 1193 622 ergo
1208 549 1273 606 dicit
1287 549 1374 606 Deum
1397 549 1522 607 homines
1537 550 1573 607 ad
1588 551 1638 608 ista
1652 569 1707 611 non
1722 569 1770 610 oo·

157 641 206 698 Hic
221 641 286 697 item
300 639 419 698 vindicta
433 639 483 696 Dei
498 646 592 696 contra
607 655 655 695 eos
679 637 839 695 ostenditur.
854 635 921 710 [du-
970 655 1045 712 gere,
1058 638 1107 694 sed
1122 638 1221 712 dignos
1235 636 1327 694 deseri
1342 647 1443 694 tantum
1459 639 1597 711 deserere,
1622 640 1770 698 verissima

122 736 207 803 gust,
223 727 396 802 Ambrosius]
407 727 477 798 Quia
492 729 564 783 enim
584 727 619 782 ad
635 727 764 798 injuriam
779 723 920 782 Creatoris
970 728 1043 785 dicit.
1061 726 1118 800 (64)
1133 726 1240 782 Deserit
1255 735 1347 783 autem
1362 728 1437 784 Deus
1450 743 1505 785 non
1529 730 1693 801 apponendo
1707 747 1772 803 gra-

121 817 181 884 Dei,
199 815 328 890 figmenta
344 825 370 872 et
391 816 581 872 similitudines
597 831 687 871 rerum
712 813 919 882 deificaverunt,
969 817 1043 884 tiam,
1059 815 1103 872 uel
1131 815 1282 886 appositam
1308 816 1504 872 subtrahendo.
1531 817 1703 874 Manifestum
1725 825 1770 874 est

86 897 98 906 “
120 905 209 961 traditi
229 913 291 960 sunt
310 904 444 961 illudendi
470 903 615 961 desideriis
644 903 745 969 carnis,
760 919 816 959 non
830 910 857 957 ut
873 901 920 957 illa
969 905 1042 961 enim
1057 906 1145 960 Deum
1170 903 1278 976 operari
1293 903 1321 959 in
1337 904 1463 961 cordibus
1485 905 1626 962 hominum
1641 907 1676 962 ad
1690 907 1768 964 incli-

119 1001 247 1067 gererent
262 1011 323 1067 quee
341 994 484 1060 nolebant,
502 993 595 1049 sedat
613 991 660 1047 illa
680 990 842 1063 perficerent
858 1007 920 1064 qure
968 994 1072 1050 nandas
1087 993 1242 1050 voluntates
1267 1009 1363 1049 eorum
1391 1009 1553 1067 quocunque
1566 995 1692 1062 uoluerit,
1708 997 1769 1053 siva

119 1082 320 1139 desiderabant.
337 1081 439 1155 [Orig]
453 1081 572 1137 Tradere
586 1087 678 1136 autem
693 1087 734 1136 est
748 1079 916 1151 permittere,
969 1083 1005 1139 ad
1023 1083 1096 1138 bona
1124 1097 1176 1154 pro
1202 1081 1392 1138 misericordia
1416 1097 1479 1150 sua,
1496 1083 1554 1139 sire
1581 1085 1617 1140 ad
1631 1084 1701 1139 mala
1715 1099 1769 1156 pro

118 1187 173 1226 non
188 1171 302 1227 incitare
316 1179 363 1226 aut
376 1169 534 1225 immittere.
566 1169 789 1225 Praecedentibus
817 1167 918 1240 quippe
967 1171 1075 1228 meritis
1103 1186 1217 1237 eorum;
1246 1168 1430 1244 [Ambrosius]
1458 1171 1559 1242 judicio
1582 1171 1676 1244 utique
1703 1189 1767 1241 suo,

118 1259 258 1330 culparum
273 1257 374 1326 causis,
395 1259 458 1327 iure
471 1265 497 1314 et
513 1257 610 1314 merito
640 1258 836 1313 deseruntura
859 1257 917 1311 Deo
968 1259 1114 1333 aliquando
1128 1267 1233 1330 aperto,
1251 1258 1396 1332 aliquando
1411 1260 1529 1330 occulto,
1555 1277 1665 1333 semper
1675 1269 1768 1318 autem

117 1347 145 1402 hi
159 1347 204 1420 qui
220 1345 363 1403 veritatem
377 1347 428 1402 liei
442 1347 471 1402 in
485 1345 628 1419 iniquitate
639 1346 771 1420 detinent,
789 1352 815 1401 et
831 1345 918 1400 Crea-
964 1350 1048 1419 justo.
1063 1349 1098 1405 Et
1112 1355 1177 1404 nota
1188 1347 1261 1420 quod
1275 1347 1373 1405 dicitur
1388 1349 1461 1405 Deus
1476 1350 1585 1422 operari
1599 1350 1627 1404 in
1637 1350 1767 1408 cordibus
1779 1417 1785 1424 ⁵

118 1436 186 1493 toris
200 1437 317 1508 gloriam
332 1443 465 1492 creaturae
479 1436 648 1504 attribuunt,
666 1443 693 1490 et
707 1450 758 1506 per
772 1433 824 1491 hoc
838 1434 919 1490 dese·
967 1437 1108 1494 hominum
1123 1436 1158 1492 ad
1171 1435 1354 1492 inclinandam
1369 1437 1534 1494 voluntatem
1549 1454 1642 1494 eorum
1667 1439 1700 1494 ad
1711 1455 1767 1495 ma-

118 1533 235 1592 runtur,
257 1534 284 1580 et
307 1525 450 1581 traduntur
465 1524 619 1580 desideriis.
636 1524 690 1578 lsta
711 1538 776 1579 vero
791 1531 914 1593 peccata,
967 1526 1021 1581 lum
1041 1544 1047 1580 :
1065 1526 1137 1597 quod
1157 1540 1213 1581 non
1235 1525 1273 1580 ita
1295 1524 1503 1599 intelligendum
1522 1534 1574 1595 est,
1598 1528 1675 1600 qnasi
1689 1529 1767 1584 Deus

118 1615 230 1687 quiade
246 1614 373 1686 superbia
388 1621 459 1683 sunt,
475 1629 531 1670 non
546 1613 633 1669 solum
643 1620 763 1685 peccata,
773 1613 823 1667 sed
833 1611 916 1667 etiam
931 1614 1095 1700 Bmalitiam
1110 1613 1257 1685 impertiat,
1274 1613 1323 1670 sed
1338 1614 1401 1687 quia
1413 1614 1482 1672 sicut
1496 1614 1608 1688 apponit
1635 1617 1764 1688 gratiam,

119 1703 251 1775 supplicia
266 1711 336 1758 sunt.
355 1703 411 1774 (62)
435 1702 523 1759 Omne
553 1702 654 1774 quippe
676 1709 819 1773 peccatum
844 1701 916 1774 quod
967 1703 1039 1759 unde
1061 1701 1209 1760 inclinatur
1230 1701 1370 1759 hominum
1389 1703 1515 1759 voluntas
1539 1704 1574 1759 cd
1598 1703 1710 1773 bonum,
1726 1705 1766 1761 ita

117 1800 207 1860 tamen
223 1790 303 1849 citius
317 1790 474 1864 poenitendo
500 1805 556 1847 non
578 1789 686 1862 tegitur,
712 1797 757 1844 aut
772 1797 916 1860 peccatum
966 1791 1131 1848 subtrahite
1146 1791 1316 1864 quibusdam,
1333 1807 1385 1864 qua
1399 1791 1534 1850 subtracta
1547 1791 1703 1850 incurvatur
1718 1809 1766 1851 vo·

119 1887 172 1948 cst,
187 1887 214 1936 et
229 1895 313 1937 causa
326 1879 433 1951 peccati
449 1896 456 1934 :
473 1885 519 1934 aut
546 1887 701 1950 peccatum,
717 1886 743 1934 at
758 1894 838 1950 poena
852 1894 917 1950 pec-
965 1880 1056 1936 lunas
1071 1895 1166 1937 eorum
1181 1881 1217 1937 ad
1240 1879 1352 1936 malum.

121 1967 184 2025 cati.
216 1967 402 2042 [Gregorius]
416 1968 561 2024 Peccatum
589 1983 709 2039 namque
732 1967 805 2039 quod
827 1967 915 2038 poeni·
1002 1970 1073 2038 Quia
1088 1973 1335 2027 commutaverunt
1363 1969 1513 2026 ueritatem
1531 1973 1581 2028 lici
1594 1972 1627 2027 ιη
1644 1973 1764 2029 nundu-

118 2056 204 2113 tcntia
217 2073 274 2112 non
288 2055 410 2124 diluitur,
426 2071 474 2112 suo
489 2055 611 2128 pondere
627 2072 689 2112 mox
711 2056 745 2110 ad
760 2055 836 2112 aliud
864 2063 916 2110 tra·
965 2059 1051 2126 ctum,
1063 2061 1092 2114 et
1106 2060 1268 2127 coluerunt,
1285 2062 1314 2115 et
1327 2059 1489 2116 servierunt
1509 2064 1649 2117 creature
1665 2063 1765 2137 potius

117 2145 167 2201 hit.
189 2145 267 2202 Unde
288 2143 317 2201 tit
345 2153 374 2201 ιιι
400 2161 455 2201 non
479 2145 566 2200 solum
594 2151 736 2216 peccatum
766 2145 810 2214 sit,
825 2145 874 2201 sed
889 2151 915 2200 et
965 2163 1048 2221 quum
1061 2148 1198 2213 Creatori,
1210 2147 1258 2221 qui
1268 2147 1482 2205 estbenedictus
1492 2149 1524 2204 tn
1534 2149 1648 2206 recula.
1660 2150 1762 2207 Amen.

117 2249 201 2292 causa
216 2234 330 2307 peccati.
348 2235 389 2290 Ex
403 2233 449 2290 illo
464 2234 564 2307 quippe
579 2234 661 2306 culpa
675 2234 844 2306 subsequens
859 2233 914 2290 ori·
964 2235 1015 2294 llic
1029 2235 1185 2308 exsequitur
1198 2235 1279 2291 latius
1297 2252 1347 2308 per
1365 2243 1458 2308 partes
1476 2237 1582 2309 culpam
1598 2253 1704 2307 eorum,
1735 2247 1765 2295 ει

119 2332 172 2380 tur.
185 2324 329 2380 Peccatum
345 2339 412 2380 vero
427 2323 501 2396 quod
516 2339 550 2379 ex
565 2331 677 2395 peccato
691 2322 787 2390 oritur,
801 2338 856 2379 non
871 2338 916 2379 so-
964 2340 1084 2397 puenam,
1101 2333 1129 2379 ut
1144 2331 1283 2396 comparet
1305 2325 1433 2392 invicem,
1449 2333 1476 2381 et
1498 2333 1539 2382 est
1566 2325 1610 2383 hic
1637 2327 1763 2399 repetitio

115 2413 170 2469 lum
185 2421 338 2484 peccatum,
357 2413 406 2469 sed
426 2421 454 2468 et
466 2427 548 2484 poena
561 2412 665 2484 peccati
689 2419 741 2480 est,
757 2411 821 2485 quia
840 2413 914 2481 justo
963 2413 1165 2485 praedictomm.
1194 2412 1331 2488 [August]
1345 2411 1470 2470 Ostendit
1498 2413 1569 2470 enirn
1595 2430 1646 2487 per
1670 2424 1765 2487 partes

113 2501 216 2573 judicio
231 2503 304 2558 Deus
318 2501 515 2573 corpcccantis
529 2500 681 2567 obnubilat,
701 2509 730 2555 ut
756 2501 915 2572 praeceden-
964 2517 1012 2558 eos
1026 2509 1147 2558 mutasse
1162 2501 1276 2574 gloriam
1292 2502 1352 2570 Dei,
1369 2501 1473 2560 scilicet
1496 2503 1568 2575 quod
1585 2503 1671 2560 Deum
1685 2513 1766 2576 puta·

115 2591 150 2646 tis
164 2589 269 2662 pcccati
284 2590 391 2657 merito,
408 2589 489 2645 ctiam
511 2589 539 2644 in
559 2589 610 2644 alia
632 2589 720 2645 cedat.
738 2587 826 2658 Quem
841 2589 913 2644 enirn
964 2598 1060 2647 verunt
1074 2590 1119 2663 qui
1134 2605 1188 2647 non
1199 2598 1267 2661 erat,
1279 2599 1306 2647 et
1318 2591 1470 2659 coluerunt,
1481 2599 1508 2647 et
1523 2592 1676 2648 servierunt
1689 2607 1766 2650 crea·

116 2678 234 2734 liberare
260 2663 364 2745 noluit,
379 2677 532 2733 deserendo
567 2677 720 2748 percussit,
737 2686 764 2733 ct
800 2678 852 2732 hoc
872 2684 914 2732 est
964 2687 1031 2736 turre
1044 2679 1135 2751 potius
1160 2695 1242 2751 quam
1264 2679 1397 2735 Creatori.
1425 2681 1458 2736 Et
1482 2680 1642 2754 exsequitur
1664 2682 1764 2739 subsa-

114 2765 258 2840 quodait:
291 2767 412 2838 Propter
432 2765 511 2839 quod,
541 2764 659 2839 [licimo]
673 2765 779 2822 scilicet
803 2773 913 2837 propter
964 2776 1080 2841 quanter
1094 2775 1186 2840 partes
1201 2768 1389 2837 immunditiae,
1405 2767 1595 2842 scilicetquod
1616 2769 1764 2828 teminaein

113 2854 304 2923 idololatriam,
320 2862 346 2911 et
363 2853 425 2927 quia
440 2853 539 2910 cultum
550 2861 576 2912 ει
592 2854 753 2928 religionem
766 2853 817 2910 liei
840 2854 912 2910 ima·
964 2857 1089 2925 seminas,
1105 2858 1220 2914 masculi
1243 2857 1271 2912 in
1290 2857 1428 2914 masculos
1449 2857 1644 2930 turpitudinem
1659 2875 1761 2932 opera-

112 2943 223 3018 ginibus
234 2943 413 3013 tradiderunt,
432 2945 504 3000 Deus
522 2943 642 3000 tradidit
656 2944 732 3014 illos,
748 2943 776 3000 id
791 2951 833 2999 est
847 2943 913 2998 sub·
964 2947 1077 3014 bantur3
1093 2945 1122 3002 in
1137 2946 1234 3019 quibus
1249 2956 1391 3018 comparat
1404 2963 1514 3019 poenam
1532 2948 1630 3020 culpoe,
1646 2956 1675 3006 ut
1690 2948 1764 3007 sicut

113 3033 248 3094 trahendo
263 3031 379 3107 gratiam
393 3031 463 3088 tradi
477 3031 612 3104 permisit.
630 3031 704 3088 Nihil
720 3033 792 3088 enim
807 3033 912 3105 absque
925 2997 948 3058 ο
963 3044 1057 3093 contra
1072 3044 1198 3092 naturam
1212 3044 1350 3093 creantem
1365 3045 1557 3108 peccaverunt,
1573 3037 1612 3092 ita
1626 3038 1762 3110 iunctura

114 3123 172 3193 ejus
188 3122 368 3194 permissione
383 3119 422 3189 fit,
439 3121 521 3178 etiam
535 3121 563 3176 in
586 3121 676 3176 malis.
699 3123 752 3177 lsta
766 3122 914 3195 utiqueob-
961 3125 1073 3198 propria
1093 3125 1263 3198 punirentur,
1280 3125 1353 3181 unde
1376 3123 1513 3182 concludit
1529 3124 1558 3181 in
1585 3127 1762 3202 subsequenti

113 3210 241 3279 scuratio,
258 3209 388 3279 vindicta,
406 3218 432 3266 et
454 3224 536 3282 poena
548 3209 604 3279 jam
621 3209 680 3276 tuit,
697 3218 723 3266 et
753 3219 842 3268 tamen
862 3225 913 3282 per
964 3213 1002 3270 sic
1019 3230 1026 3270 ι
1042 3213 1077 3270 at
1096 3214 1255 3270 mercedem
1277 3213 1383 3271 erroris
1404 3230 1486 3288 quum
1516 3217 1642 3292 oportuit
1657 3217 1760 3290 (infre,

113 3300 183 3356 hanc
197 3315 316 3372 poenam,
332 3298 359 3353 id
375 3307 416 3354 est
444 3315 494 3370 per
516 3299 609 3354 cordis
629 3299 777 3354 cecitatem
801 3315 861 3371 quaa
883 3297 913 3354 tit
962 3299 1018 3374 at),
1034 3309 1098 3369 etc,
1114 3301 1193 3375 quasi
1207 3300 1282 3358 dicat
1296 3320 1303 3356 :
1318 3301 1361 3357 illi
1375 3300 1502 3371 afficiunt,
1518 3303 1546 3358 id
1561 3311 1602 3359 cst
1613 3303 1762 3376 deturpant

113 3387 257 3444 deserente
271 3387 333 3444 luce
348 3386 498 3459 sapientiae,
528 3386 556 3440 in
570 3386 646 3458 plura
661 3394 687 3442 ct
701 3387 912 3460 graviorapec·
962 3405 1079 3462 corpora
1093 3406 1151 3446 sua.
1168 3390 1221 3459 Qui
1246 3398 1482 3450 commutaverunt
1509 3391 1651 3448 veritatem
1668 3391 1718 3449 Dei
1732 3393 1761 3449 in

113 3483 173 3533 cata
188 3475 301 3546 collapsi
316 3483 387 3530 sunt.
397 3474 529 3540 Tradidit,
551 3473 622 3541 dico,
639 3474 714 3546 prius
724 3476 757 3531 iu
772 3475 912 3534 desideria
962 3477 1145 3546 mendacium,
1157 3477 1307 3553 [ambros]
1318 3479 1345 3534 id
1365 3488 1406 3537 est
1424 3479 1452 3535 id
1467 3480 1586 3552 quodde
1596 3481 1654 3537 Deo
1664 3497 1761 3537 verum

113 3563 215 3631 cordis,
232 3563 324 3622 cordis
338 3563 420 3633 dico;
435 3563 578 3636 quoderat
591 3579 698 3633 eorum,
715 3564 743 3619 id
758 3572 800 3620 est
823 3565 911 3623 alteo
962 3575 1013 3634 εει,
1026 3567 1158 3624 dederunt
1168 3566 1249 3636 idolo,
1262 3569 1365 3625 scilicet
1375 3568 1449 3642 quod
1455 3569 1490 3624 sit
1498 3570 1572 3626 Deus
1583 3589 1590 3637 ;
1600 3578 1627 3626 ει
1641 3569 1705 3627 dicit
1716 3571 1761 3628 lric

116 3651 387 3725 sibiipsisrelictum,
402 3668 418 3708 a
433 3651 531 3725 quibus
546 3651 585 3710 sic
599 3661 725 3724 paratum
740 3653 804 3722 tuit,
821 3670 912 3712 nona
962 3656 1103 3713 veritatem
1121 3656 1183 3722 Dei,
1213 3657 1286 3729 quod
1314 3672 1395 3729 supra
1422 3658 1530 3715 vocavit
1552 3658 1670 3732 gloriam
1697 3659 1759 3717 Dei.

115 3743 184 3810 Deo,
199 3750 227 3800 ct
247 3749 309 3814 post
330 3757 363 3800 ca
392 3741 502 3799 tradidit
515 3741 577 3798 illos
591 3743 624 3798 tc
645 3743 911 3810 immunditiem,id
962 3744 1069 3802 Veritas
1084 3744 1184 3818 quippe
1196 3745 1247 3802 Dei
1261 3754 1303 3802 cst
1316 3745 1406 3818 gloria
1429 3746 1493 3804 Dei.
1525 3747 1583 3820 (65)
1611 3747 1760 3805 Veritatem

114 3839 157 3889 est
170 3831 297 3889 inactum
311 3830 507 3898 immunditiae,
530 3838 559 3886 ut
573 3831 633 3904 ipso
654 3840 715 3890 actu
730 3840 931 3905 operarentur*
962 3834 1012 3891 Dei
1039 3842 1153 3901 tenere,
1182 3843 1224 3890 εει
1251 3851 1335 3890 ιιιιιιιιι
1362 3836 1449 3892 Deum
1476 3835 1589 3903 colere3
1618 3836 1759 3892 ιειὶιειειιι

113 3921 307 3994 turpitudinem
323 3929 435 3988 tantam,
452 3925 485 3977 ιιι
499 3921 633 3994 efficient
649 3938 911 3995 corporcsuccuu-
961 3924 990 3980 in
1028 3921 1202 3980 mendacium
1234 3931 1418 3992 convertere,
1454 3933 1496 3981 εει
1528 3933 1659 3983 creaturae
1696 3941 1760 3982 ser·

115 4014 250 4082 tumetiis,
263 4019 393 4085 quantum
404 4011 436 4066 ad
443 4019 576 4078 naturam,
589 4009 617 4067 id
628 4018 668 4067 est
677 4017 705 4066 ut
713 4027 825 4083 corpora
835 4021 913 4068 natu·
962 4013 1021 4070 vire
1038 4028 1090 4084 pro
1105 4005 1246 4069 Creatore.
1264 4014 1337 4069 Vara
1351 4012 1423 4068 enirn
1438 4013 1533 4087 religio
1548 4015 1575 4068 in
1590 4014 1669 4070 unius
1692 4028 1761 4071 con-

114 4100 206 4157 raliter
220 4100 413 4174 repugnantia,
430 4100 549 4171 quadum
564 4100 590 4156 vi
604 4101 787 4173 applicarent,
805 4109 831 4157 et
845 4101 911 4158 vitio
963 4108 1015 4156 stat
1030 4100 1087 4157 veri
1110 4100 1161 4156 Dei
1190 4099 1313 4158 servitio.
1333 4103 1398 4174 ipsa
1420 4118 1537 4175 namque
1552 4102 1654 4159 ueritas
1675 4119 1760 4159 verus

112 4189 216 4260 aptiora
228 4187 358 4245 tacerent.
374 4187 563 4262 [Augustinus]
578 4189 612 4244 Et
626 4189 778 4245 ostenditur
792 4189 836 4247 iric
846 4189 910 4246 item
962 4191 1037 4246 Deus
1052 4201 1101 4245 εει.
1117 4191 1179 4261 lpsa
1194 4189 1266 4246 anim
1286 4206 1342 4246 una
1355 4191 1456 4247 veritas
1470 4198 1522 4259 cst,
1536 4207 1592 4247 una
1606 4208 1671 4248 rere
1685 4191 1759 4249 divi·

113 4275 242 4346 vindicta,
255 4292 308 4351 qua
319 4276 409 4332 traditi
419 4285 492 4344 sunt,
503 4277 648 4332 nonmodo
658 4277 686 4332 in
697 4277 831 4334 desideria
845 4294 910 4352 pra·
962 4279 1044 4348 nitas,
1056 4286 1082 4334 ει
1096 4278 1134 4333 ita
1150 4294 1206 4333 nou
1221 4287 1336 4349 possunt
1349 4278 1404 4335 duo
1418 4279 1476 4335 veri
1487 4277 1524 4336 dii
1539 4279 1674 4337 ueraciter
1691 4280 1757 4352 dici,

113 4383 156 4434 va,
173 4366 221 4423 aed
234 4373 260 4423 et
274 4365 301 4421 in
311 4365 465 4421 immundas
488 4365 608 4422 actiones
633 4373 661 4422 ει
684 4367 908 4438 contumeliosas,
925 4354 1032 4424 Dsicut
1047 4367 1107 4440 ipsa
1120 4383 1175 4422 una
1189 4367 1291 4424 veritas
1306 4367 1464 4424 naturaliter
1477 4384 1533 4425 non
1551 4377 1642 4442 potest
1661 4368 1758 4426 dividi.

113 4456 212 4529 quibus
223 4455 342 4512 afficiunt
357 4463 384 4512 et
397 4453 518 4511 inliciunt
526 4470 645 4526 corpora
657 4456 778 4528 sualpsi
786 4454 848 4514 dico
863 4459 912 4513 ha·
960 4455 1062 4513 Verum
1077 4456 1169 4528 itaque
1185 4457 1274 4512 Deum
1295 4456 1395 4524 colere,
1424 4473 1544 4530 veroque
1569 4458 1627 4514 Deo
1642 4457 1756 4526 servire,

112 4541 208 4601 b'cntes
221 4545 289 4614 haec,
306 4547 338 4602 in
352 4545 523 4619 semetipsis,
540 4544 568 4600 id
582 4560 637 4600 non
650 4532 910 4614 aliunde,9scd{t
959 4552 1071 4600 nonest
1089 4545 1181 4617 utique
1209 4545 1349 4601 veritatem
1364 4544 1415 4601 Dei
1438 4545 1467 4600 in
1488 4546 1662 4604 mendacium
1677 4561 1758 4602 com-

111 4633 275 4706 semetipsis.
294 4635 350 4706 (63)
367 4635 428 4690 Non
444 4635 516 4690 enim
531 4634 614 4690 habet
627 4632 710 4691 homo
725 4635 783 4690 haec
798 4650 814 4690 a
838 4637 907 4702 Deo,
958 4643 1075 4690 mutare.
1092 4631 1251 4708 [ambros]
1267 4634 1316 4690 llle
1331 4641 1424 4690 autem
1449 4634 1500 4691 Dei
1523 4635 1664 4692 veritatem
1678 4651 1758 4692 com-

111 4723 161 4780 sed
173 4723 271 4780 dicitur
281 4722 323 4777 his
339 4723 418 4790 tradi,
433 4723 496 4795 quia
505 4724 631 4779 desertus
646 4738 662 4778 a
676 4723 734 4779 Deo
762 4721 834 4780 cedit
866 4724 908 4780 ltis
960 4730 1044 4778 mutat
1067 4722 1095 4777 in
1123 4721 1306 4791 mendacium,
1326 4723 1374 4796 qui
1401 4724 1459 4779 Deo
1474 4739 1530 4780 non
1558 4741 1624 4780 vero
1642 4725 1759 4781 aestimat

110 4819 191 4886 atque
218 4811 354 4869 consentit
371 4829 377 4867 :
394 4811 522 4880 vincitur,
551 4812 668 4883 capitur,
683 4811 806 4880 trahitur,
822 4813 909 4884 possi·
958 4811 1143 4868 serviendum.
1167 4809 1410 4867 Commutavcrunt
1425 4828 1493 4887 ergo
1508 4812 1649 4870 veritatem
1664 4813 1714 4869 Dei
1728 4813 1757 4869 in

109 4902 234 4958 detenti
257 4917 312 4974 quo
327 4899 400 4956 enim
423 4901 483 4973 quis
510 4901 598 4957 victus
615 4908 666 4965 est,
690 4901 754 4958 huic
769 4909 796 4957 ct
811 4917 908 4958 servus
957 4901 1139 4968 mendacium,
1155 4900 1219 4956 dum
1234 4917 1334 4958 nomen
1349 4899 1399 4957 Dei
1427 4902 1472 4974 qui
1494 4918 1577 4958 verus
1600 4909 1652 4972 est,
1668 4903 1756 4959 dede-

108 4989 234 5048 addictus
248 4997 309 5057 est;
326 4997 352 5046 et
367 4987 546 5061 titpeccatum
561 5002 824 5062 consequenspoena
838 5007 908 5062 prae-
957 4997 1019 5045 runt
1032 4989 1074 5044 his
1090 4989 1205 5061 quinon
1222 4997 1284 5045 sunt
1297 4989 1346 5045 dii.
1367 4987 1512 5062 Lapidious
1535 4990 1605 5046 enim
1622 4997 1649 5046 et
1673 4991 1756 5066 lignis

107 5079 231 5136 cedentis
257 5077 372 5152 peccati.
402 5077 451 5135 Vel
467 5078 522 5144 ita,
539 5075 657 5134 afficiant
678 5093 741 5145 cor,
768 5078 820 5150 ipsi
844 5079 907 5136 dico
957 5087 1039 5154 atque
1058 5078 1176 5134 metallis
1199 5077 1356 5134 auferentes
1370 5079 1443 5151 quod
1472 5085 1543 5145 sunt,
1559 5079 1654 5135 dantes
1682 5081 1756 5152 quod

107 5175 222 5240 agentes
234 5211 241 5236 ,
251 5189 252 5194 ¹
264 5166 436 5225 contumeliis
450 5165 478 5221 in
504 5165 667 5238 semetipsis,
684 5167 712 5222 id
741 5175 782 5223 est
810 5167 837 5223 in
857 5185 906 5225 suo
955 5175 1102 5232 nunaunt,
1119 5175 1148 5222 ut
1156 5166 1205 5222 Dei
1215 5167 1316 5223 veritas
1324 5166 1358 5223 sit
1366 5166 1545 5236 mendacium,
1557 5175 1585 5224 ut
1593 5166 1700 5240 quando
1709 5167 1754 5224 la-

109 5271 185 5324 sexu,
202 5255 315 5313 masculi
330 5271 391 5314 cum
410 5255 549 5325 masculis,
569 5255 677 5312 feminae
701 5271 762 5314 cum
786 5255 904 5314 feminis.
955 5255 1046 5326 pidem
1057 5255 1149 5312 dicunt
1159 5256 1246 5312 Deum
1259 5271 1331 5326 esse,
1341 5257 1585 5330 nonenimnegant
1594 5258 1693 5327 Deum,
1704 5256 1754 5314 aed

139 5433 184 5568 (ιιι
215 5437 331 5500 linguat,
343 5436 368 5486 ln
380 5449 457 5488 serm.
471 5435 586 5502 quodam.
989 5434 1042 5514 [ct]
1061 5437 1176 5514 ductui.t
1188 5435 1223 5488 lte
1234 5434 1279 5488 tin.
1292 5437 1366 5488 arbit.

151 5503 184 5554 63
214 5504 288 5567 Aug„
301 5505 386 5554 contra
398 5502 531 5555 lulianum.
822 5542 824 5555 .
990 5503 1046 5571 (66)
1065 5503 1205 5568 Fulgentius
1217 5501 1249 5558 ad
1260 5505 1390 5557 Donatum.
