3882 6064
146 139 198 192 aas
472 93 478 105 Α
838 129 941 188 rnatu
963 99 1152 187 conannas.
1741 136 1794 188 sss

147 259 203 330 filii
217 261 373 316 bominum.
390 260 462 314 Auro
477 265 503 313 et
518 256 623 313 caeteris
638 256 832 328 temporalibus
859 253 979 314 fidemA
995 270 1067 326 que;
1091 254 1119 310 in
1140 253 1340 311 vicissitudines
1363 255 1489 312 observat
1503 262 1529 312 et
1545 263 1677 327 tempora,
1706 256 1745 312 its
1766 264 1794 312 et

148 345 309 418 praeponite,
325 353 351 401 et
365 345 420 402 alia
437 345 603 415 hujusmodi.
624 344 708 401 Aliter
723 343 795 400 enim
809 343 874 399 estis
889 343 942 414 hy·
993 341 1020 397 iu
1037 342 1172 413 spirituali
1186 343 1353 411 educatione,
1371 351 1466 400 sancta
1479 343 1603 400 Ecclesia
1616 344 1713 400 eadem
1724 359 1791 402 cus-

144 433 266 504 pooritae.
288 433 317 489 Si
331 431 421 489 dicitis
437 451 444 487 ε
461 433 600 506 Magister,
610 449 692 489 verax
703 449 743 500 es,
768 449 802 488 nc
814 431 943 503 judicetis
994 429 1071 485 todit.
1095 430 1172 486 Prius
1190 431 1262 486 enim
1285 448 1353 503 puer
1367 431 1529 502 concipitur,
1553 431 1580 486 id
1604 431 1692 488 estin
1712 438 1793 488 utero

144 529 258 577 mortem
276 537 377 588 meam,
393 521 456 594 quia
471 537 519 576 rex
534 530 624 578 vester
639 538 709 588 sum,
738 529 767 576 ut
788 520 881 576 titulus
896 519 942 574 ait.
993 519 1131 588 nascitur;
1157 521 1276 576 secundo
1289 519 1410 575 inutero
1429 519 1528 588 alitur;
1550 519 1638 586 tertio,
1654 519 1688 576 ad
1703 519 1794 578 lucem

144 609 232 666 Judaei
245 625 310 666 vero
324 609 364 666 sic
383 609 417 666 de
432 610 540 666 Christo
564 610 762 680 judicaverunt,
779 616 808 664 ut
822 607 884 664 licte
909 607 944 664 de
995 606 1143 674 emittitur;
1160 616 1258 679 quarto
1269 649 1277 677 ,
1309 608 1403 663 matris
1435 606 1560 674 manibus
1595 615 1748 680 gestatur„
1763 617 1795 663 ut

147 712 180 753 eo
194 697 278 754 locuti
292 698 451 769 probentur,
467 697 561 754 verbis
569 697 625 752 suis
640 705 812 754 accusentur.
829 695 893 751 ldeo
904 695 945 750 sic
994 703 1118 763 crescut;
1134 696 1246 769 quinto,
1270 695 1427 762 ablactatur,
1444 704 1473 752 ut
1500 697 1536 752 ad
1557 711 1678 752 mensam
1706 695 1794 766 patris

145 801 254 853 moneo,
271 793 300 841 ut
315 793 389 842 recte
404 785 506 843 scilicet
514 785 651 856 judicetis,
668 786 730 858 quia
745 784 823 841 vobis
836 792 877 840 est
889 783 944 838 ini·
995 784 1116 850 accedet,
1129 792 1158 839 ut
1172 784 1213 841 sic
1226 783 1350 840 validiori
1365 784 1426 840 cibo
1445 784 1543 840 alatur.
1564 785 1604 840 lta
1618 799 1686 856 quos
1700 791 1795 840 sancta

147 871 234 945 quitas
248 873 276 928 in
291 875 374 930 corde
390 882 416 930 et
430 874 458 929 in
473 890 530 942 ore,
548 882 574 931 et
589 874 616 930 iu
631 890 722 928 mauu.
750 874 783 930 El
811 873 862 928 boc
891 878 942 940 est,
995 871 1091 928 educat
1105 872 1238 942 Ecclesia,
1259 873 1336 942 prius
1351 872 1428 944 quasi
1448 872 1476 926 in
1491 879 1568 928 utero
1591 880 1751 938 nascuntur,
1767 872 1796 926 id

995 967 1037 1015 est
1064 959 1260 1031 concipiuntur,
1277 961 1342 1015 dum
1368 959 1522 1015 rudimenta
1544 959 1703 1016 Christiane
1729 958 1796 1015 fidei

996 1047 1145 1118 suscipiunt
1159 1047 1187 1102 in
1201 1049 1366 1104 catechismo
1381 1056 1408 1104 et
1422 1047 1584 1104 exorcismo.
1610 1049 1687 1104 Prius
1716 1048 1797 1120 quasi

950 1202 953 1208 Ι
995 1135 1024 1189 in
1038 1143 1116 1192 utero
1140 1135 1257 1204 aluntur,
1275 1137 1340 1192 dum
1353 1137 1396 1192 vel
1410 1135 1571 1192 rudimentis
1585 1136 1692 1208 plenius
1706 1135 1796 1192 intor-

996 1232 1112 1279 mantur.
1132 1225 1235 1295 Tertio,
1262 1241 1311 1296 per
1335 1224 1498 1296 baptismum
1517 1232 1543 1280 et
1558 1223 1674 1280 aliorum
1702 1240 1797 1282 sacra-

182 1312 297 1368 Etenim
324 1312 484 1383 operamini
510 1311 679 1383 iniquitates
697 1311 729 1366 ia
748 1311 839 1366 corda.
866 1307 945 1381 [Cas-
997 1321 1150 1368 mentorum
1160 1312 1365 1384 perceptionem
1380 1321 1406 1368 et
1421 1312 1637 1386 intelligentiam,
1659 1313 1736 1384 quasi
1760 1313 1798 1367 ad

148 1398 230 1467 siod.,
261 1398 304 1455 Gl.
329 1399 389 1468 int,
419 1398 554 1466 Cassiod..
581 1401 664 1472 Aug„
695 1397 831 1466 Cassiod„
862 1396 946 1470 dap]
996 1400 1086 1457 luceru
1111 1402 1169 1472 jam
1197 1401 1225 1455 in
1249 1401 1289 1456 eis
1317 1400 1431 1457 formata
1468 1400 1582 1457 veritate
1619 1409 1796 1472 generantur.

148 1487 210 1542 Non
233 1495 349 1558 possunt
364 1494 435 1544 recte
447 1486 580 1557 judicare,
598 1486 696 1559 quibus
710 1484 738 1542 iu
752 1486 836 1543 corde
862 1491 889 1540 et
918 1500 946 1539 ιι
998 1488 1111 1558 Quarto,
1136 1489 1213 1561 quasi
1236 1489 1363 1544 menibus
1377 1489 1508 1545 Ecclesiae
1522 1495 1670 1560 portantur,
1685 1495 1711 1546 et
1724 1488 1799 1546 lacte

149 1590 230 1630 manu
245 1583 287 1630 est
300 1573 438 1648 iniquitas.
455 1574 613 1647 Operamini
628 1574 689 1632 dico
713 1576 746 1630 in
761 1577 847 1643 tarra,
863 1572 891 1628 id
907 1579 984 1664 estB
1000 1577 1164 1644 nutriuntur,
1181 1577 1225 1634 vel
1245 1576 1361 1644 aluntur,
1391 1577 1456 1634 dum
1483 1575 1640 1648 simpliciori
1666 1576 1800 1633 Ecclesiae

150 1663 270 1736 quiame
285 1671 394 1731 terram,
417 1665 445 1719 id
470 1672 510 1718 est
537 1663 675 1718 bominem
702 1661 869 1733 conspicitis.
900 1661 949 1717 Vel
1000 1665 1124 1722 doctrina
1142 1665 1307 1732 imbuuntur,
1323 1666 1449 1722 doneca
1471 1665 1543 1722 lacte
1558 1664 1689 1736 simplicis
1701 1678 1802 1720 sensus

151 1751 215 1823 quia
235 1759 345 1822 terram,
361 1752 390 1807 id
404 1759 563 1807 estterrena
577 1750 717 1818 remetissi
732 1766 835 1806 manus
849 1753 949 1807 vestra
1000 1754 1131 1811 accedant
1156 1754 1189 1808 ad
1214 1769 1338 1810 mensam
1366 1752 1462 1819 Petris,
1487 1761 1516 1808 ut
1535 1752 1625 1808 valido
1652 1761 1801 1808 vescantur

152 1841 338 1906 concinnant,
355 1838 436 1911 quasi
449 1855 482 1894 ex
497 1839 589 1894 multis
603 1837 726 1910 partibus
741 1837 890 1894 adunantes
904 1837 949 1892 in·
1000 1843 1071 1908 cibo,
1084 1841 1186 1898 scilicet
1203 1857 1274 1913 pane
1289 1841 1459 1915 angelorum,
1479 1840 1572 1907 idest,
1596 1842 1629 1896 ira
1655 1842 1801 1913 principia

149 1926 365 1996 iustitiasQuasi
379 1927 467 1984 dicat:
481 1927 570 1998 Opera
585 1933 678 1983 vestra
691 1942 782 1998 pravae
792 1925 950 2000 cogitationi
1000 1935 1063 1989 arat
1081 1928 1197 1987 Verbum
1211 1931 1302 2002 (toan.
1320 1930 1360 2002 r):
1386 1927 1541 2002 quinetiam
1564 1929 1593 1983 in
1619 1928 1800 1984 sacramentis

153 2015 330 2081 concordant,
347 2015 409 2087 quia
424 2031 521 2070 manus
536 2013 655 2087 sequitur
668 2030 726 2072 cor.
744 2014 772 2070 Si
787 2021 877 2070 tamen
893 2029 950 2070 ma·
1000 2017 1170 2077 celebrandis
1185 2017 1266 2074 bodie
1280 2018 1470 2074 observentur.
1483 2019 1555 2072 Dum
1568 2016 1641 2073 enim
1651 2025 1746 2088 quartu
1757 2016 1801 2073 ie-

154 2118 205 2158 nus
213 2103 294 2173 desit,
312 2117 366 2160 non
382 2103 444 2159 ideo
459 2103 518 2159 sine
533 2103 611 2175 culpa
625 2119 655 2159 es
674 2103 739 2176 quia
755 2103 888 2175 quidquid
899 2101 949 2169 vis,
1001 2107 1042 2162 ria
1056 2114 1160 2178 quartae
1187 2105 1346 2177 septimane
1365 2105 1467 2161 militie
1490 2105 1649 2161 Christiane
1667 2104 1802 2176 agonistae

153 2198 180 2246 et
194 2207 250 2246 non
263 2199 351 2263 potes,
372 2192 446 2248 Deus
460 2189 561 2248 lactum
575 2191 698 2262 imputat.
713 2191 763 2247 Est
777 2199 867 2246 autem
882 2205 951 2246 con·
1003 2194 1103 2252 Christi
1121 2201 1263 2260 vocantur,
1288 2194 1364 2266 quasi
1393 2193 1421 2248 in
1443 2200 1519 2249 utero
1547 2199 1704 2250 nascuntur.
1732 2193 1801 2248 Inde

155 2278 284 2346 eiunctio,
301 2295 335 2335 ex
358 2279 448 2336 multis
472 2278 597 2352 partibus
627 2280 744 2336 adunata
773 2279 949 2351 perversitas.
1002 2300 1090 2356 usque
1110 2283 1145 2338 ad
1160 2282 1308 2339 Sabbatum
1329 2281 1468 2353 paschale,
1490 2281 1569 2354 quasi
1587 2281 1615 2337 in
1632 2288 1709 2338 utero
1725 2281 1802 2336 olun-

153 2367 203 2423 Vel
218 2369 368 2424 secundum
395 2367 477 2424 aliam
504 2367 633 2436 litteram,
655 2369 834 2441 injustitiam
849 2383 952 2424 manas
1003 2381 1054 2428 tur.
1071 2374 1102 2427 ln
1118 2370 1238 2427 Sabbata
1251 2387 1302 2443 per
1316 2370 1482 2442 baptismum
1497 2369 1574 2442 quasi
1583 2370 1619 2424 ad
1633 2370 1721 2426 luaern
1734 2385 1805 2427 oon-

154 2459 445 2524 veatroccocncataat,
463 2457 576 2526 scilicet,
593 2456 665 2514 aliud
686 2464 828 2528 peccatum
843 2455 887 2511 alii
902 2456 952 2511 ad·
1003 2468 1169 2535 generantur
1185 2476 1192 2515 :
1208 2459 1271 2514 inde
1286 2458 1363 2532 quasi
1378 2459 1503 2514 manibus
1523 2465 1674 2530 portantur,
1691 2466 1718 2513 et
1732 2457 1803 2514 lacte

151 2543 281 2617 jungunt.
295 2545 373 2602 Unde
387 2545 471 2600 isaias
483 2563 490 2600 ε
504 2545 551 2602 Vca
576 2545 618 2601 bis
640 2547 688 2618 qai
703 2545 824 2601 trabant
837 2547 954 2616 paccata
1004 2549 1169 2614 nutriuntur,
1187 2548 1276 2604 donec
1289 2547 1316 2603 in
1336 2547 1379 2604 die
1395 2548 1579 2615 Pentecostes,
1604 2546 1700 2603 virtute
1716 2547 1803 2604 Para-

156 2633 231 2690 sicat
246 2637 350 2689 restem
367 2634 479 2704 tanqam
494 2633 560 2706 (lea.
577 2633 617 2704 v).
633 2635 667 2689 Ει
680 2634 750 2688 bene
760 2640 875 2704 peccata
888 2632 955 2688 resti
1004 2638 1068 2695 cleti
1082 2637 1116 2692 de
1130 2635 1339 2693 altoiuduantur
1356 2654 1363 2691 :
1378 2653 1433 2708 quo
1441 2635 1530 2692 allatis
1541 2635 1625 2692 variis
1632 2634 1734 2707 linguis
1742 2651 1804 2690 rna·

155 2728 356 2790 comparantur.
386 2721 508 2778 Peccatis
543 2721 616 2777 enim
650 2721 764 2794 quisque
791 2720 955 2794 constringi·
1005 2725 1094 2798 gualia
1109 2724 1158 2780 Dei
1173 2725 1320 2796 loquuntur
1329 2725 1403 2796 (Act.
1417 2724 1459 2793 ιι).
1471 2724 1550 2780 Unde
1559 2723 1695 2780 Abrabam
1710 2723 1806 2780 convi-

184 1011 257 1066 Vnns
271 1015 298 1068 2.
314 1042 349 1052 -
365 1031 376 1060 ι
394 1011 502 1066 Etenim
516 1011 543 1066 in
563 1011 644 1067 corde
663 1009 820 1082 iniquitates
846 1023 945 1080 opera-

149 1120 161 1150 «
183 1098 249 1154 mini
269 1099 297 1154 in
316 1109 404 1166 terra;
424 1099 566 1168 injustitias
588 1115 686 1154 manus
704 1107 803 1155 vestrae
831 1096 944 1153 conciu-

100 1199 101 1202 ’
151 1195 290 1243 (ualli.)
377 1205 388 1218 “

57 2868 62 2877 ,
154 2815 208 2875 ιιι,
225 2825 286 2880 quae
300 2815 428 2880 tanquam
441 2808 549 2865 vincula
562 2809 650 2882 ligant
676 2809 823 2866 bominem.
840 2808 955 2865 Undein
1005 2814 1079 2871 vium
1093 2829 1222 2886 magnum
1236 2811 1371 2869 ablactato
1385 2814 1464 2869 Isaac
1479 2811 1806 2884 lecit(Gen.xx1),quod

155 2894 208 2952 line
223 2895 321 2952 dicitur
336 2915 343 2950 ι
360 2897 455 2967 lipatc
470 2898 517 2952 itti
530 2913 633 2954 manas
649 2902 678 2954 ct
690 2897 954 2969 peaes,etc.(ttatttt.
1006 2918 1061 2959 non
1079 2909 1140 2958 ante
1157 2901 1258 2957 lecerat
1272 2901 1300 2956 in
1312 2900 1517 2957 circumcisione
1542 2907 1569 2956 et
1592 2899 1619 2955 in
1643 2899 1712 2966 aliis,
1738 2898 1805 2971 quie

157 2987 244 3056 nnat.)
266 2984 336 3054 Quia
349 3001 400 3056 pro
413 2986 533 3057 peccatis
556 2985 710 3042 commissis
739 2985 903 3058 cogitatione
930 2992 958 3041 et
1005 2999 1069 3046 tunc
1091 2989 1220 3061 parvulus
1240 2996 1309 3045 erat.
1325 2989 1402 3044 Unde
1416 2988 1485 3045 inter
1499 2988 1603 3044 Pascha
1617 2996 1642 3044 et
1656 2988 1805 3043 Pentecos-

155 3065 239 3145 opere
262 3081 439 3145 peecatorum
471 3075 655 3142 damnabitur,
670 3075 718 3131 sed
743 3074 824 3130 etiam
847 3073 957 3130 interim
1006 3087 1052 3135 ten
1066 3078 1140 3134 nulla
1154 3075 1276 3134 difficilia
1290 3076 1455 3143 indicuntur,
1472 3075 1576 3133 seilicet
1591 3083 1621 3132 ut
1633 3075 1763 3146 Jejunium
1778 3083 1808 3132 et

156 3155 259 3220 eisdeni
274 3163 397 3220 ceditur.
414 3162 492 3220 Unde
506 3163 637 3220 Dominus
652 3162 760 3235 flagello
776 3163 810 3218 de
830 3161 957 3218 funiculis
1007 3167 1175 3237 intempestae
1190 3165 1277 3222 noctis
1294 3165 1404 3238 vigiliae,
1421 3163 1485 3236 quia
1504 3179 1582 3220 soror
1599 3171 1693 3220 nostra
1720 3177 1807 3236 parva

156 3249 199 3306 vel
222 3250 357 3307 resticulis
374 3250 444 3308 lacto
458 3250 556 3308 cecidit
569 3251 718 3307 vendentes
733 3258 760 3306 et
775 3257 896 3306 ementes
923 3249 957 3304 de
1008 3263 1059 3322 esc,
1075 3262 1101 3311 et
1115 3254 1201 3309 ubere
1222 3269 1277 3309 non
1304 3253 1386 3309 babet
1412 3252 1507 3325 (dant.
1532 3253 1605 3324 vin),
1631 3259 1657 3308 et
1684 3251 1808 3307 Christus

157 3337 276 3409 templo:
293 3339 365 3395 Ecce
381 3339 466 3412 iniqui
481 3346 579 3395 suntet
593 3338 674 3395 corde
689 3337 852 3396 ‹tt-122
863 3353 955 3394 manu·
1008 3343 1127 3400 diluculo
1155 3342 1278 3398 surrexit.
1302 3341 1350 3396 lsti
1369 3357 1435 3397 vero
1450 3341 1494 3398 vel
1508 3356 1562 3396 uon
1577 3339 1766 3411 concipiuntur
1779 3339 1808 3395 in

160 3426 238 3484 Unde
253 3427 305 3484 boc
319 3426 452 3500 eistquia
1009 3439 1096 3498 utero,
1113 3431 1157 3487 vel
1171 3447 1225 3486 non
1238 3437 1388 3486 nascuntur
1402 3445 1436 3484 ex
1455 3438 1543 3486 utero.
1558 3429 1592 3484 Et
1606 3430 1658 3486 boc
1672 3437 1722 3496 est,
1738 3427 1808 3484 alie-

1009 3520 1064 3576 nati
1079 3527 1141 3575 sunt
1157 3526 1314 3591 peccatores
1329 3533 1346 3574 a
1359 3517 1441 3574 vulva
1462 3517 1605 3585 Ecclesiae,
1629 3534 1690 3589 quae
1704 3531 1810 3574 conver

1010 3625 1056 3664 sos
1070 3607 1198 3679 concipit,
1219 3615 1245 3663 et
1260 3614 1338 3662 natos
1349 3607 1405 3676 jam
1420 3604 1447 3660 in
1463 3622 1502 3672 se,
1519 3612 1546 3662 et
1561 3604 1584 3660 si
1594 3606 1713 3661 noudum
1728 3611 1810 3662 natos

1010 3714 1044 3754 ex
1059 3713 1088 3752 se
1103 3695 1195 3762 nutrit,
1219 3695 1308 3752 donec
1327 3694 1459 3750 formetur
1473 3693 1499 3749 in
1516 3693 1555 3750 eis
1570 3694 1680 3764 veritas,
1705 3701 1731 3750 et
1745 3700 1812 3751 tunc

194 3784 322 3840 Alienati
337 3787 406 3839 scat
416 3787 578 3855 peccatores
591 3799 608 3838 a
623 3782 746 3839 veritate.
764 3781 893 3856 [lupuit
907 3781 960 3852 ipsi
1010 3785 1145 3857 periectos
1159 3783 1255 3856 pariat.
1272 3783 1304 3838 Hi
1320 3790 1409 3838 autem
1428 3781 1563 3854 concepti,
1580 3781 1644 3854 quia
1657 3798 1708 3853 per
1721 3781 1813 3854 impa-

159 3871 221 3928 dico
234 3878 394 3944 peccatores
408 3889 425 3926 a
438 3873 520 3928 calca
543 3871 647 3938 matris,
663 3871 746 3927 idest
769 3870 879 3942 abipsa
903 3870 960 3925 ori·
1011 3875 1132 3941 tientam,
1163 3879 1308 3944 antequam
1336 3870 1497 3938 formentur,
1518 3870 1676 3943 quatiuntur
1704 3869 1812 3926 viscera

161 3959 234 4033 gine,
251 3974 307 4015 non
322 3959 385 4032 quia
400 3976 433 4015 cx
448 3967 512 4016 tuno
531 3967 721 4031 peccaverunt,
745 3959 794 4014 sed
809 3959 872 4030 quia
888 3974 960 4029 pcae-
1012 3962 1113 4031 matris‚
1142 3960 1352 4018 contradicendo
1381 3959 1512 4016 doctrinae
1536 3957 1670 4026 veritatis,
1695 3959 1812 4016 abortivi

163 4047 292 4120 coguovit
320 4048 394 4102 Deus
406 4046 441 4102 ab
468 4056 546 4104 utero
573 4048 636 4103 illos
660 4047 765 4103 tuturos
788 4055 959 4118 peccatores,
1011 4050 1190 4108 exordiuntur.
1215 4051 1289 4121 Ergo
1302 4057 1414 4121 generet
1430 4055 1455 4103 te
1471 4055 1558 4103 mater
1582 4063 1616 4102 ne
1638 4046 1757 4116 abjiciat.
1773 4047 1812 4103 Et

163 4143 192 4191 ut
207 4134 340 4192 Rebeccae
354 4135 401 4202 ait,
419 4151 481 4192 oum
496 4136 583 4192 adhuc
598 4152 745 4207 praegnans
768 4143 859 4191 esset:
875 4137 962 4208 llajor
1013 4148 1041 4195 tu
1056 4147 1113 4195 esto
1126 4138 1230 4210 patiens
1255 4152 1398 4209 usquequo
1420 4144 1495 4192 certa
1515 4135 1549 4190 sit
1576 4135 1604 4190 iu
1633 4142 1658 4191 te
1687 4134 1812 4192 doctrina

163 4224 267 4281 serviet
281 4223 386 4279 minori
414 4225 494 4292 (Gen.
511 4225 592 4296 xxv).
610 4223 690 4292 Quod
705 4224 902 4297 subsequenter
920 4241 964 4279 ex·
1013 4227 1143 4284 veritatis.
1174 4227 1201 4282 Si
1229 4233 1319 4282 autern
1346 4224 1491 4298 impatiens
1526 4223 1699 4281 concusseris
1725 4223 1814 4280 latera

164 4311 250 4385 ponit,
265 4317 434 4368 erraverant
447 4315 481 4369 ab
496 4318 585 4380 clero,
615 4312 643 4367 id
663 4319 705 4370 est
733 4328 826 4368 errare
842 4312 960 4383 praesciti
975 4310 1118 4382 Dmatris,
1140 4323 1165 4370 te
1188 4314 1288 4372 excutit
1308 4313 1388 4381 toras,
1414 4313 1463 4369 sed
1476 4312 1566 4386 magis
1581 4320 1625 4368 tuo
1640 4311 1713 4368 malo
1731 4329 1815 4384 quarn

166 4408 229 4456 sunt
250 4401 390 4465 abatem,
414 4409 440 4456 et
459 4401 528 4458 sicut
547 4401 692 4473 praevisum
708 4409 748 4458 est
771 4401 878 4467 accidit,
904 4401 965 4473 quia
1015 4419 1074 4460 suo.
1091 4403 1237 4476 Sequitur:
1260 4401 1405 4476 [Cassiod.,
1429 4400 1474 4457 Gl.
1494 4400 1555 4468 ιιι,
1576 4400 1711 4467 Cassiod„
1728 4401 1814 4473 dupe]

170 4491 257 4548 locati
271 4493 341 4545 sant
354 4491 439 4562 salsa,
456 4491 528 4547 Ecce
545 4489 673 4562 iniquitas
686 4489 714 4546 in
729 4505 789 4556 ore,
808 4497 834 4545 et
848 4505 904 4546 non
918 4506 965 4545 so·
1016 4495 1190 4549 Erraoerant
1205 4489 1239 4547 ab
1254 4497 1343 4559 atero,
1369 4489 1431 4562 quia
1455 4487 1589 4546 contraria
1617 4488 1697 4544 matri
1726 4489 1814 4545 secuti

167 4575 224 4631 blm
237 4590 291 4631 uon
307 4573 409 4630 sitiunt
433 4577 514 4642 bono,
531 4575 579 4631 sed
593 4590 644 4632 11⁰0
672 4575 768 4630 audbe
795 4574 887 4630 volunt
904 4575 966 4647 quia
1016 4590 1088 4637 sunt.
1104 4581 1138 4635 Et
1148 4580 1209 4635 ideo
1229 4580 1291 4651 quie
1306 4585 1427 4634 errante
1445 4586 1540 4634 ventre
1555 4577 1583 4632 in
1598 4592 1652 4650 quo
1668 4584 1712 4634 est
1735 4576 1813 4634 veri-

1017 4679 1067 4740 tas,
1085 4671 1171 4725 locati
1185 4672 1254 4726 sant
1267 4669 1353 4739 talea.
1371 4669 1411 4723 Ue
1425 4668 1477 4723 boe
1501 4681 1567 4723 vero
1591 4673 1653 4722 sunt
1667 4665 1813 4722 inexcusa-

1017 4760 1096 4825 biles,
1123 4757 1187 4830 quia
1214 4757 1308 4812 nolunt
1336 4755 1443 4812 veritati
1470 4754 1594 4812 credere.
1621 4756 1654 4810 Et
1680 4756 1733 4810 boc
1759 4763 1815 4827 cst,

1018 4843 1229 4901 Parorcstillis
1248 4840 1404 4898 secandam
1423 4838 1647 4895 similitudinem
1661 4836 1813 4909 coeperatis,

194 3569 279 3624 Vnus.
295 3571 321 3624 3.
339 3599 372 3610 -
390 3592 400 3616 ιι
425 3569 543 3625 Alienati
572 3577 634 3624 sunt
655 3577 811 3640 peccatores
826 3584 843 3623 a
860 3567 957 3634 vulva;

159 3680 171 3710 a
193 3665 357 3731 erraverunt
370 3657 405 3712 ab
420 3665 509 3725 utero,
524 3657 608 3715 locuti
623 3668 686 3713 sunt
704 3657 782 3714 falsa.
803 3679 814 3707 a

204 4718 289 4773 Vens.
305 4719 331 4773 t.
347 4747 382 4757 —
399 4739 409 4768 ι
428 4717 515 4773 Furor
529 4717 582 4773 illis
603 4717 749 4773 secundum
766 4715 968 4772 similitudinem

171 4831 182 4855 ιι
201 4805 335 4879 serpentis
349 4825 356 4873 ;
373 4805 442 4862 sieut
453 4805 556 4877 aspidis
571 4805 669 4874 surdae,
682 4813 708 4862 et
723 4805 873 4861 obturantis
888 4819 968 4860 aures

173 4919 184 4945 ‘¹
207 4911 281 4952 ⁵⁰⁸⁵·
300 4917 312 4946 ’
1019 4933 1082 5006 quie
1097 4931 1136 4986 ira
1145 4929 1341 4988 obstinatorum
1349 4926 1536 4985 irrevocabilis
1546 4933 1598 4984 est.
1608 4926 1689 4995 Cttjus
1703 4939 1816 4995 serpen-

209 5023 298 5078 Faror
312 5021 381 5086 illis,
397 5027 450 5076 etc.
467 5019 561 5092 [bugd
579 5019 627 5074 Vel
646 5019 682 5074 ita
697 5018 732 5074 ab
747 5017 793 5075 illo
808 5018 880 5084 loco,
896 5020 969 5074 alie·
1019 5021 1055 5076 tis
1068 5022 1082 5076 t
1096 5023 1174 5077 Sicat
1197 5019 1302 5092 aspidis
1330 5018 1432 5074 sardia.
1458 5015 1535 5072 Unde
1568 5013 1673 5069 surda?
1699 5027 1764 5070 eoae
1785 5016 1816 5068 et

173 5111 237 5166 nati
250 5114 329 5166 sant.
340 5111 374 5166 Et
388 5108 521 5180 accipitur
530 5108 611 5164 vulve
624 5107 668 5164 vel
678 5115 780 5174 uterus,
794 5105 912 5164 charitas
923 5108 972 5163 Ec-
1020 5110 1181 5167 obturantis
1196 5124 1280 5164 aures
1290 5123 1365 5175 scas,
1383 5114 1454 5160 terra
1471 5111 1498 5158 et
1513 5101 1610 5158 cauda.
1632 5099 1816 5170 Diciturenim

173 5197 264 5254 elesiae
275 5196 301 5252 in
313 5213 366 5270 qua
376 5197 502 5256 conversi
512 5195 701 5268 concipiuntur
710 5196 971 5265 etnascuntur,dum
1021 5199 1135 5254 alteram
1150 5189 1342 5252 aurem'terrae
1369 5191 1491 5267 affigere,
1514 5191 1629 5247 alteram
1652 5189 1737 5247 cauda
1763 5188 1817 5244 ob-

173 5285 237 5342 lidei
256 5285 407 5342 mdimenta
428 5285 586 5357 suscipiunt,
602 5293 630 5342 et
648 5285 777 5357 paulatim
805 5284 971 5350 nutriuntur,
1022 5294 1137 5353 struere,
1152 5301 1187 5341 ne
1208 5300 1304 5341 vocem
1325 5282 1486 5339 incantantis
1506 5279 1599 5336 audiat
1616 5297 1622 5333 z
1640 5279 1679 5334 sic
1703 5277 1760 5344 isti,
1781 5295 1816 5335 ne

176 5373 312 5432 donecaein
335 5374 375 5430 eis
390 5373 501 5431 lormata
527 5373 639 5430 veritate
664 5373 698 5428 ad
722 5373 811 5428 lucem
833 5380 971 5446 gerantur.
1022 5373 1131 5430 audiant
1145 5381 1219 5430 verat
1234 5373 1361 5428 obturant
1378 5385 1459 5425 eures
1483 5383 1545 5424 suas
1560 5367 1686 5423 audiendi
1704 5373 1775 5422 terra
1791 5375 1818 5420 et

177 5465 210 5522 lit
224 5470 289 5520 nota
304 5462 375 5520 sicut
388 5463 505 5519 carnalis
518 5469 604 5518 mater
620 5461 647 5517 in
664 5461 758 5520 sobole
773 5461 877 5519 carnali
892 5460 973 5536 quin·
1023 5463 1118 5528 cauda,
1142 5463 1170 5518 id
1199 5467 1240 5518 est
1272 5459 1417 5532 praeteritis
1435 5465 1464 5514 et
1481 5455 1663 5531 presentibus
1684 5454 1815 5527 peccatis.
