3940 6066
567 100 821 160 COLLECTANEA
838 103 876 158 IN
911 103 1020 162 belsa.
1040 105 1074 161 b.
1095 107 1198 166 eluat
1211 139 1247 154 -
1260 111 1454 170 PllAEllllTIO.

198 229 1843 295 ——————-——·——-—————————-——==

586 385 877 534 rnatu
899 387 1439 564 ‚conanum

782 660 950 721 uactsttu
969 665 1242 726 SENTENTIARUM

495 831 876 934 PARISIENSIS
916 834 1215 952 QUONDAM
1253 843 1534 942 EPISCOPI

565 1001 1460 1234 coruncanum

354 1325 415 1508 u
454 1327 640 1508 tutu
678 1331 733 1508 v.
775 1329 950 1508 tttu
981 1331 1273 1514 tttsvtu
1328 1337 1659 1523 vttstult

189 1573 237 1635 Ex
251 1575 317 1636 DD.
332 1575 521 1654 Augustino,
539 1576 718 1654 Ambrosio,
744 1577 935 1659 Hieronprno
950 1579 1084 1660 aliisque
1112 1585 1271 1646 nonnullis
1284 1585 1318 1646 S.
1350 1586 1522 1670 Scripturae
1552 1594 1710 1672 primariis
1736 1595 1836 1659 inter-

229 1655 373 1746 pretibus
387 1673 508 1748 summa
523 1664 589 1717 arte
605 1657 829 1750 diligentiaque
853 1665 1010 1722 contexta.
1045 1661 1133 1741 Opus
1161 1665 1310 1726 eximium
1340 1673 1372 1728 at
1400 1685 1481 1731 anno
1513 1670 1591 1734 lllO
1615 1675 1837 1758 conscriptum,

229 1751 312 1796 nunc
326 1753 462 1815 primum
476 1753 508 1796 rn
523 1735 625 1798 lucem
640 1737 786 1798 edrctum.

391 1891 535 1964 (Parisiis,
551 1891 627 1968 apud
642 1893 765 1954 boercdcs
779 1893 875 1952 lodoci
888 1895 970 1953 Badti
984 1895 1121 1967 decessit,
1140 1899 1224 1968 158⁵,
1239 1916 1336 1959 mense
1349 1905 1505 1974 Deccmbri,
1520 1905 1636 1980 ira-fol.)

598 2185 764 2272 PETRI
799 2186 1087 2274 LOMBARDI
1124 2191 1416 2280 PRAEFATIO
1469 2241 1477 2254 .
1585 2234 1595 2258 ·

223 2369 359 2442 Principia
372 2387 465 2428 rerum
480 2372 644 2446 requirenda
659 2382 721 2431 sunt
734 2374 820 2447 prius,
845 2383 875 2431 ut
898 2391 992 2432 earum
1005 2378 1258 2439 Aeommendauda
1272 2379 1323 2436 Dei
1335 2378 1423 2454 gratia
1436 2379 1559 2448 lortiter,
1585 2380 1734 2453 prudenter
1756 2389 1845 2455 atque‘

191 2459 284 2515 notitia
306 2459 414 2531 plenior
443 2461 539 2519 baberi
561 2463 657 2535 possit.
681 2464 756 2521 Tunc
786 2464 858 2522 enim
881 2465 992 2520 demum
1041 2466 1137 2528 acriter
1162 2465 1310 2524 dimicavit.
1335 2467 1402 2539 Quae
1424 2468 1553 2525 nimirum
1577 2469 1604 2524 in
1619 2468 1666 2525 illo
1686 2468 1839 2526 evidentior

190 2547 298 2604 lesbius
310 2548 411 2620 poterit
425 2565 516 2608 causae
531 2552 600 2608 ratio
614 2551 765 2624 declarari,
782 2553 805 2608 si
830 2553 889 2623 ejus
912 2553 991 2626 origo
1040 2561 1067 2610 et
1083 2555 1182 2612 clarior
1200 2555 1334 2628 apparuit,
1350 2557 1413 2630 quia
1435 2557 1507 2615 inter
1529 2556 1580 2613 alia
1598 2572 1683 2629 opera
1706 2557 1840 2616 violenter

188 2635 319 2692 discatur.
337 2637 365 2693 Si
380 2654 448 2711 ergo
463 2639 637 2712 epistolamm
657 2641 800 2713 scripturae
814 2649 876 2714 post
897 2643 990 2699 Evan-
1039 2643 1189 2700 Ecclesiam
1204 2645 1254 2700 liei
1268 2653 1439 2717 persecutus,
1462 2661 1512 2717 pro
1534 2660 1588 2718 quo
1609 2661 1716 2702 summo
1738 2645 1838 2718 dignus

188 2724 292 2798 galium
306 2725 386 2782 editae
400 2728 511 2784 modurn
525 2736 551 2784 et
566 2729 699 2786 rationem
718 2731 928 2799 ostenderimus,
944 2745 993 2802 po·
1038 2729 1088 2786 luit
1103 2732 1247 2805 supplicio,
1263 2749 1314 2804 pro
1328 2733 1518 2790 maledictione
1532 2741 1695 2790 consecutus
1715 2742 1758 2790 est
1773 2750 1838 2809 gra-

189 2813 253 2870 terit
267 2813 354 2870 videri
368 2831 464 2872 verum
489 2817 561 2890 quod
585 2817 710 2874 dicimus.
736 2817 882 2876 Sciendum
907 2818 990 2892 igitur
1038 2819 1113 2886 tiam,
1130 2828 1156 2876 et
1170 2837 1221 2892 pro
1235 2821 1408 2879 damnatione
1423 2822 1541 2894 suscepit
1565 2821 1790 2880 misericordiam.
1806 2824 1837 2880 ln

190 2903 264 2975 quod
282 2903 352 2960 sicut
365 2905 394 2958 in
408 2904 501 2962 Veteri
515 2906 688 2964 Testamenta
702 2915 765 2978 post
778 2907 848 2980 legis
863 2907 988 2964 llosaicae
1038 2923 1092 2980 quo
1115 2908 1175 2979 ipso
1197 2923 1259 2980 spes
1282 2917 1376 2966 nostra
1396 2909 1542 2981 plurimum
1571 2909 1739 2968 sublevatur.
1760 2909 1837 2968 Sicut

188 2991 378 3060 emditionem,
393 2993 439 3050 ubi
454 2993 566 3050 culturae
589 2995 690 3052 divinae
711 2995 839 3052 mandata
862 2995 987 3051 contine·
1037 2996 1184 3052 enimcum
1201 2997 1428 3055 audbnusllavid
1454 2997 1617 3054 homicidam
1631 3005 1657 3054 et
1680 2997 1833 3055 adulterum

189 3079 307 3146 bantur,
330 3082 489 3153 prophetice
513 3083 637 3140 doctrina
661 3083 710 3139 init
729 3083 904 3152 necessaria,
926 3091 987 3155 quae
1036 3101 1086 3156 per
1108 3084 1294 3157 paenitentiam
1318 3086 1470 3158 prophetie
1494 3085 1618 3156 spiritum
1636 3101 1834 3159 recuperasse,

186 3168 312 3226 rediviva
326 3169 419 3242 populi
432 3180 545 3241 peccata
560 3171 757 3244 suppliciorum
781 3171 986 3229 denuntiatione
1035 3173 1124 3230 omnis
1138 3171 1225 3229 veniae
1238 3171 1386 3230 diffidentia
1399 3171 1538 3246 peccatori
1561 3172 1674 3240 tollitur,
1699 3173 1745 3242 ita,
1770 3189 1833 3231 cum

187 3267 385 3330 compesceret,
402 3267 483 3331 atque
499 3261 626 3317 eumdem
640 3262 771 3335 populum
793 3261 926 3318 bonomm
941 3277 985 3318 re·
1034 3261 1146 3319 Paulum
1159 3262 1237 3333 prius
1249 3261 1381 3319 Ecclesia
1394 3269 1608 3334 persecutorem,
1624 3269 1718 3335 postea
1731 3259 1833 3320 iactum

185 3345 413 3418 promissionibus
428 3349 462 3403 ad
475 3348 658 3406 obediendum
673 3365 706 3408 ac
729 3349 903 3406 serviendum
926 3350 984 3406 Do·
1034 3351 1187 3427 apostolum
1210 3359 1236 3408 et
1259 3351 1467 3424 praedicatorem
1495 3350 1669 3422 advertimus,
1694 3367 1749 3408 non
1769 3367 1833 3408 mo-

185 3435 261 3492 mino
275 3435 377 3494 viventi
390 3447 585 3510 commoneret,
601 3439 638 3496 ita
661 3439 689 3494 in
711 3440 789 3497 Novo
810 3440 984 3496 Testamenta
1033 3441 1124 3498 dicum
1139 3456 1203 3513 spes
1217 3447 1312 3497 nostra
1326 3439 1467 3499 attollitur.
1483 3439 1549 3497 lude
1574 3447 1617 3496 est
1640 3438 1756 3512 quadiu
1773 3441 1832 3498 llc·

184 3532 247 3595 post
260 3523 450 3599 Evangelium,
467 3526 496 3582 in
510 3543 563 3600 quo
579 3525 736 3585 Christianae
751 3528 891 3601 religionis
914 3527 983 3585 ordo
1032 3529 1115 3585 alesia
1129 3529 1171 3585 hae
1186 3529 1316 3602 Epistolae
1331 3529 1406 3584 Pauli
1427 3528 1487 3600 plus
1506 3527 1614 3586 esteris
1627 3527 1834 3602 frequentantur

185 3619 211 3668 et
226 3613 352 3683 perlectae
376 3615 524 3672 sanctitatis
547 3615 672 3674 doctrina
695 3617 816 3685 traditur,
841 3617 983 3689 Epistola·
1032 3625 1062 3673 ut
1075 3617 1174 3689 psalmi
1188 3617 1275 3672 David
1291 3617 1379 3690 magis
1393 3617 1454 3672 aliis
1468 3617 1618 3690 prophetis.

185 3716 246 3756 rum
261 3702 338 3759 Pauli
353 3710 379 3759 et
393 3704 507 3762 aliorum
522 3705 645 3777 perutilis
660 3714 751 3762 secuta
775 3713 816 3762 est
836 3705 960 3763 doctriua
973 3736 1017 3795 ,B
1069 3706 1215 3762 Sciendum
1230 3721 1297 3763 vero
1312 3713 1353 3762 est
1373 3705 1447 3778 quod
1461 3720 1511 3760 ιιι
1526 3704 1635 3776 scripsit
1648 3703 1795 3777 Epistulas,
1810 3720 1831 3762 x

184 3797 214 3845 ut
227 3791 381 3848 Ecclesiam
393 3793 445 3850 Dei
459 3802 555 3852 contra
569 3795 711 3852 baereticas
725 3795 906 3852 communiret
919 3811 982 3866 pra·
1032 3795 1067 3850 ad
1082 3794 1230 3861 Ecclesias,
1247 3809 1275 3849 ιιι
1289 3793 1323 3849 ad
1333 3809 1467 3866 personas
1482 3792 1604 3866 singulas
1613 3793 1664 3848 sub
1673 3791 1830 3863 hujusmodi

184 3879 292 3948 vitatas,
304 3889 331 3937 et
341 3882 507 3939 suborientia
515 3883 579 3938 vitia
590 3891 738 3952 resecaret,
758 3891 785 3940 et
801 3891 863 3950 post
877 3882 982 3940 futuras
1031 3883 1155 3956 mysterii
1183 3881 1387 3949 insinuatione,
1413 3889 1442 3936 ut
1475 3881 1578 3938 scilicet
1609 3880 1638 3935 in
1663 3882 1717 3938 boc
1748 3897 1831 3954 opere
1858 3867 1870 3888 ⁹

185 3968 350 4041 quaestiones
365 3969 531 4028 excluderet.
548 3972 581 4026 lli
596 3980 658 4027 sunt
672 3972 767 4044 panni,
783 3973 829 4044 qui
842 3973 879 4028 ad
892 3981 981 4028 extra·
1031 3971 1170 4044 utriusque
1184 3969 1349 4027 Testamenti
1373 3985 1479 4026 summa
1504 3967 1636 4026 contineri
1660 3977 1831 4027 monstrare-

184 4057 705 4129 beudumleremiamdelacu,leuibus
721 4060 905 4134 circumligati
920 4069 982 4116 suut
1031 4067 1084 4115 tur.
1110 4060 1162 4115 Per
1188 4058 1331 4114 denarium
1364 4074 1482 4132 namque
1512 4058 1597 4114 Vetus
1626 4059 1828 4116 Testamentum

183 4147 252 4219 (der.
268 4151 404 4218 xxxvur).
418 4148 598 4220 Epistolamm
613 4148 748 4221 siquidem
761 4149 895 4216 doctrina,
911 4149 982 4223 legis
1031 4147 1210 4222 significatur.
1240 4146 1436 4216 Quatemeriua
1471 4163 1537 4204 vero
1568 4147 1640 4206 Novi
1668 4149 1827 4205 Testameut

183 4243 210 4292 et
224 4236 375 4307 prophetiae
390 4245 470 4308 atque
483 4237 627 4310 Evangelii
651 4237 779 4294 consonis
799 4237 980 4305 testimoniis,
1030 4245 1096 4293 uota
1110 4245 1162 4292 est.
1180 4237 1243 4292 ldeo
1258 4236 1350 4309 itaque
1365 4251 1415 4291 xrv
1430 4237 1546 4308 scripsit,
1563 4245 1592 4292 ut
1607 4237 1714 4310 utrique
1727 4237 1783 4310 legi
1798 4253 1829 4294 se

185 4323 258 4381 velut
274 4324 374 4397 triplici
389 4323 463 4392 lune,
480 4325 666 4398 circumligata
685 4326 788 4397 (Eccle.
804 4327 855 4398 rr),
872 4326 906 4382 de
919 4326 981 4384 lacu
1031 4325 1187 4381 consentire
1208 4324 1367 4392 insinuaret,
1388 4333 1469 4397 atque
1492 4325 1650 4381 aemulorum
1664 4325 1828 4382 calumniam

183 4411 347 4486 ignorantie
361 4421 388 4469 et
402 4411 567 4470 infidelitatis
581 4423 707 4486 peccator
720 4416 755 4470 ad
777 4415 866 4470 lucem
887 4413 981 4488 gratiae
1031 4413 1160 4478 dirueret,
1176 4421 1205 4468 ut
1220 4413 1310 4484 ipsum
1324 4413 1393 4486 legis
1407 4413 1457 4468 Dei
1477 4429 1529 4485 per
1548 4414 1660 4485 lloysen
1682 4413 1753 4469 datar
1775 4413 1827 4469 da-

183 4510 211 4560 et
225 4502 346 4558 veritatis
361 4502 493 4560 educitur.
509 4503 582 4559 luter
596 4519 693 4559 omues
715 4519 780 4560 vero
803 4503 981 4575 epistolarum
1031 4508 1194 4558 structorem
1209 4517 1271 4558 esse
1286 4500 1525 4569 calumniantium,
1549 4517 1665 4573 eumque
1686 4499 1714 4556 in
1734 4500 1828 4558 odium

184 4592 353 4663 scriptores,
370 4592 467 4647 Paulus
480 4592 508 4646 iu
533 4593 620 4648 tribus
643 4601 669 4649 et
691 4592 814 4665 pluribus
837 4592 907 4648 forte
930 4608 981 4649 ex·
1030 4589 1186 4646 Judaeorum
1200 4590 1465 4662 trabentium3quos
1474 4589 1596 4661 placatos
1610 4589 1712 4645 babere
1722 4589 1829 4658 voleus,

182 4680 264 4746 cellit,
281 4681 384 4736 scilicet
397 4680 425 4735 in
438 4680 530 4752 operis
551 4680 742 4752 profunditate,
758 4681 785 4735 in
808 4679 871 4738 fidei
890 4697 968 4738 asser
1031 4695 1052 4734 s
1065 4679 1100 4734 ad
1114 4677 1253 4734 Ecclesias
1268 4678 1384 4749 scripsit.
1400 4679 1434 4734 Ut
1458 4678 1528 4734 sicut
1549 4679 1658 4750 lloyses
1680 4678 1830 4736 Israelitico

180 4769 255 4825 tione
269 4776 296 4826 et
310 4769 407 4843 gratiae
420 4769 668 4840 commendatione,
692 4787 740 4826 seu
764 4769 824 4842 spei
851 4770 980 4827 subleva·
1031 4766 1131 4838 populo
1145 4783 1160 4822 a
1175 4767 1326 4822 Pharaonis
1340 4774 1366 4822 et
1380 4767 1567 4840 AEgypticrum
1582 4767 1710 4824 servitute
1730 4767 1828 4824 educto

182 4857 257 4913 tione
273 4875 280 4912 :
294 4858 327 4912 ln
345 4857 437 4928 operis
450 4857 650 4929 profunditate,
664 4859 726 4931 quia
740 4858 792 4914 boc
807 4873 876 4929 opus
891 4864 918 4912 et
932 4873 982 4914 cae
1030 4870 1052 4911 x
1065 4855 1252 4910 mandatomm
1266 4855 1415 4912 doctrinam
1435 4855 1554 4926 tradidit,
1570 4855 1607 4910 ita
1622 4864 1649 4912 et
1672 4855 1730 4928 ipse
1751 4859 1829 4927 dpo·

181 4945 249 5002 teris
262 4945 394 5017 prolixius
416 4953 468 5014 est,
489 4954 516 5002 et
540 4947 576 5002 ad
596 4946 804 5020 intelligendum
825 4945 980 5014 difficilius;
1032 4943 1118 5000 stolus
1132 4943 1183 4999 Dei
1192 4943 1332 5000 Ecclesiae
1346 4943 1473 5000 adiaboli
1481 4951 1626 5016 potestate,
1636 4952 1662 5000 et
1670 4943 1829 5001 idolotatria

180 5033 208 5090 in
222 5032 287 5090 fidei
300 5034 462 5103 assertione,
478 5035 541 5107 quia
565 5035 662 5090 Paulus
676 5033 704 5089 in
727 5035 788 5106 lege
810 5042 837 5090 et
860 5034 979 5106 propbe—
1032 5031 1160 5088 servitute
1173 5031 1327 5104 redemptas
1343 5075 1349 5100 ,
1365 5047 1385 5087 x
1400 5031 1577 5104 epistolarum
1597 5031 1719 5089 doctrina
1739 5030 1829 5088 iulor-

181 5119 217 5178 tis
231 5122 333 5195 peritus
348 5123 383 5178 ad
408 5122 471 5180 iidei
496 5123 635 5180 catholicae
656 5122 835 5178 assertionem
856 5137 981 5198 congrua
997 5091 1127 5176 Cmaret.
1144 5120 1209 5177 ldec
1223 5129 1249 5176 et
1262 5135 1313 5175 xrv
1335 5119 1460 5192 scripsit,
1475 5129 1504 5176 ut
1526 5120 1642 5176 duorum
1665 5119 1829 5178 Testamen-

180 5213 371 5270 auctcritatum
384 5211 454 5286 legis
470 5219 495 5269 et
514 5212 666 5284 prophetiae
689 5211 794 5267 induxit
815 5210 980 5280 testimonia,
1031 5217 1122 5265 tomm
1136 5209 1310 5266 concordiam
1325 5200 1407 5283 atoue
1417 5207 1634 5266 convenientiam
1649 5207 1829 5284 significaret,

179 5307 209 5356 ut
224 5308 297 5356 esset
312 5299 385 5356 basis
405 5299 455 5356 sub
478 5300 661 5368 columua;in
686 5299 782 5374 gratiae
803 5301 982 5357 commenda-
1033 5313 1115 5370 quam
1129 5305 1157 5354 et
1179 5299 1287 5370 bloyses
1311 5284 1340 5352 in'
1362 5298 1468 5353 duabus
1487 5297 1589 5354 tabulis
1610 5297 1725 5370 lapideis
1748 5297 1829 5355 simul

183 5388 267 5456 tione,
283 5405 332 5446 seu
347 5389 406 5461 spei
420 5388 618 5456 sublevatione,
642 5389 708 5462 quia
730 5398 824 5446 contra
849 5390 983 5462 superbos
1030 5387 1141 5458 junctis,
1166 5387 1264 5460 quibus
1295 5386 1365 5460 legis
1395 5385 1552 5460 Dccalogus
1578 5387 1727 5459 inscriptus
1758 5394 1829 5455 erat,

101 5517 106 5530 .
179 5486 207 5536 et
229 5486 400 5554 arrogantes,
417 5485 444 5535 et
457 5478 492 5534 de
507 5477 563 5535 suis
573 5477 702 5552 operibus
711 5486 918 5552 presumentes,
933 5493 984 5550 pro
1034 5475 1163 5534 ostendit.
1195 5477 1304 5548 lloyses
1327 5490 1436 5553 quoque
1457 5483 1561 5543 noster,
1593 5475 1620 5534 id
1643 5484 1685 5533 est
1706 5475 1830 5536 Christm
