3870 6064
155 171 208 226 307
881 156 984 216 PETRI
998 156 1177 215 conulent
1751 157 1803 213 308

155 291 254 348 mentis
268 289 380 363 (deeris
396 289 458 362 xv).
474 289 532 345 Hae
546 285 619 344 enim
632 284 716 344 inrita
729 283 880 357 prevalent
903 282 950 338 sil·
963 282 1057 343 Atum
1078 279 1270 352 temporalium
1291 294 1383 336 rerum
1397 287 1424 336 et
1436 277 1562 336 nolentes
1585 280 1687 337 reverti
1705 278 1732 336 in
1746 294 1799 352 pa-

154 379 292 435 vostribus
307 377 400 452 liguis,
416 377 479 451 quia
494 375 723 440 ieruntiructutn,
739 373 855 445 praecisa
876 372 951 428 solus
1000 370 1080 425 triam
1103 383 1221 425 mecum.
1243 367 1438 439 vituperantur
1461 368 1534 424 enim
1555 383 1606 439 pro
1620 368 1700 425 malis
1718 368 1799 444 Cbri-

153 465 226 539 ignis
240 473 388 538 exspectat,
406 481 468 522 cum
482 465 516 520 de
532 464 585 518 illis
599 463 676 519 taber
684 461 787 534 aliquid
797 460 889 517 lacere
897 474 951 514 non
1002 457 1097 512 stianis
1121 471 1216 512 omnes
1237 456 1302 512 boni
1316 472 1332 511 a
1347 456 1587 523 circumeuntibus,
1611 463 1638 512 et
1660 472 1801 528 nunquam

155 553 251 626 possit.
268 553 336 610 Vitis
351 553 475 609 Christus
498 559 550 618 est,
566 551 613 623 qui
636 551 696 606 ait:
721 551 775 620 ligo
798 564 862 605 rum
886 547 952 603 vitia
1001 545 1162 600 intrantibus
1176 545 1211 599 ad
1226 544 1377 601 veritatem.
1395 543 1469 598 llulti
1492 543 1565 599 enim
1579 543 1801 600 maledicentia

156 657 231 706 vero,
249 645 278 697 et
292 657 337 698 uos
352 641 485 714 palmites
499 641 593 711 (ioum.
612 638 674 708 xv).
691 639 721 692 ln
735 638 785 692 hac
800 637 855 692 rite
890 650 952 691 ma·
1001 633 1088 689 malos
1114 631 1292 698 Christianos,
1322 647 1383 702 qua
1406 631 1550 688 maledicta
1578 631 1739 702 perveniunt
1764 633 1800 686 ad

156 736 254 784 nentes
266 727 372 796 fideles,
388 728 504 784 iuratum
519 727 613 782 salutis
637 725 745 792 lerunt;
771 723 855 780 excisi
876 737 951 791 vero,
1002 737 1098 777 omnes
1114 719 1289 776 Christianos.
1311 717 1395 787 Quasi
1408 719 1481 774 enim
1495 719 1632 775 maledicit
1646 718 1690 775 vel
1704 734 1802 789 repre·

157 815 284 873 incendio
302 815 376 890 ignis
398 815 494 873 aeterni
517 821 580 871 sunt
594 814 659 886 apti,
676 829 739 869 cum
753 811 787 868 de
797 811 913 883 paganis
928 817 954 866 et
1003 808 1106 878 bendit,
1130 824 1185 864 non
1209 815 1325 878 separat,
1352 823 1407 863 non
1428 807 1560 864 discernit
1580 808 1667 863 bonos
1681 807 1801 874 amalis,

159 903 262 960 Judaeis
286 903 389 976 aliquid
398 904 488 960 adbuc
509 901 568 959 fieri
584 901 681 976 possit.
706 901 773 956 Cum
796 899 868 954 enirn
886 897 954 953 illud
1003 897 1047 952 vel
1061 897 1146 951 rnslos
1156 895 1269 951 abonis.
1284 896 1346 950 Non
1361 895 1435 961 dicit,
1451 910 1516 950 ecce
1531 911 1592 967 quas
1602 894 1703 950 iaciunt
1715 893 1801 960 mali;

157 989 230 1062 quod
245 991 380 1047 nodosum
394 998 421 1050 et
433 1006 557 1060 curvum,
573 998 600 1046 et
614 989 777 1045 corticosum
801 994 842 1042 est
864 986 892 1040 in
914 985 955 1042 eis
1004 984 1054 1040 sed
1068 999 1134 1040 ecce
1148 999 1208 1054 quae
1231 981 1331 1040 iaciunt
1345 981 1503 1038 Christiani.
1519 982 1560 1036 llli
1581 991 1674 1037 tanam
1688 981 1742 1036 ista
1754 979 1800 1035 di-

159 1077 296 1134 dolabitur
311 1087 338 1135 et
352 1077 551 1150 deplanabitur,
565 1076 701 1149 potuerint
715 1074 809 1132 venire
824 1074 852 1130 in
875 1089 955 1128 usum
1004 1079 1069 1128 cunt
1083 1071 1129 1144 qui
1144 1070 1311 1128 circumeunt
1324 1077 1351 1126 ει
1365 1081 1421 1126 non
1442 1071 1553 1126 intrant.
1568 1069 1660 1139 Quare
1685 1069 1804 1126 circum-

158 1165 305 1237 spiritualis
328 1164 447 1237 fabricae,
470 1165 540 1222 sicut
561 1165 636 1238 ligna
659 1163 782 1221 silvatica
815 1161 956 1217 structuris
1005 1167 1069 1216 eunt
1088 1166 1115 1215 et
1137 1174 1191 1214 non
1212 1158 1335 1214 intranti
1350 1158 1414 1230 quia
1437 1165 1523 1214 rotam
1545 1157 1675 1228 temporis
1698 1164 1802 1221 amant,

160 1251 337 1308 aedificiorum
361 1261 422 1309 sunt
446 1261 519 1324 apta.
545 1253 608 1308 llali
631 1251 767 1308 Christani
791 1257 853 1305 sunt
876 1248 956 1304 malae
1005 1262 1060 1302 non
1073 1246 1174 1301 intrant
1187 1246 1222 1301 ad
1237 1246 1386 1312 veritatem,
1409 1245 1541 1318 quianon
1560 1244 1804 1301 amantaeternita-

158 1338 236 1396 urus.
251 1341 331 1396 malas
350 1341 451 1408 valde;
470 1341 540 1396 sicut
562 1347 589 1396 ει
613 1355 678 1396 ιειε
700 1338 776 1404 boni,
801 1344 865 1392 sunt
887 1335 956 1393 ficus
1005 1341 1060 1390 tem
1073 1333 1270 1404 temporalibus
1293 1333 1386 1401 dediti,
1410 1340 1539 1405 tanquam
1560 1340 1618 1388 rota
1641 1331 1804 1388 constricti:

158 1427 247 1494 bonae,
263 1427 455 1484 bonaevaldc:
471 1427 620 1499 dequibus
641 1427 670 1482 in
693 1425 811 1482 teremia
834 1423 956 1497 legitur:
1006 1421 1154 1494 dequibus
1172 1421 1237 1476 alibi
1254 1437 1261 1476 ε
1277 1424 1352 1477 Pone
1371 1421 1516 1493 principer
1537 1436 1634 1477 eonem
1655 1424 1688 1475 ut
1710 1423 1805 1477 rotam

168 1514 239 1585 Quid
250 1519 282 1570 tu
291 1515 502 1581 uides,teremio
513 1514 631 1584 iQuiait
643 1531 651 1570 :
662 1513 789 1570 calathos
798 1511 898 1569 uenum
907 1527 959 1583 ego
1008 1510 1095 1581 (Psoi.
1107 1508 1229 1579 mxlv).
1240 1508 1276 1563 Et
1285 1507 1349 1564 alibi
1361 1526 1368 1563 ε
1380 1509 1413 1564 lu
1427 1509 1551 1565 circuitu
1561 1508 1643 1580 impii
1655 1508 1807 1568 ambulant

157 1600 249 1670 video,
259 1601 738 1672 ficueboucrdomorvolde3etficue
745 1602 849 1666 malos,
866 1601 957 1655 molor
974 1599 1097 1688 B(Prol.
1113 1597 1164 1667 xv),
1174 1595 1219 1669 qui
1235 1595 1302 1652 tales
1323 1611 1374 1652 nos
1388 1593 1483 1652 fideles
1506 1595 1686 1667 vituperando
1699 1611 1717 1650 a
1730 1595 1805 1651 veri-

158 1689 240 1746 uatde
255 1689 324 1758 (ter.
339 1689 432 1761 xxiv).
447 1689 581 1746 Damalis
595 1689 632 1745 ait
647 1690 742 1746 Petrus
757 1705 763 1744 :
779 1690 866 1744 Facto
889 1691 959 1744 suut

161 1777 531 1849 titioportertorudeteriora
539 1778 690 1850 prioribus.
704 1777 800 1833 lleliue
810 1777 888 1832 euim
897 1776 958 1831 iltis

163 1868 226 1919 erut
237 1881 467 1935 moncoqmoecere
481 1867 556 1922 viam
567 1867 701 1938 justitie,
718 1880 803 1936 quom
819 1878 958 1933 conquer-

163 1953 293 2008 eerrtiius
308 1952 605 2025 retroflecti(llPetr.
617 1952 659 2024 ιι).
676 1950 770 2024 [Aug]
798 1951 865 2006 Sunt
886 1950 959 2007 enim

163 2039 240 2110 quasi
255 2039 331 2096 canis
346 2056 474 2097 reversus
487 2040 521 2096 ad
535 2039 665 2096 vomitum
680 2056 767 2105 suum,
785 2047 811 2094 et
820 2037 903 2110 quasi
912 2054 959 2094 sus

164 2125 221 2182 lota
234 2126 263 2182 in
277 2127 421 2185 volutabro
434 2128 493 2184 luti.
508 2128 614 2185 Deinde
628 2127 725 2201 quibus
738 2127 839 2183 iactum
855 2126 888 2181 sit
907 2141 959 2200 op·

163 2213 313 2285 probrium,
329 2214 543 2282 subdit,“vicinis
561 2215 639 2283 meis,
663 2215 767 2272 scilicet
789 2213 875 2271 iactns
899 2211 960 2268 snm

164 2301 351 2374 opprobrium,
363 2302 390 2357 id
400 2310 450 2370 est,
460 2305 518 2374 jara
533 2303 686 2360 volentibus
699 2303 820 2370 credere,
845 2302 891 2373 qui
909 2301 960 2357 de-

164 2389 251 2447 territi
266 2396 338 2458 sunt,
352 2391 423 2446 mala
436 2391 491 2448 vita
504 2391 634 2448 falsorum
658 2391 871 2448 Christianorum
894 2406 960 2464 gra-

165 2477 286 2534 vantium
301 2492 408 2548 navem,
430 2479 459 2535 id
482 2487 523 2536 est
545 2479 708 2538 Ecclesiam.
733 2481 798 2536 llaec
821 2485 863 2534 est
885 2477 961 2535 navis

164 2565 323 2638 Patrique
337 2566 510 2625 multitudine
530 2569 646 2639 piscium
669 2568 844 2640 gravabatur,
871 2566 908 2622 ita
933 2573 963 2621 ut

164 2667 236 2725 pene
251 2652 484 2728 submergeretur.
499 2655 547 2711 Isti
561 2664 624 2712 sunt
637 2655 702 2712 mali
717 2655 840 2711 bomines
855 2654 883 2711 in
905 2655 962 2711 Ec·

167 2739 250 2798 alesia
267 2740 448 2813 abundantes,
466 2757 518 2816 pro
538 2743 637 2816 quibus
664 2744 759 2800 timent
778 2751 806 2799 et
835 2741 901 2810 noti,
927 2757 962 2798 ne

165 2843 261 2886 omnes
283 2829 351 2886 tales
371 2831 448 2886 siat:
472 2839 499 2887 et
519 2831 630 2888 veniunt
658 2830 864 2903 insuspicione
891 2829 964 2887 mala

167 2931 253 2989 prope
267 2918 444 2992 omnesboni.
460 2918 563 2976 Dicitur
571 2919 653 2985 enim,
668 2919 755 2992 qualis
764 2919 805 2976 vir
818 2926 876 2975 erat
889 2919 935 2976 ille
949 2918 964 2973 t

168 3003 312 3076 Quomodo
327 3006 426 3063 cecidit
440 3007 455 3061 l
469 3007 606 3080 quomodo
629 3007 755 3063 inventus
766 3007 839 3064 estin
854 3007 901 3064 illa
910 3015 963 3081 tur·

168 3093 291 3166 pitudine
305 3095 320 3151 i
342 3094 423 3152 inillo
437 3095 569 3153 scelere?
590 3095 617 3151 in
631 3095 756 3153 illoiacto
771 3095 841 3153 malo
855 3097 870 3153 i
883 3096 963 3152 Putas

168 3196 225 3238 non
238 3182 306 3238 tales
317 3190 380 3238 sunt
407 3199 503 3240 omnes
518 3184 532 3239 i
546 3184 614 3241 Sunt
634 3185 738 3257 utiquc.
756 3184 821 3241 ldeo
849 3184 941 3240 subdit
956 3201 963 3240 t

168 3269 202 3324 llt
212 3268 294 3325 timor
308 3269 395 3326 iactus
410 3288 469 3327 sum
488 3271 559 3328 notis
574 3272 651 3328 meis.
663 3272 782 3328 Eosdem
796 3271 863 3329 dicit
872 3279 963 3339 notos,

171 3371 241 3427 quos
250 3354 356 3412 dixerat
369 3357 487 3415 vicinos.

206 3481 292 3537 vass.
309 3485 353 3538 aa.
369 3511 404 3525 -
421 3504 432 3533 ι
450 3481 503 3552 Qui
517 3483 646 3553 videbant
663 3498 708 3539 me
735 3482 819 3551 toras,
839 3483 968 3555 ingerunt

172 3583 280 3714 iffi.
290 3589 298 3636 ;
309 3569 444 3709 pontioni
468 3571 549 3627 datus
572 3587 632 3626 sum
650 3578 777 3643 tanquam
798 3578 924 3628 mortuus
950 3586 968 3628 a

208 3775 261 3842 Qui
274 3775 406 3831 uidebant
428 3792 485 3832 me.
501 3775 597 3849 [Aug]
610 3774 639 3832 id
652 3782 704 3842 est,
718 3775 769 3848 ¹qui
783 3791 841 3832 non
868 3773 968 3831 intelli·

173 3861 277 3936 gabant
291 3862 455 3920 invisibilem
482 3880 560 3936 spem
583 3880 684 3931 meam,
708 3867 785 3937 sores
801 3866 968 3937 [tqeruutu

75 3951 80 3964 “
171 3966 227 4016 me,
243 3950 336 4017 idest,
352 3951 381 4007 in
397 3953 530 4008 exteriora
541 3960 567 4009 et
582 3951 727 4009 invisibilia
745 3952 798 4008 ista
811 3951 970 4025 fugerunta

174 4053 224 4108 spe
238 4037 423 4106 invisibilium,
440 4046 467 4095 et
482 4055 498 4094 a
513 4037 566 4095 lide
593 4039 726 4096 catholica
746 4041 773 4095 ia
802 4041 922 4096 baereses
943 4047 970 4094 et

74 4129 76 4134 '
175 4124 323 4180 schismata
336 4125 550 4183 declinaverunt.
579 4129 637 4184 lloc
659 4127 776 4184 mamma
804 4126 970 4199 gemendum

177 4219 219 4269 est
234 4220 260 4267 ει
269 4211 426 4281 dolendum,
443 4214 515 4286 qaod
529 4214 568 4270 illi
595 4216 677 4272 etiam
691 4215 737 4288 qui
760 4223 895 4272 noverunt
906 4214 971 4287 quid

176 4299 210 4354 sit
218 4297 342 4356 Ecclesia
370 4299 453 4370 iores,
480 4301 607 4375 fugerunt
631 4302 757 4360 iaciendo
778 4302 925 4359 schismata
946 4311 1013 4383 ειη

179 4388 309 4444 hereses.
326 4388 360 4443 Et
373 4389 504 4447 obliuioni
518 4390 603 4447 dotus
620 4407 694 4461 rum,
718 4392 763 4448 rel
781 4390 882 4447 oblitus
901 4407 971 4462 sum,

179 4483 306 4546 tanquam
319 4484 442 4532 mortuns
456 4492 473 4533 a
486 4479 578 4545 corde,
594 4478 623 4534 id
638 4485 679 4535 est
702 4478 784 4535 sicin
808 4479 974 4535 oblivionem

179 4562 219 4618 eis
233 4563 306 4630 veni,
330 4570 357 4620 ει
385 4564 424 4620 sic
444 4565 522 4622 obliti
545 4575 664 4622 suntme
691 4566 740 4636 illi,
769 4567 875 4639 quasia
890 4567 974 4624 corde

181 4665 276 4709 eornm
290 4659 414 4708 mortuus
428 4653 490 4709 sint.
506 4655 541 4710 Et

218 4757 303 4814 Vnus.
321 4759 364 4813 ld.
379 4789 414 4799 -
430 4760 547 4816 «Factus
560 4776 620 4816 sum
630 4769 760 4835 tanquam
768 4777 816 4819 vas
826 4760 972 4832 perditum,

182 4867 194 4898 ι
211 4845 338 4919 quoniam
350 4847 442 4904 audivi
454 4847 681 4920 vituperationem
696 4849 842 4906 multorum
857 4864 976 4906 commo-

100 4973 105 4978 -
183 4958 195 4982 r
213 4934 330 4990 rantium
345 4934 510 4992 incircuitu.
530 4959 541 4985 a

216 5059 320 5116 Factus
332 5075 395 5115 eum
406 5062 544 5133 tuaquom
554 5076 602 5118 uus
609 5060 757 5133 perditum
769 5060 975 5134 [Aug.,Gl.int.]

181 5145 268 5214 idest,
285 5146 360 5203 visus
374 5164 434 5204 sum
449 5147 515 5204 rnibi
544 5149 668 5220 periisse,
691 5149 786 5205 usibus
814 5149 922 5206 Domini
936 5149 976 5206 vi-

182 5248 259 5301 vens,
275 5242 301 5289 et
319 5234 422 5291 nullum
437 5236 626 5306 lucrifaciens,
642 5237 686 5294 vel
700 5238 847 5310 acquisitos
861 5253 916 5293 non
931 5252 975 5293 re·

181 5322 271 5378 tineas
286 5339 293 5376 :
311 5322 369 5379 lloc
382 5323 445 5380 ideo
454 5324 661 5393 dico,ouortiom
671 5326 806 5394 audietur
820 5325 977 5392 tacuimul·

184 5415 277 5467 torum
295 5413 533 5469 eorumorautium
545 5417 578 5469 im
588 5415 713 5469 circuitu
725 5414 974 5486 vituperationem.

178 5499 274 5573 [lug]
296 5499 372 5556 llulti
386 5499 459 5556 enim
472 5515 517 5557 me
527 5499 690 5572 vituperant,
714 5509 860 5574 sequentes
873 5499 976 5559 circui-

1010 1694 1064 1743 tate
1078 1691 1104 1742 et
1120 1685 1155 1740 ab
1168 1681 1295 1741 Ecclesia
1309 1684 1409 1752 eiicere
1423 1683 1527 1740 volunt.
1543 1684 1620 1740 Unde
1636 1683 1727 1740 subdit
1743 1701 1750 1738 :

1044 1809 1128 1865 Vnus.
1144 1809 1188 1863 ιι.
1202 1827 1250 1859 -r
1262 1807 1293 1862 ln
1308 1805 1415 1864 eodum
1430 1806 1607 1863 convenirent
1616 1805 1696 1862 simul
1710 1805 1806 1863 adver·
1904 1867 1912 1880 ‚

1010 1919 1021 1944 r
1043 1912 1104 1952 sum
1118 1911 1172 1962 me,
1188 1895 1315 1967 accipere
1324 1895 1444 1950 animam
1458 1911 1546 1951 meam
1561 1894 1694 1951 consiliati
1709 1902 1804 1950 sunta

1045 2003 1078 2058 lm
1087 2018 1118 2060 eo
1128 2000 1222 2074 [Aug]
1231 1993 1334 2058 scilicet
1345 2001 1479 2073 vituperio
1488 2003 1556 2057 dum
1565 2001 1807 2058 eonventrmtot-

1008 2107 1120 2148 uersum
1142 2106 1196 2156 me,
1222 2089 1369 2163 [Cassiod]
1389 2097 1416 2146 ει
1437 2091 1490 2146 hoc
1513 2091 1600 2146 amul
1622 2105 1728 2156 omnes,
1752 2105 1808 2146 non

1010 2179 1099 2250 pauci,
1115 2177 1282 2249 graviusque
1293 2185 1335 2233 est
1350 2177 1423 2249 quod
1433 2177 1548 2235 consilio
1562 2177 1665 2251 geritur
1678 2177 1808 2249 plurimo·

1010 2283 1079 2321 rum.
1092 2267 1172 2332 Dum,
1185 2265 1306 2337 inquam,
1318 2265 1493 2321 convenirent
1503 2267 1649 2322 consiliati
1657 2270 1727 2322 eunt
1737 2269 1809 2324 uoci·

1008 2370 1076 2427 pere
1090 2357 1217 2410 ocimum
1231 2369 1332 2421 mecm,
1349 2352 1444 2426 [Aug]
1458 2352 1538 2410 idest
1551 2353 1808 2410 lacereutconsen·

1010 2442 1074 2497 tiret
1084 2443 1124 2496 eis
1138 2441 1226 2496 anina
1236 2455 1307 2508 mea,
1324 2457 1404 2512 quarn
1418 2457 1452 2496 ns
1461 2456 1537 2496 mors
1546 2441 1653 2509 liberet,
1664 2442 1808 2498 consilium

1012 2529 1144 2597 iecerunt,
1161 2543 1215 2601 quo
1229 2527 1300 2584 mori
1314 2544 1370 2585 non
1383 2528 1513 2584 sinerent.
1529 2528 1584 2585 Sed
1599 2545 1651 2601 ego
1666 2529 1730 2602 quid
1743 2544 1810 2587 con·

1012 2625 1056 2673 tra
1070 2616 1145 2673 sccii
1159 2615 1237 2685 Quod
1253 2616 1398 2672 consilium
1412 2616 1502 2672 inveni
1512 2617 1526 2670 i
1538 2617 1621 2685 Ecce,

1049 2740 1134 2797 vans.
1149 2760 1211 2791 -r
1233 2739 1293 2813 Ego
1318 2747 1407 2797 autem
1429 2740 1455 2794 in
1479 2746 1505 2797 te
1527 2740 1644 2812 speravi,
1670 2741 1811 2810 Domiuc;

1016 2849 1027 2880 e
1040 2827 1108 2883 dixi:
1119 2828 1194 2884 Deus
1203 2843 1280 2884 meus
1290 2843 1320 2884 es
1329 2834 1367 2896 tu,
1376 2828 1404 2882 in
1414 2827 1538 2883 manibus
1548 2827 1601 2883 tuis
1610 2837 1699 2885 sortes
1708 2845 1808 2886 mem.»

1049 2954 1105 3022 Epo
1119 2954 1216 3008 autem
1230 2953 1261 3007 iu
1276 2953 1303 3007 te
1316 2953 1435 3022 speravi,
1465 2950 1560 3023 [dog]
1584 2951 1661 3022 quasi
1683 2952 1758 3009 dicat
1771 2953 1812 3009 illi

1012 3039 1058 3107 ita,
1088 3056 1137 3110 ego
1164 3031 1261 3095 autem
1292 3038 1362 3094 inter
1398 3039 1455 3094 haec
1474 3039 1628 3110 opprobria,
1660 3040 1731 3096 inter
1753 3042 1812 3098 haec

1015 3127 1151 3197 scandala,
1179 3126 1249 3182 inter
1274 3126 1341 3182 istas
1378 3126 1526 3182 seditiones
1554 3125 1698 3198 [Cassiod.,
1728 3129 1813 3203 aug]

1015 3213 1105 3272 sciens
1127 3214 1189 3285 quia
1211 3222 1331 3284 potestas
1353 3213 1448 3269 talium
1477 3213 1552 3269 nulla
1573 3221 1624 3280 eat,
1648 3216 1680 3270 im
1699 3220 1736 3282 te,
1753 3217 1810 3274 Dc-

1015 3303 1102 3369 miue,
1127 3304 1248 3374 speravi,
1271 3318 1326 3358 non
1346 3301 1375 3356 in
1398 3301 1520 3358 bomine.
1556 3301 1629 3358 Nihil
1662 3303 1809 3372 salubrius,

1016 3389 1083 3446 nihil
1109 3390 1232 3446 securius
1258 3396 1300 3445 est
1342 3404 1425 3460 quam
1466 3405 1577 3461 sperare
1614 3390 1644 3446 in
1669 3391 1809 3460 Domino,

1017 3477 1090 3550 quia,
1107 3477 1277 3534 maledictus
1301 3479 1392 3534 ommia
1412 3479 1460 3550 qui
1478 3493 1557 3550 rpem
1578 3494 1662 3535 auom
1680 3481 1761 3553 ponit
1779 3483 1814 3537 im

1018 3567 1139 3623 tomam.
1163 3564 1261 3638 [ilienl
1281 3565 1310 3620 Si
1323 3565 1397 3620 enim
1419 3565 1535 3621 attendis
1564 3566 1711 3634 bondncm,
1727 3575 1754 3623 et
1776 3583 1814 3626 ex

1017 3653 1065 3709 illo
1079 3653 1119 3709 vis
1146 3652 1265 3724 pendere
1293 3669 1371 3722 spem
1398 3661 1472 3709 tuam
1496 3653 1587 3710 adbuc
1613 3653 1685 3712 lacte
1713 3655 1814 3712 nutriri

1019 3741 1071 3808 vis,
1086 3749 1114 3797 et
1127 3739 1176 3796 lies
1191 3748 1425 3812 mammotreptus,
1435 3740 1664 3813 qualesdicuntur
1677 3743 1755 3814 pueri
1765 3745 1814 3816 qui

1017 3828 1063 3885 diu
1077 3835 1187 3900 sugunt,
1205 3829 1279 3901 quod
1292 3844 1347 3884 non
1362 3829 1450 3885 decet.
1473 3828 1591 3886 Idoneus
1605 3845 1672 3903 ergo
1687 3838 1747 3887 esto
1774 3832 1812 3888 ad

1017 3932 1150 3982 mensam,
1180 3917 1226 3972 ubi
1254 3916 1378 3972 validiori
1406 3917 1467 3972 cibo
1488 3917 1623 3988 pascaris.
1651 3917 1717 3974 ldeo
1739 3918 1813 3976 torte

1018 4003 1141 4076 permisit
1154 4011 1181 4060 te
1196 4005 1270 4060 Deus
1284 4003 1403 4061 incidere
1421 4004 1449 4060 in
1465 4004 1566 4061 malurn
1580 4005 1718 4062 hominem
1729 4023 1813 4079 quern

1019 4093 1122 4148 bonurn
1135 4093 1258 4164 putabas,
1275 4101 1303 4148 ut
1317 4093 1346 4147 in
1360 4093 1445 4151 ubere
1467 4093 1545 4167 quasi
1559 4101 1684 4150 materno
1706 4094 1812 4150 ιιῐιειί-

1019 4180 1142 4238 tudinem
1154 4180 1300 4247 invenires,
1324 4190 1351 4236 et
1364 4197 1398 4237 ea
1412 4179 1562 4238 offensione
1586 4183 1768 4253 repellereris,
1784 4192 1812 4240 et
1859 4219 1868 4242 .

1021 4267 1056 4323 ad
1070 4268 1160 4325 cibum
1174 4267 1342 4336 validiorem,
1364 4269 1391 4323 id
1419 4277 1468 4334 est,
1495 4269 1529 4324 ad
1543 4271 1631 4325 Deum
1644 4269 1811 4326 invitareris.

1023 4356 1134 4412 Faciunt
1148 4357 1219 4412 enim
1232 4356 1352 4413 nutrices
1365 4357 1424 4414 baec
1438 4357 1664 4429 mammotreptis,
1679 4365 1708 4414 ut
1722 4357 1815 4432 aliqua

1022 4458 1117 4498 amara
1129 4452 1232 4514 ponant
1245 4445 1274 4499 in
1288 4445 1395 4516 papillis
1406 4447 1472 4512 suis,
1482 4445 1581 4518 quibus
1595 4445 1694 4503 offensi
1706 4448 1815 4518 parvuli

1023 4533 1058 4587 ab
1072 4531 1292 4588 uberercsiliant
1306 4540 1332 4588 et
1347 4533 1382 4588 ad
1396 4549 1519 4590 mensam
1539 4535 1656 4591 veniant.
1681 4535 1732 4592 Dic
1746 4551 1831 4608 ergo.

1024 4627 1150 4692 tanquam
1165 4620 1384 4693 grandiusculus,
1411 4638 1458 4693 ego
1487 4627 1579 4678 autern
1592 4622 1621 4676 in
1634 4631 1671 4690 te,
1688 4623 1814 4690 Domine,

1025 4707 1140 4779 speravi.
1155 4709 1185 4762 ln
1201 4709 1253 4764 boc
1276 4723 1356 4764 nemo
1388 4707 1498 4774 fallitur,
1532 4709 1560 4763 in
1583 4709 1642 4764 aliis
1669 4709 1816 4766 invitandis

1025 4812 1097 4867 soepe
1113 4794 1240 4851 fallimur.
1269 4797 1310 4862 Et,
1341 4797 1413 4866 dixi,
1441 4796 1568 4864 Domino,
1598 4802 1638 4860 tu.
1663 4813 1718 4854 non
1733 4799 1816 4856 homo

1024 4884 1168 4957 quisquam
1183 4886 1257 4940 Deris
1271 4900 1351 4941 meus
1366 4901 1395 4941 es
1410 4873 1537 4957 quianon
1551 4885 1688 4941 murabilis
1703 4887 1813 4956 es.Vel,

1025 4986 1080 5027 non
1096 4971 1169 5028 enirn
1181 4971 1302 5043 proficis,
1318 4973 1362 5028 vel
1375 4970 1479 5042 delicis,
1495 4981 1523 5029 ut
1532 4973 1614 5029 homo
1625 4988 1679 5030 non
1693 4973 1815 5045 prolicis,

1026 5059 1090 5130 qnia
1112 5059 1273 5130 perlectus;
1302 5077 1357 5117 non
1380 5059 1485 5128 delicis,
1516 5061 1578 5133 quia
1600 5069 1727 5119 aeternus.
1757 5063 1816 5130 Vel,

1023 5149 1184 5204 Deusmeus
1196 5163 1234 5214 es,
1252 5147 1281 5204 id
1302 5156 1344 5205 est
1359 5148 1485 5206 Salvator
1512 5165 1598 5215 meus,
1616 5157 1642 5206 et
1653 5167 1742 5207 nonne
1758 5151 1816 5207 sal-

1025 5251 1090 5291 vurn
1103 5251 1148 5292 mc
1162 5234 1255 5303 lacios,
1280 5237 1325 5309 qui
1351 5237 1434 5294 modo
1462 5237 1616 5294 emendas?
1644 5239 1723 5312 quasi
1745 5239 1820 5297 dicat

1026 5323 1109 5381 facies
1123 5324 1225 5397 utique,
1242 5333 1269 5380 et
1282 5327 1314 5382 iu
1328 5326 1461 5382 manibus
1477 5327 1542 5392 tuis,
1554 5342 1609 5383 non
1624 5325 1774 5394 bominum,
1790 5327 1819 5384 id

1026 5421 1068 5468 est
1081 5413 1109 5468 in
1122 5420 1257 5485 potestate
1284 5421 1339 5483 tua,
1362 5421 1443 5485 atque
1472 5414 1566 5470 notitia
1593 5423 1638 5470 tua
1653 5423 1715 5470 sunt
1730 5419 1820 5473 sortes

1026 5517 1105 5569 auce,
1122 5501 1206 5558 idest
1221 5515 1304 5558 causa
1313 5509 1341 5558 et
1355 5501 1423 5559 ordo
1438 5503 1581 5560 electionis
1595 5503 1752 5561 hominibus
1775 5512 1824 5560 oc-
