3878 6322
181 195 248 250 toti
866 183 968 242 PETRI
981 182 1161 242 tontum
1786 189 1860 244 tote

182 322 275 375 cinon
287 315 378 385 ntuetr
389 315 499 370 luctam
512 311 660 379 tutantis,
672 315 707 368 nt
716 310 838 366 tollatur
849 309 982 365 demedio
997 308 1149 368 ASatsues
1164 325 1228 365 eum
1242 308 1422 381 corporaliter
1437 316 1526 380 vexet,
1539 317 1566 366 et
1576 310 1617 366 sic
1626 309 1672 366 ilia
1682 310 1840 381 resipiscat.

182 403 371 474 vestrumqui
392 402 441 458 boc
452 417 520 478 opus
529 401 609 472 [ecit.
628 401 683 472 Epo
696 398 808 471 quidem
819 399 918 454 absens
928 413 991 454 cor·
1041 398 1119 454 Hanc
1135 399 1207 453 enim
1231 406 1394 470 potestatem
1417 398 1517 454 dicitur
1538 399 1666 454 habuisse
1686 398 1847 470 Apostolus,

181 489 616 565 pore‚proesenscutcmspiritn,
623 491 685 560 jam
692 487 991 560 judicarintproescns
1042 493 1070 541 ut
1085 502 1147 543 cum
1164 486 1283 559 aliquem
1297 504 1311 542 u
1327 486 1437 542 stultitia
1452 503 1501 542 sue
1516 503 1570 543 non
1585 495 1678 559 posset
1693 487 1848 554 disnovere,

183 596 247 636 eum
257 581 305 652 qui
315 581 356 636 sic
366 582 499 652 operatus
518 581 571 642 cst,
584 577 616 632 in
626 579 742 634 nomine
762 575 879 631 Domini
897 575 992 631 nostri
1041 575 1153 632 diabolo
1168 592 1231 632 eum
1254 577 1407 632 vexandum
1432 577 1562 642 traderet,
1587 589 1731 648 quousque
1754 577 1848 647 poeni-

183 671 250 726 Jasu
266 667 381 732 Cbrtsti,
398 665 574 739 concrepatis
588 666 662 722 cobis
676 670 706 721 at
719 682 780 722 mec
794 665 908 738 spiritu,
925 679 991 719 cnm
1041 665 1154 720 tentiam
1169 663 1301 736 profitens
1315 680 1330 719 a
1349 664 1423 720 malo
1445 664 1602 721 desisteret.
1632 665 1710 721 Unde
1729 665 1826 720 subdit
1842 683 1848 720 :

182 758 290 815 virtute
299 756 414 814 Domini
425 756 491 812 ictu
501 754 614 810 trudere
626 753 786 824 hujusmodi
793 753 936 810 bominem
944 751 992 806 Sc·
1045 755 1078 810 tlt
1092 755 1211 825 spiritus
1225 755 1286 824 ejus
1305 754 1488 810 soloassitin
1498 753 1544 808 die
1553 753 1666 810 Domini
1678 753 1773 811 nostri
1783 755 1849 820 iesu

185 849 261 902 tcnce
274 847 306 901 tn
321 844 474 901 interitum
487 843 593 908 cumis,
606 845 640 898 nt
652 843 774 914 spiritus
789 843 885 898 sulcus
900 840 940 896 sit
958 840 991 895 t'n
1043 840 1156 908 Christi,
1173 841 1200 896 id
1215 849 1300 897 estut
1323 842 1414 897 anima
1438 841 1496 910 ejus
1520 841 1596 898 salva
1617 842 1660 907 sit,
1677 841 1722 898 bic
1741 841 1850 898 scilicet

184 933 230 991 dic
244 933 357 990 Domini
374 932 466 989 nostri
480 932 545 988 lesu
561 928 675 986 Christi.
1039 928 1185 1002 siquando
1200 929 1272 985 illius
1287 946 1336 986 cor
1350 930 1441 986 visitat
1463 930 1606 994 Dominus,
1630 930 1653 984 si
1672 931 1784 1001 mendo
1798 931 1846 985 lu-

221 1022 341 1078 Dm-ninc
357 1023 435 1077 inter
449 1036 505 1084 vos,
523 1027 576 1075 etc.
593 1019 643 1074 Hic
658 1017 799 1092 redarguit
813 1016 889 1072 illum
903 1015 990 1071 torni·
1040 1025 1099 1074 caat
1113 1017 1151 1073 illi
1176 1018 1309 1074 Dominus
1324 1018 1352 1074 in
1366 1018 1459 1075 corde.
1476 1020 1509 1073 Et
1524 1018 1644 1089 appellat
1657 1017 1730 1074 diem
1747 1019 1848 1074 Domi-

185 1119 303 1168 catorem
319 1109 365 1182 qui
386 1123 499 1163 uxorem
522 1105 611 1178 patris
631 1107 751 1176 tenebat,
776 1113 802 1161 et
816 1105 879 1160 illos
894 1104 939 1176 qui
954 1104 990 1158 il-
1040 1106 1078 1173 ui,
1094 1113 1183 1162 ortum
1198 1106 1267 1163 lucis
1278 1107 1381 1163 scilicet
1395 1107 1593 1179 oppositionem
1602 1106 1707 1180 gratie.
1723 1106 1775 1162 Vel
1790 1107 1849 1161 ani·

184 1198 241 1254 lum
255 1197 416 1254 tolerabant.
434 1197 521 1251 Erant
532 1194 604 1250 anim
619 1192 671 1265 ipsi
684 1193 842 1265 participes,
867 1193 932 1268 dum
946 1209 991 1264 pa·
1040 1195 1175 1251 massiva
1190 1195 1233 1261 sit,
1258 1195 1285 1250 in
1308 1195 1353 1250 die
1372 1195 1481 1252 Domini
1502 1195 1587 1251 nostri
1611 1196 1675 1250 Jesu
1690 1195 1801 1262 Christi,
1820 1195 1846 1248 id

185 1292 307 1342 terentur
326 1299 402 1340 reum
421 1291 477 1338 tam
501 1281 620 1354 ingentis
647 1282 754 1353 peccati
777 1297 870 1338 secum
900 1281 990 1338 incor·
1040 1291 1082 1338 est
1096 1283 1124 1338 in
1133 1283 1178 1340 die
1190 1283 1295 1353 judicii.
1313 1283 1370 1355 (ts)
1386 1285 1426 1338 lix
1441 1283 1485 1338 bis
1498 1283 1591 1340 verbis
1601 1281 1759 1338 manifestet
1769 1285 1847 1354 Apo·

187 1381 293 1445 reptum
318 1371 474 1429 convenire.
498 1372 561 1426 Non
586 1387 655 1444 ergo
679 1370 767 1426 solum
796 1370 872 1426 illurn
895 1377 990 1440 aperte
1040 1372 1125 1427 stolus
1138 1387 1194 1428 non
1213 1388 1243 1427 se
1257 1372 1320 1428 odio
1335 1372 1488 1428 sedamore
1502 1371 1572 1427 illud
1584 1371 1692 1428 iecisse.
1710 1371 1756 1428 Sic
1771 1372 1845 1427 euiru

185 1478 263 1518 reum
278 1461 384 1531 mortis,
397 1460 446 1516 sed
460 1459 541 1515 etism
556 1459 729 1515 adherentes
739 1457 779 1514 illi
789 1474 845 1515 ncn
854 1458 991 1513 immunes
1040 1460 1187 1532 Apostolus
1200 1477 1255 1517 non
1270 1459 1417 1518 crudeliter
1431 1460 1480 1516 sed
1491 1459 1652 1526 amabiliter,
1664 1467 1691 1516 at
1702 1459 1761 1516 zato
1775 1461 1846 1517 cbe-

185 1549 331 1608 acrirnine
354 1549 567 1605 demonstrabat.
594 1547 679 1617 Quasi
702 1547 775 1604 dicat
800 1563 807 1602 τ
832 1547 933 1616 Quaero
955 1561 990 1601 an
1039 1549 1127 1605 ritutis
1140 1550 1246 1606 Satanae
1267 1549 1386 1616 tradidit,
1407 1549 1476 1605 sicut
1491 1549 1580 1605 lloses
1594 1548 1622 1603 iu
1638 1547 1757 1604 cultores
1773 1548 1839 1604 idoli

188 1639 224 1694 ad
238 1654 289 1696 vos
302 1637 411 1695 reniam
435 1636 462 1691 in
478 1635 566 1710 virga,
590 1644 617 1691 et
631 1651 700 1708 opus
716 1642 758 1691 est
771 1635 857 1708 virga,
874 1635 927 1690 nisi
940 1649 1026 1724 vosB
1040 1653 1142 1710 paucos
1156 1637 1266 1709 quidem
1280 1636 1428 1694 vindicavit
1441 1636 1471 1691 in
1484 1652 1608 1708 presens
1622 1643 1738 1703 terrens,
1749 1636 1778 1690 in
1788 1651 1839 1708 pc-

188 1726 338 1801 corrigitis.
353 1725 424 1797 Quia
439 1725 558 1781 cuditur
570 1724 696 1792 omnino,
712 1723 740 1779 id
755 1731 795 1780 est
809 1724 844 1778 ab
855 1722 991 1791 omnibus
1042 1733 1145 1782 starum
1160 1725 1333 1797 disciplinam
1357 1724 1492 1781 sanciens.
1513 1725 1582 1781 Nam
1606 1741 1669 1781 eum
1683 1725 1759 1780 nulla
1774 1741 1842 1780 cru-

185 1817 263 1873 intcr
278 1831 334 1882 vos,
352 1813 494 1886 quiinllcti
509 1813 584 1880 estis,
596 1829 647 1868 uec
661 1811 807 1885 corrigitis.
831 1811 903 1881 Quid
919 1811 993 1867 audi.
1041 1815 1161 1883 delitete,
1185 1814 1233 1870 sed
1252 1829 1353 1888 magna
1377 1813 1522 1871 dilectione
1545 1812 1644 1869 iecisse
1667 1813 1740 1885 quod
1767 1812 1842 1879 iecit,

186 1905 246 1961 turi
261 1903 432 1968 Fornicatio,
454 1917 500 1957 res
515 1901 608 1972 utique
622 1899 740 1970 infamis,
750 1903 779 1957 ct
795 1901 861 1956 tulis
878 1907 929 1966 est,
944 1899 991 1955 illa
1040 1903 1212 1975 apertissime
1227 1902 1404 1976 cognoscitur
1426 1902 1455 1957 in
1473 1902 1566 1958 verbis
1584 1903 1643 1972 eius
1658 1917 1707 1974 pro
1722 1903 1844 1974 percum

185 1992 336 2058 fornicatio,
353 1991 446 2063 quotis
470 2005 523 2045 nec
546 1988 629 2044 etiam
647 1991 725 2045 inter
736 1992 845 2061 pentes,
862 1995 891 2043 ut
904 2003 990 2061 grave
1039 1991 1193 2048 iudeorum
1208 1991 1310 2048 orantis
1325 2000 1352 2047 et
1365 1990 1482 2048 dicentis
1496 1991 1531 2046 ad
1546 1990 1691 2046 Dominum
1707 2008 1715 2045 :
1730 1992 1789 2046 Ant
1800 1991 1844 2046 di·

185 2080 257 2135 istud
279 2086 425 2151 peccatum
445 2078 601 2134 ostenderet
624 2093 677 2133 nec
698 2077 733 2132 ab
755 2076 798 2132 bis
823 2075 903 2132 etiam
924 2076 990 2133 dicit
1040 2080 1841 2152 mittaiitis,uutdctemedctiirctuofficcd.xxmr).(53)

185 2168 290 2225 admitti
304 2167 350 2241 qui
365 2169 453 2224 Deum
467 2167 602 2223 nesciunt.
628 2166 734 2222 Deinde
762 2165 884 2222 criminis
898 2166 990 2237 prodit
1039 2169 1084 2226 sio
1098 2176 1125 2225 et
1139 2169 1214 2225 Elius
1228 2177 1254 2225 et
1268 2169 1314 2223 olii
1337 2167 1388 2226 viri
1403 2168 1468 2224 boui
1483 2168 1611 2223 nonnulle
1625 2177 1735 2240 peccate
1750 2177 1840 2224 morte

185 2274 284 2332 genus,
301 2257 415 2314 dicens:
433 2258 477 2313 ltu
488 2255 865 2330 utunorcmputrtsotiqnis
876 2255 986 2311 babent.
1037 2255 1191 2330 punierunt,
1208 2258 1270 2330 quia
1293 2258 1332 2314 sic
1350 2265 1377 2313 et
1391 2257 1544 2314 viventibus
1559 2257 1632 2312 utilis
1651 2265 1738 2313 matus
1753 2257 1837 2314 incu-

185 2348 221 2402 Et
234 2349 287 2403 hoc
301 2346 420 2418 publice,
441 2343 487 2400 ubi
503 2344 616 2400 testibus
641 2359 709 2416 opus
733 2359 787 2399 non
809 2350 861 2400 est.
877 2341 988 2398 Publice
1038 2347 1161 2416 tiebatur,
1187 2353 1214 2402 et
1237 2346 1291 2401 illis
1315 2345 1362 2419 qui
1383 2354 1471 2402 morte
1494 2345 1679 2418 puniebantur
1700 2361 1757 2402 non
1781 2345 1840 2417 ipse

185 2435 257 2492 enim
272 2449 420 2492 novercam
439 2449 515 2490 suam
530 2433 590 2490 loco
615 2432 708 2489 uxoris
728 2432 854 2500 babebat,
871 2449 921 2488 nec
936 2439 987 2486 ter·
1037 2452 1111 2492 moos
1126 2436 1248 2505 nocebat,
1265 2435 1313 2491 sed
1337 2443 1478 2507 peceatum
1500 2435 1573 2507 quod
1587 2435 1681 2508 augeri
1694 2442 1800 2505 posset,
1820 2435 1843 2488 si

185 2524 370 2599 giverssticue
385 2523 477 2595 eliqua
498 2529 607 2593 poterat
629 2521 684 2593 tegi
707 2521 820 2578 crimen.
839 2519 987 2577 Sciendum
1037 2524 1169 2591 viverent,
1185 2523 1377 2591 minuebatur3
1392 2539 1447 2580 non
1469 2531 1572 2579 temere
1589 2522 1756 2594 judicabant,
1779 2523 1842 2595 qui-

186 2613 259 2686 quod
282 2628 363 2670 cause
383 2612 462 2681 hujus
487 2610 692 2679 lomicationis,
718 2610 821 2666 scilicet
841 2609 876 2666 dc
902 2624 986 2664 uxore
1036 2614 1087 2668 bus
1102 2612 1156 2668 tale
1176 2612 1310 2682 judicium
1332 2613 1483 2669 donaverat
1505 2614 1588 2668 Deus.
1614 2611 1681 2668 lndc
1701 2619 1742 2666 est
1767 2612 1841 2683 quod

186 2700 283 2773 petris,
308 2699 403 2772 incipit
426 2700 460 2755 de
484 2698 673 2764 fornicatione,
698 2704 792 2769 postea
814 2697 934 2753 monebit
950 2698 985 2753 de
1035 2702 1109 2758 Elias
1123 2701 1223 2757 multos
1237 2707 1326 2757 morte
1340 2699 1439 2769 affecit,
1456 2708 1483 2756 et
1501 2699 1612 2772 propria
1627 2715 1709 2755 uranu
1728 2708 1756 2755 et
1776 2699 1841 2772 igne

185 2788 260 2845 omni
274 2787 377 2844 carnali
398 2787 525 2843 videlicet
547 2794 574 2843 et
593 2785 737 2857 spirituali.
753 2788 858 2853 lituos,
875 2793 979 2841 ttrrteu⁸
1035 2788 1164 2846 divinitus
1174 2789 1329 2861 impetrato.
1346 2789 1424 2845 Unde
1435 2788 1523 2846 ethoc
1533 2787 1691 2860 exemplum
1700 2787 1771 2844 litiae
1784 2803 1839 2844 nou

185 2875 271 2947 Quasi
285 2875 357 2933 dicat
373 2893 380 2929 :
396 2876 501 2932 Etcum
517 2882 621 2930 tantum
635 2874 725 2930 scelus
741 2873 775 2928 sit
788 2873 929 2940 intervos,
944 2881 985 2929 ta·
1035 2878 1212 2950 reprehendit
1243 2878 1365 2934 Christus
1398 2877 1426 2932 in
1457 2876 1598 2948 discipulis
1624 2877 1842 2934 memorantibus

184 2980 247 3020 men
262 2981 309 3020 oos
319 2964 417 3034 intlcti
426 2963 495 3020 estis
505 2970 586 3019 vento
597 2961 740 3033 superbire,
749 2979 809 3034 que
816 2961 892 3034 pellit
902 2961 984 3018 mise·
1003 2967 1112 3076 Gquod
1127 2967 1161 3022 ab
1175 2983 1208 3023 eo
1222 2965 1323 3023 lectum
1340 2967 1385 3036 sit,
1402 2973 1428 3022 et
1441 2965 1597 3037 petentibus
1616 2965 1759 3022 etiamsibi
1775 2965 1842 3036 ipsis

186 3053 342 3120 ricardum,
369 3067 451 3124 quam
474 3052 497 3106 si
516 3067 599 3107 unum
614 3052 767 3106 membrum
780 3051 892 3122 patitur,
909 3066 987 3107 com·
1039 3055 1098 3111 deri
1112 3062 1273 3127 potestatem
1296 3054 1380 3110 dandi
1399 3054 1491 3126 ignem
1514 3055 1549 3109 de
1564 3053 1673 3110 sublimi
1687 3053 1723 3110 ad
1738 3069 1842 3108 consu-

187 3142 325 3213 patiuntnr
347 3147 456 3198 caetera.
480 3141 516 3196 tit
540 3157 597 3196 non
614 3139 753 3196 habuistis
769 3140 888 3206 tactum,
905 3138 989 3194 idest
1038 3144 1167 3200 mendum
1178 3159 1227 3200 cos
1242 3143 1288 3216 qui
1303 3143 1356 3198 sibi
1370 3142 1517 3214 hospitium
1532 3143 1749 3214 nonpraeberent
1760 3142 1840 3212 (Luc.

186 3230 319 3297 dolorem,
333 3229 517 3301 propeccatis
532 3228 615 3293 illius,
631 3228 705 3300 quod
720 3229 810 3300 napis
834 3227 989 3284 laciendum
1039 3236 1091 3305 tx).
1105 3232 1159 3288 Sed
1181 3232 1364 3306 ignorantiam
1378 3230 1536 3287 vindicandi
1550 3231 1578 3286 in
1593 3230 1725 3302 apostolis
1739 3245 1840 3302 repre-

183 3327 257 3376 esset
276 3319 314 3374 ita
327 3318 419 3391 utique
434 3318 530 3374 dolerc
554 3317 701 3385 deberetis,
726 3320 760 3372 nt
782 3318 829 3388 qni
844 3316 987 3390 hocopus,
1039 3321 1141 3388 tendit,
1159 3320 1223 3392 quia
1237 3320 1301 3377 odio
1314 3337 1369 3376 uon
1388 3335 1482 3376 amore
1505 3319 1685 3376 correctionis
1698 3318 1841 3374 desidera-

185 3407 259 3479 quod
274 3406 349 3462 nullo
362 3406 444 3462 modo
453 3405 509 3478 tegi
520 3403 707 3476 poteratlecit,
721 3405 842 3461 tottctur
851 3405 885 3460 dc
898 3406 990 3461 madio
1039 3411 1104 3465 bunt
1117 3409 1275 3466 vindictum.
1291 3409 1370 3465 Tales
1383 3408 1508 3465 vindictae
1523 3407 1601 3464 etism
1612 3408 1639 3463 in
1652 3408 1730 3464 Novo
1743 3407 1841 3463 Testa-

186 3499 320 3562 ccstrnm,
335 3493 399 3566 quia
424 3507 521 3551 omnes
544 3492 610 3549 estis
624 3491 782 3564 participes.
797 3494 851 3565 lipc
866 3493 987 3566 quidem.
1039 3505 1132 3554 mento
1148 3513 1202 3555 uon
1216 3496 1369 3554 doluerunt.
1386 3497 1456 3552 Nam
1471 3504 1498 3552 et
1515 3497 1612 3553 Petrus
1626 3496 1666 3552 sic
1680 3505 1705 3552 et
1719 3495 1747 3551 in
1761 3497 1840 3552 Aus-

187 3583 275 3653 Quasi
289 3582 361 3639 dicat
376 3600 382 3637 :
399 3583 456 3638 Vos
479 3596 534 3637 non
559 3580 657 3636 tulistis
679 3597 741 3637 eunt
765 3580 811 3655 qui
839 3591 990 3652 praesentes
1040 3587 1113 3642 niam
1127 3594 1155 3643 et
1167 3601 1279 3643 uxorem
1295 3586 1353 3656 ejus
1364 3585 1520 3642 vindicasse
1529 3585 1640 3658 legitur,
1652 3585 1761 3657 quaudo
1776 3601 1841 3640 ars·

185 3672 279 3739 eratis,
290 3669 990 3744 sedcooacscmquttancorporapraescnrcutem
1038 3675 1127 3732 nimes
1141 3675 1299 3732 cecideruut
1317 3691 1368 3732 nec
1391 3673 1543 3732 resuscitati
1564 3673 1772 3745 emittetur).
1790 3674 1842 3728 Vel

184 3762 301 3836 spiritu,
313 3759 395 3816 idest
414 3758 597 3815 sollicitudine
615 3758 713 3814 mentis
731 3766 759 3813 et
777 3757 924 3830 providens
938 3773 989 3815 rc·
1039 3763 1086 3832 itu,
1103 3763 1222 3832 tradidit,
1239 3772 1304 3832 etc.,
1319 3771 1417 3819 utnon
1431 3763 1465 3820 de
1480 3763 1524 3818 illa
1539 3761 1678 3834 corporali
1692 3761 1839 3818 vexatione

184 3841 237 3916 bis,
249 3852 313 3922 jam
328 3847 387 3903 sint
405 3863 491 3914 mort,
509 3847 638 3920 judicavi
657 3863 723 3903 cum
742 3847 789 3920 qui
803 3847 844 3903 sic
858 3850 989 3920 operatus
1039 3851 1195 3924 accipiatur,
1222 3851 1272 3909 sed
1293 3852 1328 3908 de
1342 3851 1494 3924 privatione
1509 3849 1702 3908 ecclesiastica
1715 3866 1841 3906 commn-

184 3943 234 4005 ast,
250 3945 279 3992 ut
293 3953 425 4009 presens,
443 3951 476 3992 ac
486 3935 509 3992 si
524 3951 647 4008 presens
662 3950 762 4001 essem,
774 3935 905 4005 iudicavi,
916 3935 988 4002 dico,
1039 3941 1139 4008 nionis,
1157 3958 1217 4014 quae
1233 3940 1262 3996 fit
1277 3957 1327 4013 per
1342 3940 1659 3998 excommunicationem.
1685 3937 1769 4009 Quasi
1793 3939 1839 3994 di-

183 4028 216 4083 ιιι
230 4027 348 4083 nomina
361 4025 477 4084 Domini
491 4025 585 4082 nostri
599 4025 666 4081 Jcstt
682 4023 798 4090 Christi,
806 4023 833 4078 id
841 4023 916 4078 estin
930 4023 990 4080 vice
1039 4039 1082 4087 oet
1099 4049 1105 4085 :
1121 4030 1245 4087 Jodioeoi
1263 4046 1325 4086 eom
1348 4029 1393 4102 qui
1407 4029 1562 4098 hujumodi
1576 4036 1618 4084 ose
1631 4029 1739 4084 endere
1753 4027 1838 4084 sm.

185 4117 255 4187 ejus.
269 4115 304 4172 Et
317 4116 372 4172 hcc
386 4114 468 4172 modo
486 4113 616 4184 iudicavi.
643 4111 747 4169 scilicet
762 4111 873 4168 tradite
888 4111 990 4184 tujnr-
1039 4135 1092 4186 nce,
1108 4118 1212 4175 scilicet
1224 4119 1260 4174 ab
1267 4117 1391 4174 Ecclesia
1400 4117 1549 4188 expellere,
1560 4115 1773 4172 admonitionem
1788 4133 1837 4172 ec-

184 4201 991 4273 mcdireurnsctcne,ccbisconpreqntisctinecsptritn
1039 4207 1220 4264 oleoiestioem
1241 4207 1274 4263 eh
1297 4207 1344 4264 itto
1369 4206 1545 4278 suspendere,
1571 4214 1597 4262 et
1609 4205 1727 4261 libemm
1740 4205 1780 4260 illi
1795 4205 1838 4260 te-

187 4309 253 4350 tum
262 4291 575 4358 vtrlwtffltmim'lettb
587 4288 728 4346 id052h00
743 4287 990 4358 ⁷0m0d⁰i¹1di
1038 4312 1101 4353 cere
1115 4296 1157 4353 ire
1174 4296 1203 4352 in
1224 4296 1360 4352 interitum
1378 4295 1479 4362 carnis,
1505 4293 1608 4351 scilicet
1629 4293 1719 4350 lacere
1733 4309 1838 4352 secuu-

186 4381 257 4449 cavi,
273 4386 303 4436 Ui
317 4395 367 4436 i⁰⁸
382 4377 542 4452 wntfeiifi
554 4377 583 4432 in
596 4393 680 4433 ¹¹¹¹OEss
699 4373 1023 4449 sinceliquodjooeo.1)
1038 4385 1104 4441 dum
1118 4385 1192 4458 quod
1214 4384 1315 4456 expetit
1337 4399 1401 4440 carc
1423 4383 1482 4454 ejus
1496 4381 1524 4438 in
1538 4381 1675 4438 interitum
1690 4381 1767 4438 illurn
1782 4381 1838 4438 du-

185 4471 261 4527 sicne
290 4469 390 4541 quibus
427 4481 490 4524 maa
525 4465 683 4534 auctoritas,
716 4474 743 4522 et
775 4465 860 4521 virtus
887 4464 988 4522 Christi
1038 4489 1113 4530 oens,
1131 4471 1314 4546 [Ambrosios]
1337 4471 1434 4528 Omnis
1457 4469 1530 4528 enim
1544 4469 1662 4528 earnalis
1676 4470 1839 4541 voluptasa

184 4557 383 4630 cooperabitur,
395 4555 509 4612 tradatis
522 4554 676 4625 hujusmodi
690 4555 806 4610 Satanas·
1037 4562 1146 4618 dabolo
1163 4569 1213 4632 est,
1230 4569 1257 4618 et
1270 4561 1333 4617 ideo
1347 4575 1410 4618 cum
1431 4559 1494 4617 huic
1516 4559 1648 4632 voluptati
1662 4557 1836 4630 relinquitur,

219 4646 270 4704 Vel
283 4646 322 4702 ita
336 4653 425 4717 potest
435 4644 557 4701 ordinari
571 4644 659 4700 littere
667 4643 720 4700 hoc
729 4643 832 4699 modo:
847 4643 984 4711 iuduunt,
1037 4649 1153 4706 traditur
1168 4649 1286 4717 Satanae,
1310 4657 1420 4706 etcum
1443 4647 1533 4705 carnis
1552 4647 1689 4704 desiderio
1704 4647 1839 4717 sejungit

184 4735 286 4793 scilicet
300 4735 374 4792 uotis
389 4733 986 4807 conprcqntisatmcospiritucumcirtute
1037 4739 1136 4806 sonna,
1153 4737 1291 4795 interitum
1315 4737 1424 4809 patitur.
1449 4737 1511 4793 Nou
1526 4743 1616 4792 autam
1630 4737 1688 4791 brac
1702 4735 1838 4790 amaritu-

184 4815 378 4884 contactui
393 4824 505 4880 trudere
520 4822 681 4893 hujusmodi
694 4821 810 4877 Satanoe
824 4821 857 4876 in
870 4821 986 4878 nomine
1036 4828 1099 4883 dine
1114 4827 1170 4883 odii
1183 4826 1257 4895 lacit,
1283 4825 1333 4882 sed
1352 4841 1384 4882 aa
1407 4825 1566 4890 intentione,
1591 4831 1620 4878 ut
1638 4823 1763 4894 expulsio
1778 4825 1838 4879 bno

182 4913 296 4970 Domini
312 4912 479 4970 nostritcsn
495 4910 610 4980 Gbritti,
621 4909 649 4964 id
660 4917 702 4965 est
716 4917 803 4966 utvos
814 4908 984 4982 congregati,
1037 4917 1071 4972 ed
1086 4914 1271 4974 reoooeodom
1293 4915 1370 4970 illum
1385 4913 1483 4971 voiono,
1507 4913 1586 4970 Unde
1601 4912 1691 4968 subdio
1705 4918 1734 4966 oe
1749 4912 1838 4983 spiri.

182 5001 296 5059 lradilii
317 4999 471 5070 hujusmdi
500 4999 605 5056 ΜΗ
629 4997 657 5052 in
681 4997 791 5054 ¹²⁰¹115¹1⁰
818 4997 937 5064 Βθῐΰῑΰῑ,
957 4995 985 5050 id
1036 5013 1080 5060 tus
1101 5005 1159 5074 ejus
1183 5004 1274 5060 salvus
1297 5003 1333 5058 sit
1353 5003 1380 5057 in
1400 5002 1445 5058 die
1470 5002 1603 5058 adrentus
1626 5000 1735 5056 Domini
1750 5000 1839 5056 nostri

182 5087 551 5154 estidh0n0tem90¹1¹i¹¹it
567 5094 594 5142 θῑ
608 5086 734 5158 8¹⁰¹'iflms
751 5086 827 5155 Gutus
841 5084 930 5158 8¹⁰¹'18
945 5092 986 5141 ⁰⁵1
1035 5093 1101 5149 iesu
1124 5092 1234 5160 Christi,
1260 5091 1287 5147 id
1307 5099 1348 5148 est
1370 5098 1400 5146 ut
1422 5091 1512 5146 anima
1535 5091 1595 5161 ejus
1610 5089 1685 5145 salva
1699 5088 1735 5143 sit
1748 5087 1778 5143 in
1791 5089 1838 5144 die

182 5179 210 5234 in
224 5177 379 5250 hujusmodi
391 5175 505 5247 jndicio,
530 5190 585 5231 non
606 5191 656 5246 pro
670 5174 734 5230 odio
755 5181 848 5230 vestro
863 5172 985 5243 judicavi
1032 5181 1137 5251 judieii,
1153 5181 1204 5236 vol
1218 5181 1280 5236 ideo
1295 5179 1403 5236 eredidit
1417 5195 1478 5235 eum
1493 5179 1639 5251 Apostolus
1654 5177 1771 5244 sitam
1787 5177 1838 5232 ab·

185 5268 295 5324 undere
309 5267 427 5323 Satanae.
439 5265 474 5320 Et
480 5265 533 5320 hoc
542 5265 576 5320 in
584 5264 738 5320 interitum
750 5264 858 5334 camis,
869 5261 897 5318 id
909 5268 985 5318 estut
1032 5270 1154 5342 jtoieodo
1169 5269 1205 5325 eb
1219 5269 1343 5327 [teolegio
1357 5276 1387 5325 ot
1401 5268 1518 5340 spirituo
1532 5275 1651 5337 sonoque,
1667 5281 1721 5340 quo
1735 5272 1835 5322 eonio.

215 5443 266 5510 toto
284 5441 756 5510 tuendumltetertttcnclnnontc.
1069 5441 1125 5510 (tt)
1144 5443 1504 5508 immurmurantem.
