3878 6322
151 79 217 134 ttot
471 76 725 134 COLLECTANEA
742 76 780 132 IN
797 74 906 132 aelst.
927 76 961 132 D.
982 75 1095 134 PAULI.
1110 106 1146 119 -
1159 76 1197 132 IN
1215 77 1272 134 ΕΡ.
1296 78 1308 132 l
1326 76 1374 134 Ab
1393 75 1472 134 COR.
1725 79 1794 136 tsott
1863 85 1867 98 ¹

152 201 179 256 iu
193 201 258 274 igne
272 207 361 257 minen
376 201 527 273 apparebit,
551 201 614 274 quie
629 201 733 258 ardebit
751 201 822 255 bona
835 191 983 273 [terma-A
996 207 1063 266 ctus,
1080 201 1114 255 ad
1131 200 1255 257 homines
1270 201 1298 256 in
1312 209 1442 258 aeternam
1466 201 1548 258 vitam
1572 203 1793 276 regenerandam
1854 203 1855 206 ’

151 297 243 346 naute.
260 291 293 345 Et
308 307 371 345 vere
394 290 567 346 manifestam
592 291 650 356 erit,
669 290 726 345 dies
750 289 822 345 enirn
837 289 945 344 Domini
1001 296 1026 344 et
1045 304 1098 345 non
1113 297 1156 344 est
1168 290 1208 344 eis
1222 291 1305 358 Deus,
1321 290 1376 347 imo
1390 306 1456 348 uero
1470 298 1512 347 est
1534 292 1608 346 Deus
1625 308 1714 356 verus,
1732 291 1795 362 quia

152 379 300 434 declarabit
315 379 378 450 quia
396 379 423 433 iu
447 379 511 452 igne
533 378 680 444 revelatur,
704 378 732 433 id
754 386 794 434 est
809 377 877 432 mala
896 377 948 433 dc·
998 392 1065 434 vera
1079 377 1129 432 Dei
1143 378 1268 433 membra
1282 380 1413 451 templum
1427 381 1486 450 ejus
1502 387 1572 446 sunt,
1589 387 1615 436 et
1632 380 1794 452 utiquesub·

151 466 237 522 ctrina
247 467 275 520 in
283 467 347 540 igue
355 467 481 523 omnibus
489 467 641 538 apparebit,
652 482 723 522 nunc
732 466 803 522 enim
815 465 948 538 quosdam
996 465 1096 534 jectum
1116 473 1157 520 ast
1179 466 1307 537 templum
1331 466 1370 520 illi
1392 468 1467 536 eujus
1492 475 1532 523 est
1557 467 1697 539 templum.
1716 467 1794 536 Quo-

148 553 228 610 lallit.
244 557 280 611 m
293 555 787 630 uniuscujusqcecpasqualefuerit
800 554 948 628 ignispro-
998 553 1079 608 modo
1103 569 1168 625 ergo
1193 565 1238 609 ret
1262 563 1379 610 nonest
1403 555 1480 624 cujus
1505 555 1635 627 templum
1657 563 1707 626 est,
1733 573 1794 628 quaa

151 644 235 708 babit,
257 642 320 714 quia
334 643 357 697 si
372 642 399 697 in
415 643 506 715 aliquo
519 659 576 698 non
590 642 723 698 invenerit
747 639 819 714 quod
843 649 945 709 exurat,
998 641 1122 696 membra
1137 649 1198 696 suut
1217 641 1316 714 regis?
1330 641 1474 711 Quomodo
1494 643 1575 699 etiam
1593 659 1648 699 uon
1670 645 1794 700 considet

150 729 300 786 manifestat
311 731 386 786 illum
401 729 484 786 luisse
499 731 601 786 bonum
616 731 776 796 doctorem3
797 730 868 785 mala
882 745 947 787 vero
997 729 1069 784 Patri
1094 737 1121 784 et
1135 729 1257 802 Filioqui
1277 730 1391 801 replevit
1413 730 1518 799 Filium,
1536 731 1582 803 qui
1603 733 1682 787 etiam
1703 750 1792 789 mem-

148 818 273 875 doctrina
287 819 359 891 ignis
374 835 438 875 esce
449 826 499 878 est.
516 820 547 875 Si
556 820 638 890 cuius
650 835 718 892 opus
726 819 867 874 manserit
876 818 947 890 qaod
996 817 1045 871 bra
1058 816 1119 871 Filii
1147 833 1224 872 suam
1248 818 1369 888 possidet
1392 818 1527 874 domum?
1541 818 1645 875 Deinde
1675 837 1736 876 cum
1759 822 1793 877 de

147 908 391 980 superaedificavit,
405 909 560 965 mercedem
575 909 705 980 accipiet.
715 908 782 962 Cum
797 906 869 962 cuim
880 905 946 960 nihil
996 907 1077 961 Patre
1091 906 1231 976 procedat,
1243 907 1379 978 quomodo
1390 922 1452 962 cum
1463 908 1542 962 Patre
1551 923 1606 963 non
1619 907 1792 964 sedet?Cum

147 996 176 1050 in
190 1012 224 1051 eo
237 996 325 1051 sordis
340 996 482 1052 inventum
503 994 584 1051 luerit
602 1011 694 1067 pravae
719 996 860 1064 doctrinae,
878 994 946 1050 sicut
995 993 1055 1064 ipsa
1075 995 1162 1049 sessio
1179 994 1283 1049 nonsit
1306 995 1398 1066 utique
1422 994 1571 1068 cogitanda
1592 995 1748 1063 carnaliter,
1766 1004 1793 1052 et

147 1084 219 1157 ignis
234 1101 289 1140 non
308 1085 443 1141 consumit
463 1101 566 1148 eurum,
581 1092 734 1158 argentum,
755 1084 862 1155 lapides
885 1099 945 1154 pre·
995 1098 1057 1139 cum
1072 1081 1154 1138 etiam
1168 1083 1202 1138 de
1217 1083 1348 1137 membris
1359 1083 1416 1153 ejus
1432 1083 1502 1139 dicat
1514 1084 1659 1154 Apostolus
1677 1101 1683 1139 :
1698 1085 1793 1141 Susci-

148 1173 242 1240 tiosos,
258 1173 296 1228 ite
311 1181 338 1229 et
352 1174 438 1229 bonus
457 1173 588 1246 magister
610 1172 822 1244 incorruptibilis
837 1187 944 1242 perma-
996 1173 1110 1228 territet
1126 1171 1275 1228 consedere
1297 1173 1368 1244 serit
1391 1173 1422 1226 in
1438 1173 1594 1228 celestibus
1615 1173 1726 1245 (Ephes.
1748 1174 1789 1245 tt).

146 1261 230 1327 nebit,
246 1269 273 1317 et
292 1261 342 1317 erit
357 1261 382 1316 ei
396 1277 504 1318 merces
519 1262 573 1317 vita
591 1269 707 1318 aetcrne.
726 1261 755 1317 Si
780 1261 861 1332 cujus
877 1277 945 1321 ocus
995 1258 1139 1328 Quomodo
1163 1271 1231 1332 ergo
1251 1259 1360 1331 Spiritui
1375 1267 1469 1316 sancto
1491 1260 1659 1315 subtrahitur
1674 1261 1789 1328 anobis,

146 1350 616 1422 urserit,detrimentampatietur.
630 1348 944 1421 Opusquodardercdi·
994 1347 1115 1420 quisquis
1143 1347 1189 1403 ille
1216 1355 1257 1403 est
1285 1348 1436 1416 consessus,
1463 1355 1593 1420 tauquam
1619 1349 1715 1404 sedere
1730 1364 1791 1404 cum

146 1437 216 1493 citur
230 1437 303 1492 mala
317 1436 441 1494 doctrina
455 1445 508 1508 est,
523 1455 584 1510 quae
599 1437 719 1493 interibit
735 1437 942 1492 :detrimentum
992 1437 1073 1492 Patre
1089 1444 1116 1491 et
1125 1436 1193 1492 Filio
1203 1436 1238 1491 sit
1252 1436 1389 1508 indiguus,
1403 1436 1449 1509 qui
1459 1453 1510 1492 nos
1521 1437 1619 1492 eadem
1631 1437 1696 1493 sede
1712 1437 1792 1493 efficit

143 1525 210 1596 pati,
226 1534 268 1582 est
281 1541 392 1597 poenam
405 1526 522 1599 perpeti.
542 1525 610 1596 Quis
628 1526 700 1581 enirn
721 1525 750 1580 in
768 1541 850 1596 poeua
864 1525 941 1598 posi·
950 1556 977 1616 Β
992 1523 1115 1598 dignos?
1129 1524 1244 1596 Spiritus
1256 1541 1322 1597 ergo
1332 1532 1452 1592 sanctus,
1470 1525 1532 1580 etin
1547 1525 1704 1582 coelestibus
1715 1526 1791 1581 sedet

142 1622 184 1668 tus
204 1614 341 1683 iacturam
362 1632 414 1670 uon
432 1615 535 1670 sentit?
559 1615 620 1688 lpse
638 1618 735 1671 autem
754 1616 849 1670 salvus
873 1616 939 1682 erit,
992 1629 1053 1669 cum
1068 1613 1146 1668 Patre
1161 1621 1188 1669 et
1202 1613 1279 1680 Fiho,
1292 1621 1318 1668 et
1333 1613 1360 1667 in
1375 1613 1477 1686 templo
1489 1629 1539 1669 suo
1552 1614 1665 1680 habitat,
1687 1614 1791 1670 scilicet

144 1701 278 1773 quianon
302 1702 421 1757 interibit
450 1703 598 1758 substantia
626 1718 681 1775 qun
705 1710 827 1768 constat,
848 1702 875 1758 id
900 1711 941 1757 est
989 1701 1018 1756 in
1045 1702 1147 1758 sanctis
1162 1701 1208 1773 qui
1223 1710 1285 1757 sunt
1307 1703 1437 1774 templum
1457 1702 1517 1770 Dei,
1533 1703 1615 1758 modo
1639 1703 1789 1758 secundum

142 1790 351 1846 bonadoctrina
367 1791 395 1845 in
416 1807 470 1863 qua
493 1791 621 1846 fundatus
647 1799 697 1858 est,
725 1791 794 1847 sicut
817 1790 939 1847 doctrina
988 1788 1071 1845 fidem
1100 1790 1292 1859 ambulantes,
1330 1799 1357 1846 ct
1382 1791 1512 1862 templum
1549 1789 1599 1846 Dei
1628 1797 1707 1846 erunt
1736 1791 1789 1845 ali-

142 1879 213 1934 mala
227 1878 334 1950 peribit,
352 1895 412 1951 quae
435 1879 562 1936 accidens
587 1887 638 1936 est.
665 1879 763 1935 Salvus
784 1879 845 1947 erit,
867 1879 938 1947 dico,
990 1877 1099 1950 quando
1127 1878 1206 1933 etiam
1229 1879 1378 1934 secundum
1403 1879 1536 1951 speciem,
1563 1878 1681 1951 qualiter
1709 1879 1789 1934 etiam

143 1969 184 2023 sic
202 1971 296 2024 tumea
308 1968 388 2042 quusi
401 1983 452 2041 per
466 1969 570 2040 ignem,
584 1968 712 2040 quianon
726 1967 785 2023 sine
798 1983 878 2038 puina
888 1967 941 2024 erit
990 1983 1063 2023 nunc
1078 1967 1208 2038 templum
1223 1975 1285 2023 sunt
1299 1967 1391 2039 angeli
1407 1968 1466 2023 Dei.

141 2055 246 2113 salvus.
266 2057 318 2112 Per
333 2057 384 2112 hoc
399 2058 471 2112 euim
482 2057 599 2112 ostendit
609 2057 713 2112 salvum
724 2057 800 2110 illum
808 2055 939 2122 futurum,
1026 2055 1215 2129 [Augustinus]
1234 2056 1287 2112 Sed
1315 2056 1380 2112 dicit
1403 2055 1525 2130 aliquis:
1543 2059 1695 2130 Antequam
1715 2055 1788 2113 iace·

142 2144 191 2200 sed
204 2159 301 2216 poeuas
320 2144 392 2218 ignis
406 2160 564 2215 passurum,
582 2152 611 2200 ut
630 2144 788 2217 perignem
807 2150 940 2218 purgatus
968 2135 1030 2200 ¹ret
1053 2145 1127 2200 Deus
1150 2144 1249 2200 coelum
1271 2152 1298 2198 et
1312 2151 1422 2214 terram,
1440 2152 1584 2216 antequam
1600 2145 1702 2201 laceret
1723 2162 1788 2200 san-

141 2231 187 2287 hat
202 2233 304 2300 salvus,
314 2240 340 2289 et
355 2249 417 2289 cum
432 2230 531 2305 perfidi
546 2234 574 2288 in
589 2241 720 2288 aeternum
734 2241 856 2304 pereant,
872 2248 939 2304 pro·
990 2240 1057 2298 ctos,
1084 2231 1130 2287 ubi
1157 2232 1318 2288 habitabat?
1339 2234 1367 2288 lu
1392 2250 1422 2289 se
1446 2233 1548 2288 habitat
1563 2234 1637 2290 Deus
1655 2233 1726 2304 apud
1751 2241 1787 2304 te,

142 2321 203 2377 dest
216 2321 269 2376 illis¹
284 2337 316 2376 ex
331 2330 406 2392 parte
419 2319 572 2380 credidisse
594 2322 741 2378 Christum.
990 2327 1016 2376 et
1030 2321 1102 2391 apud
1118 2338 1147 2377 se
1158 2328 1207 2376 est.
1224 2322 1285 2377 Non
1300 2337 1366 2392 ergo
1381 2321 1422 2377 sic
1436 2329 1499 2376 sunt
1509 2321 1594 2378 sancti
1609 2322 1706 2377 dornus
1721 2321 1786 2388 Dei,

176 2464 261 2519 Vm·
273 2466 402 2523 [53⁰³
416 2464 535 2520 Nescitis
546 2467 612 2537 quia
622 2465 759 2536 templum
766 2464 894 2521 Masta
912 2468 941 2520 et
990 2416 1019 2508 ut
1032 2409 1091 2479 ipsa
1105 2409 1240 2466 subtracta
1255 2410 1335 2465 cadat
1351 2410 1434 2465 Deus.
1457 2411 1514 2466 lmo
1537 2409 1576 2466 sie
1590 2409 1693 2465 habitat
1714 2411 1787 2466 Deus

145 2552 264 2624 Spiritus
272 2553 322 2608 Dei
330 2553 482 2609 habitatin
491 2553 579 2609 vohis‘l
588 2553 618 2608 Si
627 2555 688 2626 qais
699 2552 939 2624 autemtemplom
989 2514 1017 2552 m
1033 2498 1142 2596 ἥκῃ-ε’
1159 2505 1189 2552 ω
1203 2497 1226 2552 Si
1249 2499 1309 2569 ipse
1332 2498 1695 2598 disoeffsfrif'.⁰⁸dm.¹tss(4²)
1710 2500 1787 2554 Μ’

141 2587 153 2607 “
569 2595 575 2608 ·
989 2593 1065 2642 terea
1080 2586 1221 2641 selendum
1233 2587 1305 2659 quod
1322 2602 1377 2642 non
1392 2587 1511 2642 d1c1ms1
1526 2587 1683 2642 stuitrssrme
1698 2593 1788 2658 potest

1135 2681 1260 2730 sanctum
1274 2691 1329 2730 non
1346 2675 1447 2730 habere
1462 2675 1551 2731 locum
1567 2675 1595 2728 in
1614 2682 1708 2730 nostro
1722 2691 1787 2731 cor-

988 2779 1066 2834 pore,
1085 2763 1157 2836 quod
1172 2770 1256 2820 totum
1271 2772 1364 2819 nostra
1382 2764 1471 2819 anima
1492 2763 1664 2835 impleverit;
1681 2764 1787 2820 stultius

990 2851 1070 2906 etiam
1093 2851 1192 2906 dicitur
1214 2851 1347 2924 augustiis
1362 2851 1460 2907 alicubi
1474 2852 1600 2923 impediri
1615 2853 1785 2920 Trinitatem,

989 2947 1017 2994 ut
1032 2941 1121 3006 Pater,¹
1136 2948 1163 2994 et
1177 2939 1269 3007 Filius,
1285 2948 1312 2995 et
1328 2939 1445 3010 Spiritus
1460 2947 1580 3009 sanctus,
1593 2941 1692 2997 alicubi
1707 2941 1787 2996 simul

990 3044 1051 3082 esse
1067 3027 1250 3098 nonpossint.
1268 3029 1370 3083 Verum
1385 3027 1452 3083 iilud
1468 3036 1509 3084 est
1525 3027 1609 3084 multo
1624 3029 1783 3099 mirabihus,

989 3115 1138 3188 quodcum
1153 3117 1226 3171 Deus
1240 3115 1338 3188 ubique
1349 3116 1383 3170 sit
1398 3123 1479 3182 totus,
1502 3132 1555 3172 non
1571 3124 1662 3172 tamen
1684 3115 1712 3170 iu
1727 3132 1786 3172 om-

988 3203 1069 3259 nibus
1083 3204 1195 3259 habitat.
1211 3203 1402 3278 [Augustinus]
1422 3204 1490 3274 Quis
1505 3220 1589 3276 porro
1609 3204 1706 3260 audeat
1723 3204 1785 3276 opi-

987 3293 1056 3360 nari,
1084 3293 1136 3349 nisi
1151 3293 1409 3364 inseparabilitatem
1419 3293 1558 3348 Trinitatis
1579 3293 1688 3364 penitus
1702 3293 1784 3367 igno-

173 3381 293 3438 Nescitis
304 3383 370 3454 qaia
381 3383 576 3454 lempiamDei
586 3384 662 3450 estis,
674 3391 738 3453 etc,
752 3383 791 3440 sic
800 3384 935 3441 continet:
987 3389 1036 3446 ret,
1054 3382 1126 3453 quod
1150 3381 1177 3437 in
1200 3383 1291 3456 aliquo
1313 3383 1399 3455 potuit
1420 3382 1542 3438 hahitare
1565 3383 1653 3453 Pater,
1678 3391 1722 3438 aut
1736 3382 1783 3438 lli-

138 3471 191 3524 Iste
206 3469 296 3524 salvus
311 3470 363 3525 erit
378 3486 428 3541 per
442 3469 535 3543 ignem
546 3471 592 3542 qui
603 3487 619 3526 a
632 3471 869 3529 fundamentonon
880 3474 936 3528 dis·
986 3470 1049 3540 lius,
1065 3471 1093 3525 in
1119 3488 1172 3542 quo
1191 3487 1246 3528 non
1266 3472 1370 3527 habitat
1392 3471 1508 3543 Spiritus
1529 3479 1638 3529 sanetus
1653 3470 1667 3525 i
1682 3472 1734 3527 Aut
1756 3471 1783 3526 iu

138 3557 224 3624 cedit;
241 3557 290 3614 sed
314 3557 337 3612 si
358 3558 429 3630 quis,
454 3558 499 3614 vel
522 3560 768 3631 pseudoapostolus
791 3562 862 3616 mele
888 3562 936 3617 dc-
985 3559 1078 3631 aliquo
1093 3560 1209 3631 Spiritus
1232 3567 1351 3628 sanctus,
1377 3560 1404 3614 in
1429 3576 1484 3632 quo
1498 3576 1553 3615 non
1568 3567 1609 3616 est
1623 3560 1711 3625 Pater,
1736 3567 1783 3615 aut

138 3647 235 3710 cendo,
266 3647 309 3700 vel
336 3645 418 3702 homo
443 3646 467 3702 ei
491 3648 683 3716 assentiendo,
709 3651 846 3722 templum
868 3651 934 3718 Dei,
985 3646 1093 3704 Filius?
1116 3648 1316 3704 Attendendum
1339 3646 1423 3721 igitur
1444 3655 1485 3702 est
1505 3647 1603 3719 ubique
1618 3664 1679 3703 esse
1695 3649 1781 3704 Deum

137 3735 260 3807 quadros
272 3734 349 3800 estis,
359 3735 530 3791 uolooemtiu
545 3751 584 3802 se,
602 3736 645 3792 vel
655 3737 682 3791 in
698 3736 758 3792 aliis
769 3738 936 3794 volenssuh-
984 3751 1034 3808 per
1050 3734 1200 3791 divinitatis
1216 3735 1398 3808 presentiam,
1424 3735 1473 3790 scd
1488 3751 1543 3790 non
1556 3735 1657 3806 ubique
1671 3751 1721 3805 per
1735 3736 1780 3790 in·

136 3831 245 3878 vertere
279 3821 502 3890 tundamentum,
532 3831 558 3880 et
582 3824 751 3882 Catholicam
775 3827 933 3883 societatem
984 3823 1159 3879 habitationis
1182 3824 1307 3896 gratiam.
1325 3826 1440 3895 Propter
1459 3824 1528 3879 hanc
1547 3823 1620 3878 enim
1634 3823 1781 3880 habitatio·

138 3910 305 3984 disjungere,
322 3911 558 3984 disperdetilium
572 3913 645 3970 Deus
656 3929 772 3986 corpore
787 3921 813 3970 et
832 3915 932 3984 anima,
983 3928 1057 3978 nem,
1074 3912 1121 3967 ubi
1136 3911 1225 3985 gratia
1239 3911 1393 3968 dilectionis
1408 3913 1466 3982 ejus
1485 3911 1651 3984 agnoscitur,
1674 3928 1728 3968 non
1743 3912 1781 3967 di-

143 2640 192 2695 llei
203 2641 602 2713 violaverit,disperdetillam
610 2643 690 2698 Deus.
704 2643 849 2712 Templum
861 2643 940 2697 euim
990 2674 1119 2745 Spiritum

141 2729 193 2784 Dei
199 2732 334 2785 sanetum
342 2733 393 2798 est,
406 2729 478 2796 quod
488 2730 556 2785 estis
563 2746 617 2785 uos.
634 2731 718 2785 Nemo
729 2745 758 2784 se
768 2730 894 2786 seducat.
911 2729 941 2786 Si

140 2817 456 2888 quisuideturirrtervos
465 2819 578 2890 sopiens
587 2817 683 2872 esseio
692 2816 742 2872 hoo
750 2817 862 2882 secolo,
872 2819 940 2872 stal-

140 2908 186 2960 tas
196 2905 248 2973 [iat
263 2909 295 2961 at
307 2907 346 2960 sit
360 2907 483 2977 sapiens.
496 2906 643 2976 Sapientia
653 2907 730 2960 emim
739 2905 823 2973 hujus
837 2905 940 2960 maadi
948 2911 971 2970 Ο

137 2995 267 3050 stultitia
276 2997 318 3049 est
326 2993 503 3066 opudlieam.
512 2993 657 3064 Scriptum
664 2993 940 3064 esteaimfflompre-

140 3083 261 3138 bendum
268 3083 411 3154 sapientes
418 3082 564 3138 incitatio
574 3085 715 3149 cortam;et
723 3081 938 3136 iteramrllomi-

139 3187 194 3226 aas
212 3171 291 3226 auoit
307 3170 492 3242 cogitationes
509 3172 694 3243 sapientiam,
706 3169 840 3243 quocum
857 3185 938 3225 voce

138 3261 220 3314 scat.

137 3999 215 4071 quasi
230 3999 403 4073 sacrilegum.
420 3999 607 4074 [Augustinus]
623 4003 657 4056 Et
671 4003 777 4069 merito,
798 4005 934 4077 templum
983 3999 1070 4057 cimus
1088 4018 1094 4054 ε
1111 4003 1197 4056 Pater
1220 4005 1318 4057 moster
1340 4002 1388 4074 qai
1411 4018 1439 4057 es
1461 4001 1571 4075 ubique,
1596 4016 1656 4057 cum
1678 4008 1704 4057 et
1728 4001 1781 4058 boc

137 4089 215 4143 etaim
230 4088 279 4143 liei
294 4093 428 4144 sanctam
442 4093 494 4159 est,
510 4105 526 4144 a
541 4097 665 4161 tempore
682 4091 817 4162 baptismi,
830 4091 892 4163 quia
906 4091 934 4146 in
983 4105 1078 4144 verum
1093 4089 1137 4157 sit,
1150 4089 1198 4145 scd
1214 4089 1259 4161 qui
1274 4090 1779 4162 esiaeoelis(Matth.v1).llludquo-

136 4175 244 4232 nemine
259 4176 365 4231 habitat
379 4177 462 4245 Deus,
480 4194 562 4249 quern
576 4193 631 4233 non
651 4186 714 4234 ante
736 4179 853 4250 Spiritus
871 4196 935 4235 san·
982 4193 1035 4250 que
1046 4177 1170 4234 mirabile
1184 4185 1225 4234 est
1240 4178 1313 4250 quod
1327 4179 1402 4234 Deus
1416 4187 1458 4234 est
1471 4179 1632 4236 inhabitator
1653 4195 1780 4251 quorum·

136 4272 196 4321 ctus
211 4263 363 4321 sanctificet
379 4273 405 4322 et
417 4275 526 4340 purget,
544 4266 622 4338 quasi
636 4267 768 4338 templum
782 4269 842 4336 Dei,
862 4263 968 4342 quodD
983 4267 1045 4321 dam
1072 4267 1192 4323 nondum
1217 4267 1442 4340 cognoscentium
1466 4269 1562 4334 Deum,
1584 4277 1609 4324 et
1632 4284 1687 4323 uon
1709 4283 1778 4340 quo-

136 4353 203 4408 estis
212 4369 268 4418 vos,
280 4354 429 4409 secundum
439 4355 558 4410 animam
569 4363 595 4410 et
606 4356 754 4412 secundum
762 4372 872 4428 corpus.
883 4358 931 4414 Ca·
981 4355 1107 4410 rumdam
1117 4356 1341 4430 cognoscentium
1354 4358 1452 4412 Deum.
1464 4357 1505 4412 llli
1520 4357 1592 4414 euim
1603 4357 1638 4412 ad
1648 4357 1779 4427 templum

137 4449 197 4497 vete
215 4441 249 4497 ’Ὶ
256 4441 291 4498 5
305 4457 371 4514 ergo
379 4443 466 4508 vobis,
478 4446 543 4517 quia
559 4461 603 4500 uos
618 4447 686 4500 estis
695 4447 842 4518 templum,
858 4445 933 4502 idest
981 4443 1032 4498 Dei
1064 4460 1119 4499 non
1131 4443 1276 4514 pertinent,
1307 4445 1353 4517 qui
1379 4452 1578 4518 cognoscentes
1601 4446 1698 4510 Deum,
1723 4461 1778 4501 non

136 4529 202 4585 tales
212 4529 240 4584 in
254 4530 362 4602 quibus,
379 4531 483 4588 scilicet
495 4533 569 4587 Deus
585 4532 662 4588 sedet
677 4540 702 4588 et
721 4533 831 4589 habitat.
849 4535 931 4590 Tem·
981 4532 1052 4588 sicut
1066 4533 1154 4588 Deum
1170 4533 1342 4606 glorificant;
1360 4541 1386 4589 et
1400 4534 1435 4589 ad
1446 4533 1577 4605 templum
1585 4533 1635 4589 Dei
1643 4533 1779 4603 pertinent

136 4617 210 4688 plum
227 4617 288 4674 dico
299 4619 358 4684 Dei,
371 4619 449 4675 idest
460 4619 576 4691 Spiritus
587 4621 767 4678 sanetiUnde
778 4623 885 4678 subdit:
896 4626 933 4680 at
980 4620 1084 4692 parvuli
1100 4619 1258 4678 sanctificati
1268 4629 1442 4678 sacramento
1456 4622 1566 4688 Christi,
1583 4629 1608 4678 et
1623 4622 1777 4696 regenerati

136 4705 261 4776 Spiritus
276 4706 336 4773 Dei,
346 4705 373 4760 id
388 4715 428 4762 est
445 4708 562 4779 Spiritus
570 4718 679 4766 sanctus
688 4711 838 4767 habitatin
847 4713 930 4780 vobis,
981 4709 1082 4780 Spiritu
1106 4718 1208 4778 sancto,
1236 4710 1309 4782 quod
1330 4711 1451 4766 nondum
1474 4719 1590 4782 possunt
1610 4725 1777 4784 cognoscere

137 4792 182 4863 qui
198 4809 246 4848 vos
270 4802 441 4850 consummat
455 4795 482 4850 in
506 4797 595 4866 bonis,
620 4805 646 4853 et
666 4798 777 4855 nescitis
791 4801 852 4856 hoc.
870 4799 932 4874 [Au-
981 4798 1078 4854 Deum.
1094 4799 1179 4870 lgitur
1194 4814 1274 4870 quem
1282 4806 1426 4869 potueruut
1436 4798 1475 4853 illi
1489 4815 1581 4868 nosse,
1597 4816 1648 4855 nec
1662 4800 1774 4869 habere,

135 4879 271 4954 gustinus]
300 4881 371 4937 Nota
395 4885 468 4954 quod
496 4885 611 4956 Spiritus
636 4894 744 4942 sanctus
768 4888 866 4944 dicitur
887 4889 931 4946 hic
980 4887 1025 4942 isti
1046 4895 1192 4958 potuerunt
1216 4887 1319 4943 habere
1340 4895 1485 4960 antequam
1508 4903 1603 4944 nosse.
1624 4888 1778 4944 Beatissimi

135 4969 218 5024 Deus.
248 4969 428 5043 [Ambrosius]
459 4973 525 5028 Cum
554 4973 627 5029 enim
654 4975 836 5046 premiserit,
865 4979 931 5033 estis
980 4982 1070 5030 autem
1086 4983 1148 5030 sunt
1161 4974 1199 5029 illi
1220 4975 1318 5047 quibus
1333 4976 1384 5032 hoc
1407 4985 1449 5032 est
1470 4977 1558 5032 Deum
1583 4977 1684 5032 babere
1704 4977 1776 5048 quod

134 5057 266 5129 templum
280 5057 522 5128 Dei,non'suhdit,
539 5070 566 5117 et
580 5064 654 5118 Deus
673 5064 784 5130 habitat,
800 5065 857 5138 (tt)
881 5067 931 5122 sed
980 5079 1071 5120 nosse.
1103 5063 1263 5119 Christianis
1288 5073 1404 5138 ergoet
1430 5064 1557 5121 fidelibus
1585 5065 1700 5137 loquens
1728 5065 1773 5133 ait,

135 5146 250 5218 Spiritus
265 5147 317 5202 Dei
329 5148 356 5202 in
373 5149 451 5204 vobis
467 5151 576 5219 habitat,
593 5151 620 5206 iu
635 5160 790 5225 quoaperte
813 5154 931 5210 ostendit
980 5151 1111 5224 templum
1125 5153 1175 5207 Dei
1190 5152 1265 5219 estis,
1282 5161 1334 5209 etc.
1352 5152 1534 5227 [Ambrosius]
1554 5154 1612 5210 lloe
1632 5154 1771 5225 praemisit,

135 5235 266 5306 Spiritum
277 5235 329 5293 Dei
343 5253 404 5293 esse
418 5239 516 5294 Deum.
534 5239 640 5314 Ubique
650 5242 728 5298 adest
742 5242 860 5315 Spiritus
872 5259 931 5300 san·
979 5240 1042 5298 ideo
1053 5249 1088 5311 ‘ut
1102 5249 1268 5314 compungat
1290 5242 1352 5298 illos
1367 5242 1414 5316 qui
1434 5243 1548 5314 turpiter
1565 5241 1687 5302 viventes
1710 5259 1774 5301 cor·

170 5413 221 5480 tu)
239 5407 412 5480 Aug.,'contra
422 5415 548 5469 liaximiu·
1013 5415 1067 5483 (tt)
1086 5417 1132 5484 ld,
1144 5415 1293 5474 adbardan.
