3906 6056
119 126 189 181 aaut
448 124 703 184 contantinus
721 125 760 183 ut
777 123 887 182 haist.
908 125 943 181 D.
963 123 1077 182 raum.
1092 155 1128 168 -
1141 116 1179 180 IN
1197 125 1251 182 ΕΡ.
1271 123 1319 182 ab
1338 123 1424 182 nott.
1705 129 1775 186 ibib

120 248 191 304 inest
207 248 303 305 virtus.
320 247 429 318 Quanto
442 249 533 306 minus
548 250 619 307 inest
632 251 729 319 virtus,
745 257 819 306 tanto
833 249 957 324 magisA
974 256 1026 317 tur,
1043 257 1070 305 et
1085 249 1137 306 hoc
1152 249 1233 306 etiarn
1248 250 1360 318 scimus,
1376 253 1441 324 quic
1457 251 1526 309 bora
1540 253 1651 325 estjam
1666 270 1717 310 nos
1738 253 1772 313 dc

121 337 192 392 inest
206 337 309 393 vitium.
326 337 402 409 (³69)
419 339 448 392 lu
463 340 514 396 hac
528 339 684 412 Decalogus
701 339 772 412 legis
786 339 923 411 impletur.
973 353 1070 396 somno
1082 355 1207 410 surpere.
1218 339 1250 393 lit
1259 356 1319 407 nos,
1330 340 1382 397 hoc
1391 339 1703 414 scientes,ainciamus,
1716 348 1770 398 etc.

122 425 278 500 Decalcgus
292 425 364 481 enim
379 425 449 498 legis
463 429 559 484 decem
569 435 702 499 precepta
713 428 803 494 habet,
815 443 876 500 quae
885 427 925 483 sic
973 427 1022 482 Vel
1037 425 1074 482 ita
1088 426 1157 482 sicut
1172 427 1283 498 quidam
1297 427 1360 484 libri
1374 429 1483 497 hahent,
1496 430 1546 486 boc
1556 433 1684 503 tempus:
1695 429 1774 503 quasi

123 522 187 569 sunt
202 514 347 570 distributa
361 523 389 570 ιιι
404 516 455 571 tria
469 517 624 588 pertineant
638 516 674 571 ad
698 517 795 584 Deum,
819 523 924 587 septem
973 515 1046 572 dicat
1059 517 1191 572 :Dilectio
1201 517 1398 588 eripiemitudo
1409 519 1487 590 lepis,
1498 520 1712 576 etaosseientes
1722 518 1772 575 boe

121 603 276 674 pertineant
291 604 326 659 ad
340 604 490 660 hominem.
506 606 556 660 Est
570 604 642 661 enim
657 605 760 660 bellum
780 604 854 676 quod
877 620 924 660 εε-
974 608 1095 677 tempus,
1111 603 1215 660 scilicet
1230 603 1333 678 gratim,
1356 607 1537 677 abjiciamus,
1563 616 1615 664 etc.
1642 607 1773 681 [Ambro-

123 707 186 748 cum
210 692 269 766 agit
290 694 384 760 homo,
409 693 543 750 dimicans
567 701 664 750 contra
688 692 924 766 concupiscentias
974 691 1041 765 sius]
1056 691 1134 762 Quod
1146 691 1288 760 debemus,
1304 693 1443 766 quiajam,
1467 695 1570 751 scilieet
1594 712 1627 750 ex
1652 712 1705 768 quo
1728 695 1773 752 di-

122 781 219 851 malas,
234 788 260 836 et
274 779 386 837 frenans
400 782 552 849 avaritiam,
568 781 672 838 elidens
686 781 851 853 superbiam,
868 779 924 837 sul·
973 780 1118 838 lectionem
1130 780 1285 850 habuimus,
1302 785 1345 838 εει
1354 780 1433 840 nobis
1448 783 1525 848 bora,
1543 783 1570 838 id
1584 791 1625 839 est
1638 792 1773 856 opportu-

124 868 220 926 iocans
241 869 426 939 ambitionem,
454 870 594 927 trucidans
618 870 769 927 libidinem.
794 871 848 926 Has
871 886 924 942 pu·
973 869 1055 936 nitas,
1068 868 1773 944 sedbrevis,surperedescmao,idestdetorpore

123 973 193 1032 gnos
208 957 252 1014 lac
265 958 294 1013 in
307 959 423 1028 occulto,
441 967 467 1015 ει
481 975 536 1015 non
559 959 676 1017 vinceris
699 960 727 1016 in
752 968 857 1031 aperto.
883 960 924 1014 Ad
974 956 1043 1013 bene
1059 956 1188 1029 operandi
1203 964 1230 1013 et
1243 958 1410 1031 negligentia
1425 959 1466 1015 vel
1483 959 1638 1032 ignorantia
1653 977 1713 1033 quas
1725 978 1774 1034 per

124 1046 177 1103 hoc
190 1046 322 1102 docentur
336 1062 434 1103 manus
453 1055 555 1104 nostrae
579 1049 613 1103 ad
636 1047 772 1120 praelium.
797 1049 860 1103 Non
883 1055 925 1103 εει
974 1062 1098 1102 εοιιιιιιιιιι
1113 1044 1284 1119 significatur
1298 1046 1356 1116 hic,
1374 1055 1400 1102 et
1413 1048 1544 1103 debemus
1559 1065 1675 1122 surgere
1690 1066 1772 1106 nunc.

122 1134 175 1191 hoc
189 1135 217 1189 in
231 1134 394 1206 spectaculis
410 1136 508 1192 vestris
526 1145 649 1203 venator,
676 1137 749 1209 quod
773 1136 923 1194 citharista.
974 1136 1054 1191 Nunc
1066 1136 1251 1192 euimmoatra
1265 1137 1352 1202 scius,
1368 1134 1397 1191 id
1419 1143 1460 1191 est
1480 1144 1581 1192 aterna
1605 1153 1666 1209 quaa
1693 1137 1772 1194 nobis

123 1222 204 1279 Aliud
220 1223 277 1295 agit
290 1231 412 1292 venator,
434 1223 509 1280 aliud
532 1224 681 1280 citharista.
711 1227 742 1280 ln
768 1224 924 1296 spectaculo
973 1223 1144 1294 promittitur,
1161 1228 1202 1280 est
1208 1224 1333 1296 propior,
1344 1223 1371 1279 id
1382 1232 1423 1278 est
1440 1223 1527 1296 magis
1537 1224 1628 1280 dehita
1636 1241 1687 1295 per
1700 1225 1773 1282 bona

124 1311 175 1366 Dei
190 1327 273 1366 unum
288 1321 340 1376 cst,
356 1312 445 1386 tangis
460 1311 571 1368 easdem
586 1313 681 1371 decern
697 1314 826 1382 chordas,
843 1321 870 1369 at
883 1313 924 1370 le·
973 1328 1069 1383 opera,
1094 1330 1178 1386 quum
1199 1320 1272 1376 tunc,
1291 1328 1356 1368 cum
1379 1314 1565 1369 tantummodo
1590 1315 1771 1372 credidimus.

124 1415 169 1456 ras
183 1400 298 1456 occidis.
318 1402 468 1473 Utrumque
483 1401 563 1457 simul
578 1401 668 1458 iacis?
691 1402 783 1476 tangis
806 1401 923 1473 primam
972 1400 1147 1456 Manifestum
1161 1401 1235 1456 enim
1260 1409 1301 1456 est
1326 1401 1390 1473 quia
1416 1411 1478 1473 post
1506 1401 1648 1459 lavacrum
1674 1403 1774 1475 aliquis

124 1489 255 1545 chordam
270 1505 322 1560 qua
338 1505 407 1544 unus
422 1489 519 1546 colitur
534 1491 617 1556 Dans,
641 1489 739 1548 cecidit
762 1491 849 1546 hestia
873 1507 922 1545 su·
973 1489 1042 1544 hene
1057 1504 1173 1560 operans
1188 1497 1215 1546 et
1230 1490 1342 1545 studens
1356 1489 1478 1546 charitati
1493 1489 1597 1547 vicinus
1612 1499 1654 1547 est
1664 1499 1774 1548 aeterna

123 1577 300 1647 perstitionis.
317 1577 419 1648 Tangis
441 1579 590 1635 secundam
613 1579 755 1647 chordam,
784 1579 846 1651 quia
867 1594 959 1670 nonB
974 1577 1045 1633 vila.
1063 1578 1136 1633 Bona
1150 1577 1222 1633 enim
1237 1578 1289 1633 vita
1305 1577 1414 1652 signum
1429 1585 1470 1634 εει
1481 1586 1507 1634 ει
1522 1594 1603 1635 causa
1617 1579 1713 1635 salutis
1728 1579 1773 1636 iu-

124 1665 226 1735 accipis
240 1680 339 1721 nomen
354 1666 404 1722 Dei
418 1666 457 1722 tui
471 1666 498 1722 in
515 1683 622 1735 vanum,
640 1667 737 1724 cecidit
749 1667 836 1723 bestia
847 1684 925 1724 erro-
974 1673 1043 1721 turae
1058 1683 1066 1732 3
1084 1666 1236 1736 baptismus
1258 1682 1324 1722 vero
1349 1677 1389 1722 εει
1414 1668 1449 1722 ad
1480 1665 1605 1734 veniam;
1622 1667 1677 1724 vita
1701 1668 1773 1724 hona

123 1753 162 1808 ris
177 1761 204 1809 et
218 1753 399 1810 nefandarum
414 1756 560 1812 haeresum.
584 1756 686 1828 Tangis
707 1757 811 1812 tertiam
838 1758 923 1812 chor·
975 1753 1056 1810 etiam
1071 1754 1105 1810 ad
1120 1770 1259 1810 coronam.
1277 1753 1348 1823 Quia
1362 1771 1430 1828 ergo
1446 1756 1614 1812 credidimus
1626 1765 1653 1812 et
1667 1757 1772 1830 operati

123 1842 198 1908 dam,
213 1843 260 1897 ubi
274 1857 323 1914 pro
338 1859 387 1915 spe
403 1843 500 1900 luturae
515 1843 615 1916 quietis
638 1843 706 1902 lacis
730 1845 862 1917 quidquid
882 1845 923 1900 ln·
974 1860 1077 1908 snmus,
1113 1843 1216 1914 turpius
1249 1850 1290 1898 eat
1321 1843 1374 1898 nisi
1407 1860 1563 1918 surgamus.
1599 1845 1665 1912 Vel,
1701 1863 1773 1904 nunc

123 1929 173 1998 cis,
190 1929 347 1987 interficitur
359 1932 499 1989 crudelior
512 1932 619 1990 caeteris
634 1932 728 1989 bestiis
739 1949 816 1989 arnor
830 1933 924 1989 saculi
967 1939 1031 1998 est,
1065 1931 1166 1988 seilicet
1196 1932 1249 1988 hoc
1273 1940 1415 2002 tempore,
1439 1933 1549 2005 propior
1572 1942 1665 1990 nostra
1687 1935 1772 2004 salus,

124 2019 215 2088 hujus.
231 2019 347 2091 Propter
361 2036 484 2076 amorem
504 2021 584 2090 hujus
607 2021 699 2079 saeculi
722 2021 846 2078 laborant
870 2023 922 2078 ho·
974 2037 1055 2092 quam
1070 2019 1243 2088 credidimus,
1274 2021 1337 2093 quia
1368 2021 1430 2093 plus
1462 2022 1541 2078 morti
1573 2023 1690 2095 proximi
1725 2041 1773 2080 su-

123 2107 253 2163 minesin
277 2109 404 2164 omnibus
427 2109 556 2182 negotiis,
581 2117 608 2165 tu
632 2119 720 2165 autem
744 2110 772 2165 in
795 2110 923 2166 omnibus
972 2123 1044 2164 mus.

123 2196 253 2266 operibns
267 2196 321 2252 tuis
336 2197 442 2264 labora,
467 2213 521 2254 non
546 2201 657 2270 propter
670 2214 794 2254 amorem
818 2199 919 2268 saeculi,
1009 2199 1235 2271 Noaproecessii,
1253 2205 1304 2255 etc.
1321 2197 1440 2274 [licimo]
1464 2200 1531 2255 item
1554 2200 1599 2258 hic
1624 2202 1775 2258 ostenditur

123 2283 173 2340 sed
197 2301 248 2356 pro
281 2285 447 2357 sempiterna
470 2287 565 2359 requie
584 2302 665 2358 quarn
691 2287 822 2358 promittit
836 2289 920 2344 Deus.
974 2302 1024 2343 cur
1039 2303 1153 2358 surgere
1167 2287 1277 2356 debent,
1295 2287 1372 2359 quasi
1393 2288 1558 2344 dicat:1dco
1572 2290 1654 2345 etiam
1668 2291 1774 2347 debetis

124 2370 355 2446 Homoiupctrem
375 2379 458 2432 tuum
475 2381 503 2431 et
521 2380 643 2433 matrem
651 2377 838 2448 tuam,tongis
846 2391 924 2448 quar·
974 2391 1100 2450 surgere,
1118 2375 1259 2448 quianon
1284 2375 1452 2432 infidelitatis
1473 2385 1500 2432 et
1521 2377 1684 2450 ignorantia
1704 2395 1773 2451 praa·

124 2471 181 2516 tam
204 2463 344 2530 chordam,
370 2472 399 2519 ut
423 2463 554 2520 honorem
583 2464 739 2536 parentibus
764 2465 879 2529 deferas,
897 2473 923 2521 et
974 2465 1066 2532 cessit,
1082 2464 1166 2520 idest
1181 2463 1238 2530 luit,
1255 2465 1304 2519 sed
1319 2463 1401 2520 modo
1416 2480 1471 2519 non
1486 2472 1537 2534 est,
1552 2467 1630 2535 cujus
1644 2467 1774 2524 memoria

124 2550 223 2607 cecidit
236 2551 324 2608 bestia
350 2551 507 2624 impietatis.
533 2554 593 2611 lion
615 2554 807 2620 mechaberis,
832 2554 923 2626 tangis
973 2560 1075 2619 monet,
1096 2559 1125 2608 ut
1140 2551 1269 2609 caveatis.
1285 2553 1466 2620 Disiectam,
1482 2553 1510 2609 id
1525 2563 1564 2610 est
1579 2556 1776 2612 atemabeati·

126 2639 246 2711 quintam
262 2641 402 2707 chordam,
418 2641 518 2698 cecidit
533 2641 619 2698 bestia
632 2642 761 2698 lihidinis.
779 2644 923 2700 Nouccei-
974 2641 1039 2697 tudo
1067 2642 1312 2715 appropinquarit,
1347 2641 1412 2696 dum
1436 2651 1546 2713 peccata
1561 2651 1624 2698 sunt
1648 2645 1772 2714 remissa,

125 2728 185 2796 det,
201 2728 293 2802 tangis
307 2735 411 2785 sextam
425 2730 563 2801 chordam,
577 2730 675 2788 cecidit
691 2731 778 2787 bestia
801 2731 922 2787 crudeli·
974 2730 1037 2784 dum
1050 2729 1117 2799 justi
1130 2729 1196 2786 estis
1206 2746 1257 2800 per
1266 2729 1392 2803 gratiam.
1405 2730 1455 2786 Vel
1468 2730 1515 2801 ita,
1525 2732 1631 2788 debetis
1647 2750 1771 2806 surgere,

124 2817 196 2872 tatis.
211 2818 273 2874 Non
287 2821 400 2890 furtum
410 2820 507 2890 socies,
520 2819 610 2890 tangis
621 2819 764 2891 septimam
779 2820 922 2891 chordam,
975 2818 1104 2891 quianon
1118 2819 1269 2890 precessit,
1285 2818 1314 2874 id
1329 2827 1370 2875 est
1387 2827 1465 2876 vetus
1478 2820 1560 2877 homo
1576 2821 1622 2894 qui
1642 2821 1670 2877 in
1686 2823 1774 2896 bapti-

124 2912 150 2961 ει
164 2905 260 2962 cecidit
271 2906 356 2962 bestia
366 2907 530 2979 rapacitatis.
540 2908 715 2978 Nousuisum
727 2909 922 2964 testimonium
974 2921 1034 2961 snio
1048 2907 1186 2977 praeteriit,
1201 2907 1304 2963 scilicet
1320 2907 1407 2963 lomes
1421 2908 1536 2980 peccati.
1553 2910 1617 2966 Dies
1631 2920 1720 2968 autern
1731 2928 1777 2984 ap·

125 2993 209 3062 dices,
235 2994 324 3067 ungis
349 3003 472 3052 octavam
495 2996 639 3066 chordam,
662 3003 690 3052 ει
713 2995 812 3053 cecidit
838 2964 959 3052 hestia0
973 2991 1182 3066 propinquavit,'
1203 2995 1306 3050 scilicet
1337 2995 1379 3050 sol
1406 2996 1517 3065 justitiae
1540 2997 1673 3066 Christus,
1696 3000 1773 3069 cujus

124 3081 256 3138 falsitatis.
269 3084 329 3139 lion
343 3085 787 3156 concupiscesuaorcmprcaimi
798 3087 851 3154 tui,
868 3093 924 3141 tan·
973 3082 1033 3139 lnce
1056 3081 1197 3138 veritatem
1221 3082 1383 3151 didicerunt,
1403 3091 1433 3139 ut
1449 3084 1535 3140 sciant
1550 3085 1616 3157 quid
1636 3087 1773 3160 egendum

124 3171 168 3243 gis
182 3187 281 3227 nonam
295 3171 436 3240 chordam,
453 3181 480 3229 et
493 3172 591 3230 cecidit
606 3172 693 3229 hestia
706 3173 923 3230 adulterinaeco-
974 3171 1018 3226 sit.
1035 3169 1114 3226 Prius
1137 3169 1210 3226 enim
1245 3170 1402 3242 ignorantes
1425 3171 1562 3230 Christum
1599 3174 1627 3230 in
1652 3177 1773 3233 tenebris

125 3259 276 3332 gitationis.
291 3260 373 3316 Aliud
395 3269 437 3316 cst
460 3261 532 3317 enim
555 3261 723 3318 nonfacere
748 3261 925 3334 aliquidtale
974 3267 1062 3315 erant.
1078 3261 1112 3314 ht
1127 3259 1173 3314 uhi
1187 3259 1306 3315 lunorta
1320 3267 1371 3328 est,
1387 3260 1553 3317 transierunt
1566 3261 1662 3320 alalso
1676 3264 1710 3320 ad
1725 3283 1772 3323 ve·
1862 3332 1867 3345 .

123 3355 238 3419 propter
251 3363 363 3406 uxorem
379 3349 528 3420 propriam,
543 3348 619 3405 alind
637 3365 693 3406 non
715 3357 846 3422 appetere
860 3350 923 3406 alie·
974 3365 1044 3404 rum.
1061 3350 1143 3420 Erpa,
1153 3347 1255 3405 scilicet
1272 3356 1385 3421 propter
1399 3349 1557 3406 intersertas
1572 3367 1678 3420 causas,
1697 3353 1771 3426 ebji·
1789 3417 1795 3428 ,

124 3451 190 3492 narn
205 3453 327 3493 uxorem.
348 3438 413 3494 ldeo
426 3437 480 3494 duo
494 3446 794 3510 praceptasuntmoa
803 3438 925 3496 moecbc-
973 3439 1084 3494 cicmus
1097 3453 1182 3508 opero
1194 3438 1386 3504 tenebrarum,
1402 3438 1431 3495 id
1444 3447 1486 3494 est
1504 3455 1585 3511 opera
1608 3441 1679 3498 mala
1709 3460 1771 3516 quae

125 3525 210 3593 beris,
224 3529 508 3598 etncaconcupiacea
518 3543 639 3584 uacrem
646 3528 775 3601 proniani
786 3528 838 3584 tui.
864 3529 924 3586 Noa
974 3541 1007 3580 ειι
1022 3525 1142 3582 tenebris
1157 3526 1318 3600 ignorantiae
1332 3536 1474 3595 venerunt,
1502 3528 1546 3585 vel
1570 3546 1631 3603 quaa
1644 3533 1772 3589 tenebras

110 3613 305 3687 'concupisces
315 3631 375 3671 rem
383 3616 510 3689 proximi
526 3617 580 3685 tui,
597 3615 687 3688 tangis
696 3616 831 3674 decimam
841 3616 924 3672 chor·
974 3622 1076 3680 amant,
1094 3622 1121 3670 ει
1134 3614 1169 3669 ad
1184 3615 1314 3670 tenebras
1328 3615 1439 3672 ducunt.
1460 3617 1495 3672 Et
1520 3617 1686 3687 induamur,
1711 3627 1773 3676 tan-

125 3703 199 3766 dem,
234 3711 261 3758 ει
294 3703 392 3760 cecidit
411 3704 496 3760 hestia
517 3703 679 3776 cupiditatis.
705 3706 742 3759 ita
765 3704 925 3762 cadentibus
974 3718 1055 3775 quam
1070 3712 1363 3770 ornamentum,crmc
1378 3705 1459 3770 lucis,
1475 3705 1502 3760 id
1517 3713 1558 3760 est
1572 3707 1684 3762 virtutes
1713 3726 1774 3780 qua

124 3793 251 3848 omnibus
264 3792 368 3860 bestiis,
384 3808 509 3859 securus,
525 3800 552 3849 et
573 3792 704 3850 innocens
728 3792 756 3847 in
784 3793 834 3849 Dei
857 3793 925 3850 dila·
975 3798 1037 3846 sunt
1051 3807 1137 3859 arma,
1155 3808 1216 3864 quae
1234 3791 1318 3864 exigit
1337 3791 1392 3860 lux,
1406 3791 1488 3848 idest
1502 3791 1588 3861 lides;
1605 3803 1640 3862 et,
1653 3797 1772 3868 acceptis

124 3880 214 3937 ctione
230 3889 256 3937 et
270 3881 389 3937 humana
404 3881 534 3940 societate
550 3882 682 3938 versaris.
974 3879 1129 3946 virtutibus,
1145 3881 1321 3937 ambulemus
1329 3881 1455 3948 benetie,
1466 3881 1494 3936 id
1509 3889 1550 3937 est
1563 3881 1591 3937 in
1606 3891 1668 3939 actu
1678 3900 1771 3941 aarum

164 3970 247 4026 Vens.
265 3971 309 4026 li.
334 3999 370 4012 --
395 3993 406 4020 a
431 3971 465 4025 Et
491 3971 544 4027 hoc
572 3970 690 4028 scientes
715 3977 831 4043 tempus,
860 3971 924 4043 quia
974 3970 1235 4026 exerceamursicut
1250 3969 1427 4025 dccetindie
1441 3969 1513 4026 ndei.
1531 3970 1598 4041 Qua
1612 3979 1771 4030 autemsunt

127 4059 225 4114 «hora
239 4059 348 4128 estjam
361 4073 412 4116 nos
430 4059 465 4114 de
489 4075 585 4116 somno
607 4075 730 4133 surgere,
755 4076 827 4116 nunc
851 4059 925 4115 anim
974 4072 1058 4128 opera
1070 4058 1245 4114 tenebrarum
1264 4058 1391 4125 ostendit,
1413 4059 1551 4115 subdens:
1566 4060 1627 4118 Non
1643 4061 1675 4118 ira
1694 4078 1772 4120 ccm-

127 4146 266 4219 «propior
287 4155 329 4203 εει
348 4155 441 4204 nostra
456 4147 539 4218 salus,
555 4164 638 4220 quam
658 4164 721 4206 cum
745 4147 922 4204 credidimus.
973 4147 1200 4206 messcamibur.
1215 4145 1332 4219 [licimo]
1356 4145 1441 4216 Quasi
1471 4147 1543 4205 dicat
1569 4148 1772 4208 :ambulemus

127 4256 139 4288 ι
156 4237 216 4292 Νοιι
229 4236 380 4307 precessit,
396 4236 456 4292 dies
470 4245 561 4293 autem
583 4237 820 4310 appropinquavit.
844 4237 923 4307 dhji-
974 4233 1098 4302 honeste,
1118 4235 1167 4291 sad
1181 4250 1235 4291 non
1248 4235 1277 4289 in
1290 4235 1343 4302 his,
1360 4235 1463 4294 scilicet
1484 4251 1540 4294 non
1566 4240 1773 4298 commessatio·

127 4325 268 4382 aciamus
301 4341 367 4398 ergo
398 4341 482 4399 opera
515 4326 699 4395 tenebrarum,
731 4335 758 4382 ει
779 4326 924 4382 induamur
938 4322 1063 4390 Dnibns,
1079 4321 1107 4379 id
1122 4331 1163 4380 εει
1176 4323 1322 4380 luxuriosis
1335 4324 1477 4393 conviviis,
1495 4342 1555 4400 quae
1569 4335 1615 4382 aut
1628 4328 1774 4387 collatione

127 4435 139 4467 ι
155 4429 231 4470 arma
245 4414 325 4482 lucis,
341 4415 411 4471 sicut
424 4415 452 4470 in
465 4414 510 4470 die
524 4415 637 4472 honeste
664 4415 844 4484 ambulemus,
869 4432 925 4472 non
976 4411 1098 4467 omniurn
1111 4413 1296 4480 celebrantur,
1312 4413 1475 4470 nutricibus
1490 4414 1578 4471 solent
1592 4432 1608 4471 a
1622 4417 1771 4473 contuber-

128 4523 140 4553 ι
156 4501 184 4558 in
199 4502 473 4560 commessationibus
488 4510 515 4559 et
536 4501 722 4572 ebrietatibus,
745 4519 800 4560 non
826 4504 854 4560 in
878 4521 924 4561 cu·
975 4500 1083 4556 nalibus
1097 4501 1227 4558 exhiheri.
1239 4505 1275 4558 lit
1288 4501 1480 4572 ebrietatibus,
1492 4502 1571 4560 idest
1585 4504 1772 4562 immoderatis

127 4590 256 4648 ubilihus
286 4599 313 4648 et
350 4592 548 4664 impudicitiis,
572 4608 628 4649 non
651 4593 680 4647 in
703 4593 875 4651 contentione
898 4602 924 4650 et
974 4589 1166 4662 potationibus.
1184 4589 1267 4646 Briau
1280 4591 1353 4646 enirn
1366 4606 1467 4663 genere
1489 4593 1639 4666 masculino
1658 4594 1775 4652 dicimus

21 4683 27 4690 '
127 4680 350 4750 «emulatione,
385 4681 434 4737 aad
466 4680 611 4737 induimini
643 4681 790 4738 Dominum
830 4683 924 4739 iesum
975 4678 1089 4736 calicem
1102 4688 1194 4752 aptum
1220 4679 1362 4750 potationi,
1392 4695 1409 4736 a
1436 4698 1491 4753 qno
1519 4681 1617 4739 dicitur
1643 4683 1772 4754 ebrietas,

127 4789 139 4820 ι
157 4769 304 4836 Christum,
321 4776 348 4825 ει
363 4770 452 4827 carnis
473 4785 568 4827 curam
592 4786 627 4842 ne
650 4769 772 4828 feceritis
794 4771 823 4826 in
846 4771 924 4829 desi·
975 4783 1036 4839 quae
1050 4775 1092 4824 est
1106 4768 1189 4824 nimia
1202 4767 1304 4841 potatio
1319 4767 1384 4825 vini.
1399 4770 1460 4827 Non
1478 4772 1511 4828 ia
1525 4773 1671 4844 cubilibus,
1690 4773 1718 4828 id
1732 4781 1775 4830 cst

128 4880 139 4907 a
156 4856 251 4915 dariis.
271 4881 283 4906 s
973 4856 1002 4912 in
1015 4855 1123 4930 pigritia
1137 4855 1340 4924 dormientium,
1355 4862 1385 4914 et
1399 4859 1596 4932 impudicitiis,
1625 4861 1652 4917 id
1681 4870 1723 4918 est
1745 4863 1774 4918 in

160 4947 398 5006 Etbocscieatcs.
417 4946 476 5004 Alia
497 4947 696 5004 commendatio
719 4945 857 5006 charitatis
881 4957 924 5006 est
974 4945 1079 5001 luxuria
1093 4961 1153 5017 quaa
1166 4945 1194 5001 in
1218 4946 1279 5002 cibo
1302 4953 1327 5002 et
1348 4955 1414 5019 potu
1438 4947 1522 5005 nimio
1543 4949 1630 5007 venit.
1647 4950 1682 5006 Et
1709 4950 1772 5008 ideo

124 5035 178 5092 hic.
204 5035 361 5109 Supradixit
385 5035 458 5109 quod
480 5036 581 5092 malum
610 5051 666 5094 non
687 5035 759 5093 lacit.
785 5037 835 5093 Hic
858 5037 924 5094 dicit
974 5039 1036 5104 post
1048 5034 1302 5092 commessationem
1317 5044 1345 5094 et
1359 5036 1519 5094 ebrietatem
1537 5039 1636 5109 posuit,
1661 5055 1719 5096 con
1742 5040 1775 5096 ira

125 5124 198 5198 quod
220 5124 303 5182 etiam
325 5125 553 5198 opportunitatem
575 5132 650 5197 parat
679 5125 750 5181 bena
778 5126 921 5198 operandi.
974 5123 1157 5180 commaticus
1171 5125 1401 5194 etaemaioticae,
1417 5125 1598 5198 ambulemus,
1614 5127 1685 5185 sicut
1698 5127 1774 5185 sole-

124 5213 211 5285 Quasi
225 5213 298 5272 dicat
312 5232 320 5271 ι
334 5214 441 5273 Scimus
451 5213 516 5287 quia
524 5213 634 5272 dilectio
648 5213 752 5270 malurn
761 5229 925 5288 nonopera-
974 5208 1041 5266 bant
1055 5209 1147 5269 iacere
1163 5228 1193 5270 se
1207 5213 1324 5273 invicem
1347 5213 1529 5286 praeferendo,
1554 5215 1583 5272 in
1604 5230 1658 5289 quo
1682 5215 1773 5274 minor

160 5387 231 5458 (³69)
249 5391 406 5456 namatium,
420 5389 445 5441 ln
456 5401 530 5442 serm
543 5387 574 5442 de
584 5400 602 5442 a
613 5388 723 5442 chordis.
