3946 6070
110 157 183 214 root
526 155 807 212 COMMENTdeUlll
828 153 865 209 IN
889 151 1353 212 asabaos.-PsaL.uxv111.
1694 157 1763 212 idib

110 281 241 336 voluntas
254 295 317 335 mea
330 287 381 336 εει.
397 279 505 344 (laeteri,
529 281 729 336 oblectationes
743 295 813 333 marc
826 283 912 344 runt,
929 282 956 338 A
966 279 1089 335 cundum
1105 278 1218 334 verbum
1235 283 1326 345 taam,
1355 277 1503 349 [Cassiod.,
1519 278 1602 350 Aug]
1617 277 1646 333 id
1661 285 1701 332 est
1716 293 1767 349 per

7 369 8 380 ¹
112 369 158 424 rel
182 367 269 423 simile
301 367 376 439 quid,
401 383 462 422 cum
488 383 572 439 parvo
599 366 738 437 impendio
769 365 919 422 concilian-
970 367 1114 436 Cbristum,
1141 367 1187 438 qui
1208 374 1249 421 εει
1272 366 1391 420 Verbum
1413 367 1509 420 Patris.
1535 367 1601 434 Vel,
1619 366 1767 421 secundum

111 465 167 512 tur.
184 457 253 510 Nam
269 473 330 528 quae
344 455 454 526 placent
480 464 508 510 et
531 455 666 512 delectant
701 454 803 527 jugiter
830 453 919 508 medi·
970 455 1081 509 verbum
1093 463 1178 523 tuum,
1194 454 1222 509 id
1237 462 1279 508 est
1293 454 1440 510 secundum
1455 454 1664 524 promissionem
1680 461 1764 520 tuam,

114 554 215 611 tamur,
233 552 259 599 et
277 545 306 597 in
328 544 371 598 bis
395 552 435 598 est
461 543 619 599 exercitium
648 543 807 599 continuum
831 541 919 598 nostri
969 551 998 597 ut
1013 543 1063 597 sim
1079 543 1149 597 tilius
1164 542 1361 614 promissionis,
1378 558 1431 597 non
1447 541 1516 596 filius
1533 542 1667 597 elationis.
1685 541 1765 610 Quod

114 633 210 688 studii,
969 646 1024 686 non
1043 640 1206 703 arroganter
1228 632 1304 702 petit,
1328 631 1389 702 quia
1410 631 1482 702 quod
1506 647 1555 700 per
1579 647 1609 685 se
1633 639 1698 698 erat,
1724 631 1768 687 hic

153 721 308 778 Concilium
319 737 415 776 meam
422 721 643 792 justificationes
655 719 917 789 turallieronymus,
969 719 1122 789 conticetur,
1138 720 1233 775 dicens
1250 737 1256 772 :

114 793 198 864 quasi
215 793 269 850 oiri
288 791 544 858 arnicissimimei‚·
565 791 712 855 Protensis,
732 791 787 844 viri
805 790 920 844 consilii
1308 835 1324 864 ,.
1556 833 1562 844 .
1600 833 1605 844 .

115 863 182 918 mei.
196 861 374 916 ltaetoaeteri.
387 860 837 930 Verumlocutioillametnpborica
848 867 916 926 erat,
1004 836 1088 935 ωδ·
1105 841 1121 893 2
1137 838 1203 906 (26).
1216 866 1250 875 “
1267 857 1277 886 a
1295 837 1358 934 iffi}
1372 851 1448 934 meis
1471 842 1618 900 enumffivb
1644 841 1670 888 Εἰ
1685 849 1768 888 ‘³¹³⁰'

115 949 206 1003 eoque
219 932 295 986 LXX
309 941 418 1003 tropum
441 932 534 986 dextre
555 930 752 1002 explicuerunt.
780 931 918 1001 Siquidem
971 947 981 973 ι
1000 925 1063 980 distr
1077 941 1131 990 me,
1148 925 1216 980 doce
1231 940 1274 978 me
1292 923 1498 992 justificationes
1514 931 1583 977 tuas.
1602 947 1613 969 ·›

116 1003 350 1074 quemadmodum
365 1005 447 1057 bomo
472 1003 643 1074 agendorum
670 1003 781 1072 ignarus
803 1001 846 1056 vel
865 1001 918 1054 du·
1010 1032 1069 1088 pm,
1083 1047 1170 1088 mm
1187 1029 1279 1104 laag,
1296 1029 1405 1101 Amba]
1420 1028 1506 1097 Quasi
1521 1029 1594 1086 dic„
1612 1046 1618 1082 ,
1636 1027 1768 1095 Vivifica;

116 1075 189 1142 biuS,
206 1074 319 1130 consilio
335 1073 574 1153 indigetuirorum
595 1081 620 1128 et
642 1073 749 1153 piomm
765 1079 790 1128 at
814 1072 918 1140 perito·
1235 1119 1240 1132 ‚
1433 1147 1434 1152 ἵ
1473 1120 1479 1131 ,
1519 1119 1525 1131 ,
1557 1117 1562 1128 ,

116 1161 190 1209 rum,
207 1160 260 1216 quo
275 1153 371 1216 rogato
386 1161 413 1198 in
423 1159 493 1198 riam
507 1152 609 1198 rectam
627 1144 746 1216 dirigam
769 1149 917 1206 errantem,
969 1126 995 1174 ⁰¹
1007 1119 1102 1174 debes·
1118 1120 1197 1184 N³¹¹¹v
1214 1135 1273 1174 ἠαδ
1288 1135 1365 1174 meai
1375 1121 1534 1186 ‘mumulini
1555 1117 1584 1171 ld
1599 1125 1640 1172 0⁸²
1658 1125 1771 1188 peccata

116 1215 157 1270 sic
172 1230 232 1280 nos,
248 1231 297 1284 per
322 1231 372 1269 nos
396 1214 491 1278 nescii,
512 1214 675 1284 inquirimus
699 1229 759 1283 quae
785 1220 846 1266 sunt
869 1212 919 1266 Dei
968 1223 1029 1262 mea
1040 1206 1181 1264 consessus
1196 1223 1266 1262 sum.
1282 1209 1317 1262 Et
1328 1203 1476 1262 exaudisti
1492 1221 1537 1260 rrae
1554 1204 1714 1260 dimittendo
1726 1221 1767 1260 ea.

113 1285 237 1355 insistite,
261 1293 290 1339 ul
317 1285 360 1365 in,
375 1300 440 1338 leid
458 1283 590 1365 ,aeqqitate
612 1283 795 1364 perducimur
816 1282 850 1363 fid,
872 1298 918 1336 ΓΘ·
969 1296 1104 1352 Doccmc,
1124 1293 1210 1364 Quasi
1225 1294 1297 1350 dicat
1314 1312 1321 1347 :
1339 1293 1470 1348 Delevisti
1484 1293 1541 1348 vias
1556 1307 1643 1364 meas,
1663 1300 1689 1348 et
1702 1293 1771 1350 doce

116 1372 203 1429 gnum
218 1371 272 1428 quo
287 1356 425 1410 tendimus
439 1355 581 1409 virtutibus
600 1362 637 1436 ἐι·
652 1361 763 1434 sancus¹
776 1353 915 1423 operibus,
969 1391 1038 1438 mas·
1050 1385 1084 1438 E,
1098 1384 1151 1440 ho,
1166 1390 1205 1438 es,
1232 1383 1300 1438 do„
1323 1399 1366 1438 me
1382 1382 1602 1453 jammam„
1620 1385 1694 1448 ,m
1718 1381 1771 1436 ho,

117 1443 179 1506 ΨΒ
201 1426 360 1496 regulamus
381 1425 530 1480 secundum
556 1427 607 1480 Del
628 1423 844 1493 Juwficauones’
868 1440 919 1479 ceu
969 1471 1033 1526 dicit
1058 1470 1152 1526 volens
1178 1425 1322 1542 prolicere,
1342 1471 1388 1542 qui
1414 1470 1469 1539 jam
1492 1469 1591 1524 inillis
1616 1475 1768 1524 exercetur.

118 1512 195 1552 viros
223 1497 326 1554 amicos
354 1504 380 1552 et
408 1496 474 1550 boni
495 1495 611 1552 consilii.
628 1505 702 1559 tnta
718 1507 795 1556 turia
811 1509 919 1550 tuscus

117 1580 246 1622 arzarur.
970 1559 1085 1616 abistis
1100 1575 1168 1632 ergo
1190 1560 1225 1615 ad
1239 1558 1305 1614 alias
1328 1557 1505 1630 proficiend0,
1531 1558 1604 1614 velut
1621 1558 1771 1614 crescendo

447 1649 597 1698 ἹῦΛῐΕΤΗ-
934 1629 1107 1703 13desiderat
1119 1647 1271 1718 pervenire,
1291 1655 1319 1702 ut
1333 1647 1392 1702 illas
1414 1654 1487 1720 agat,
1512 1662 1567 1702 non
1585 1647 1667 1702 modo
1692 1646 1769 1702 sciat.

155 1745 278 1800 ddbrcrit
288 1747 451 1817 pavimento
466 1745 564 1800 aalma
584 1760 655 1799 meo.
673 1742 819 1816 teissim,
837 1741 920 1815 bug]
971 1737 1041 1792 Vere
1057 1737 1158 1808 quippe
1173 1736 1251 1792 novit
1267 1735 1473 1806 justificationes
1490 1735 1536 1806 qui
1552 1751 1598 1790 eas
1612 1735 1684 1806 lecit,
1705 1734 1774 1790 sicut

119 1835 149 1887 ln
165 1833 218 1889 bac
238 1839 332 1906 quarta
356 1833 445 1889 littera
466 1832 530 1888 dicit
550 1849 579 1887 se
603 1830 736 1904 corporali
758 1830 921 1886 necessitate
970 1833 1079 1882 econtra
1102 1825 1135 1880 de
1160 1824 1276 1880 Domino
1300 1824 1421 1880 dicitur:
1447 1825 1506 1880 Nora
1529 1826 1608 1882 nord
1637 1825 1773 1880 Domina-r

119 1939 181 1976 esse
197 1921 384 1991 constrictum,
402 1921 439 1975 ita
454 1928 481 1978 ut
496 1921 594 1976 taedeat
609 1936 671 1975 eum
686 1935 778 1984 orare,
794 1919 837 1974 vel
848 1935 920 1990 ope·
968 1918 1117 1986 peccatum
1133 1915 1170 1983 (ll
1184 1914 1243 1970 Cor.
1257 1915 1296 1983 v),
1312 1912 1395 1970 idest
1410 1928 1464 1967 non
1479 1911 1551 1967 lecit.
1568 1912 1627 1978 Vel,
1644 1912 1713 1968 doce
1728 1927 1772 1968 me

118 2010 183 2064 rari.
200 2011 311 2080 Corpus
319 2009 391 2064 enim
407 2009 479 2080 quod
496 2009 686 2079 corrumpitur,
713 2015 846 2080 aggravat
860 2008 920 2061 ani·
967 2001 1175 2071 justificationes
1190 2009 1258 2066 tuas,
1276 2001 1357 2056 idest
1372 2000 1522 2056 secundum
1547 2000 1715 2072 spiritualem
1727 2000 1772 2054 in-

117 2113 203 2163 mam,
220 2105 246 2151 et
261 2104 367 2152 terrena
382 2097 542 2152 inhabitatio
556 2096 684 2166 deprimit
702 2113 814 2152 sensum
837 2096 921 2149 multa
971 2090 1112 2146 tellectum
1127 2089 1287 2162 figurativas
1301 2089 1489 2145 observantias
1506 2088 1549 2144 lac
1562 2089 1718 2144 advertere.
1739 2089 1773 2142 Et

117 2186 285 2257 cogitantem
311 2186 390 2257 (Sap.
416 2187 470 2254 rx).
491 2183 642 2257 [Cassiod.,
659 2183 778 2255 dicuin]
794 2183 847 2238 Sed
862 2183 922 2239 sola
971 2185 1036 2232 nota
1052 2177 1114 2248 quia
1129 2176 1244 2248 pulchro
1260 2176 1357 2232 ordine
1371 2177 1405 2231 ad
1417 2176 1624 2245 justificationes
1640 2176 1690 2232 Dei
1706 2192 1772 2246 per·

119 2275 169 2329 Dei
185 2274 285 2344 pietate
300 2290 330 2328 se
351 2272 511 2329 salvandum
525 2272 599 2341 dicit,
621 2281 647 2326 et
661 2273 726 2344 quia
753 2272 781 2325 in
795 2272 846 2326 bac
870 2288 920 2326 ne·
970 2265 1140 2320 veniendum
1153 2273 1237 2334 putat,
1256 2272 1285 2318 ut
1299 2265 1418 2335 primum
1437 2271 1549 2334 peccata
1571 2281 1619 2318 sua
1642 2264 1770 2319 fateatur,

118 2362 247 2418 cessitate
262 2361 376 2432 positus,
393 2375 507 2431 semper
516 2361 593 2415 timet
607 2361 702 2426 relabi,
719 2359 781 2414 ideo
801 2375 921 2430 congme
971 2355 1010 2408 lta
1026 2353 1096 2408 enim
1111 2361 1137 2408 et
1153 2353 1217 2408 alibi
1233 2353 1332 2408 dicitur
1347 2353 1414 2408 :llic
1423 2353 1591 2425 iniquitates
1607 2357 1672 2408 tuae
1684 2355 1772 2424 atju-

119 2451 184 2505 buic
199 2450 339 2506 octonario
361 2449 536 2520 premittitur
557 2449 648 2503 littera
668 2449 767 2504 datotlr
791 2465 853 2520 quae
877 2448 921 2501 in·
972 2443 1102 2512 adficeris
1118 2443 1183 2510 (lca.
1201 2441 1289 2510 rain).
1307 2443 1341 2496 ut
1359 2439 1424 2496 alibi
1440 2458 1446 2494 :
1462 2443 1560 2496 turtur
1584 2443 1615 2496 ira
1628 2441 1771 2514 principio

120 2546 284 2609 terpretatur
299 2540 393 2594 timor.
411 2538 461 2593 llic
475 2537 547 2592 enim
565 2538 679 2593 docetur
694 2536 767 2608 quod
791 2535 834 2590 lex
858 2531 922 2592 fidei
970 2532 1109 2586 sermonis
1131 2534 1280 2587 occmutor
1303 2535 1347 2586 ert
1363 2531 1409 2586 sui
1428 2531 1519 2600 (Prov.
1537 2536 1629 2598 artu).
1654 2530 1683 2584 Si
1698 2529 1770 2585 enim

118 2627 260 2682 timentem
275 2627 361 2682 relabi
375 2625 525 2693 confortat;
553 2633 579 2680 et
594 2626 628 2680 ad
653 2625 743 2681 omnia
764 2625 789 2680 ei
813 2623 920 2680 sufficit.
971 2619 1141 2676 accusaverit
1172 2635 1202 2673 se
1236 2615 1348 2689 jusms',
1373 2633 1470 2674 vocem
1508 2617 1596 2689 parati
1628 2626 1772 2674 accusato·

120 2717 315 2786 Interpretatur
330 2713 412 2770 etiam
427 2716 528 2782 daleth,
543 2730 597 2770 non
621 2721 724 2770 tantum
750 2715 844 2782 timor,
873 2714 922 2767 sed
971 2709 1008 2762 ris
1037 2707 1166 2773 excludit,
1196 2707 1244 2778 qui
1264 2708 1333 2763 solat
1355 2723 1484 2764 accusare
1512 2714 1635 2778 peccata,
1668 2715 1695 2763 et
1721 2721 1772 2763 cu·

120 2805 203 2859 etiam
217 2805 375 2870 narraras,
391 2804 464 2874 quod
475 2804 545 2859 bene
555 2803 691 2858 convenit.
707 2802 839 2857 Nativitas
850 2804 921 2858 enirn
969 2795 1069 2868 jusque
1107 2811 1278 2870 exaggerare
1306 2797 1458 2867 supplicia;
1489 2796 1607 2853 obstruit
1634 2810 1666 2851 os
1692 2796 1770 2865 ejus,

119 2892 282 2962 intelligitur
295 2893 349 2960 bic,
367 2907 421 2947 non
438 2891 587 2963 spiritualis
603 2892 651 2946 sed
675 2891 845 2962 temporalis,
862 2909 922 2962 quae
972 2884 1018 2956 qui
1038 2885 1097 2955 ipse
1120 2893 1155 2940 de
1175 2901 1204 2940 se
1228 2885 1310 2941 fuerit
1328 2883 1479 2940 consessus·
1507 2883 1677 2941 Verecundia
1701 2884 1774 2940 anim

120 2981 225 3037 scilicet
236 2989 277 3036 est
293 2996 460 3051 eorumquae
475 2979 503 3035 in
514 2981 792 3053 saeculogenerantur
806 2977 922 3051 [amhn]
938 2982 1084 3042 cercusat
1113 2989 1199 3039 reum,
1221 2973 1310 3043 pudor
1334 2989 1413 3028 suum
1441 2980 1553 3029 accusat
1572 2980 1704 3028 actorem.
1725 2973 1770 3040 lit,

119 3078 147 3124 et
162 3077 226 3124 sunt
240 3069 392 3140 corporalia
407 3077 434 3124 et
449 3070 562 3134 caduca,
584 3085 617 3123 ex
641 3083 696 3138 qua
719 3068 856 3123 nativitate
882 3075 923 3122 εει
973 3077 991 3115 o
1006 3061 1131 3127 Domine,

121 3158 211 3226 timor,
228 3158 300 3229 quod
316 3157 360 3212 bio
381 3156 503 3228 deplorat
525 3159 607 3213 homo
631 3157 754 3224 dejectus
778 3156 923 3211 interram
1017 3175 1101 3229 vm,
1127 3179 1142 3229 3
1174 3175 1240 3246 (ῃ),
1257 3197 1324 3225 -ι
1360 3174 1437 3230 Viam
1463 3172 1686 3244 justificationum
1715 3183 1775 3232 tua·

122 3246 156 3301 de
182 3245 263 3310 coelo,
292 3245 337 3316 qui
367 3254 431 3301 ante
462 3245 636 3300 beatissimus
669 3259 765 3300 auram
796 3245 924 3314 carpebat

120 3333 278 3390 aetbeream.
308 3334 392 3388 Cures
430 3334 510 3403 bajus
538 3334 600 3389 vitai
627 3341 654 3388 ει
682 3332 755 3388 taedii
774 3331 922 3388 nesciebat.

122 3421 242 3494 [Haymi
271 3420 356 3490 Quasi
389 3422 459 3478 dicat
498 3440 503 3475 :
543 3423 624 3476 blodo
666 3420 808 3476 consilium
833 3437 924 3476 meum

123 3519 175 3575 est,
189 3509 398 3578 justificationes
427 3519 488 3566 tuae.
514 3511 596 3568 blodo
623 3526 667 3565 me
681 3509 719 3566 ita
746 3509 845 3576 habeo,
875 3511 925 3565 sed

124 3597 203 3653 olim.

162 3689 248 3742 Vans.
266 3692 277 3741 l
292 3689 359 3758 (ιῦ).
369 3711 424 3735 -u
443 3687 726 3758 Adbaesitpavimento
741 3687 830 3742 anima
843 3703 923 3752 mea;

127 3799 138 3824 «
157 3775 263 3832 vivifica
278 3792 321 3831 me
336 3776 487 3831 secundum
502 3777 614 3831 verbum
631 3784 716 3830 tuum.
734 3798 743 3826 a

162 3865 266 3919 Animo
284 3880 347 3920 mco
370 3863 499 3929 odboeat't,
527 3863 675 3936 [Cassiod.,
701 3867 784 3937 Aug,
814 3865 922 3934 llaym„

125 3955 209 4026 Aug„
217 3952 335 4020 dicuin,
347 3953 482 4018 Cassiod,
499 3951 582 4024 Aug]
593 3968 739 4021 consensu,
751 3954 924 4024 pertinento.

124 4039 153 4092 id
168 4046 210 4092 est
220 4037 338 4108 corpori,
353 4037 425 4091 unde
440 4053 515 4092 mors
530 4046 581 4092 est.
605 4037 675 4092 Caro
699 4036 770 4093 enim
794 4037 925 4108 coucupi-

127 4127 177 4181 scit
191 4127 324 4181 adversus
336 4125 459 4196 spiritum
474 4126 581 4195 (Galat.
599 4127 638 4195 v),
664 4125 707 4181 cui
723 4125 788 4180 olim
809 4141 864 4181 non
879 4141 926 4180 re-

126 4215 259 4288 pugnavit
273 4214 373 4269 anima.
391 4215 441 4270 Vel
455 4214 569 4270 adhesit
588 4213 754 4286 pavimento,
770 4215 798 4269 id
813 4223 854 4269 est
869 4221 925 4269 ter-

124 4304 210 4369 renis,
226 4309 256 4357 ut
271 4303 330 4359 baec
345 4311 421 4358 curet
435 4320 496 4374 quae
512 4311 574 4359 sunt
590 4303 721 4359 calcanda
735 4303 860 4375 pedibus,
877 4319 966 4396 ire-D

125 4392 165 4446 lut
186 4391 396 4462 pavimentum:
422 4401 495 4448 terra
523 4407 590 4466 ergo
613 4391 796 4462 pavimentum
819 4399 869 4447 est.
896 4393 926 4447 ln

126 4480 229 4535 mundo
252 4481 324 4535 enim
347 4480 475 4536 universo
499 4489 629 4552 tanquam
648 4482 675 4534 in
699 4481 818 4552 quadam
833 4482 924 4548 domo,

126 4570 226 4626 coelum
241 4577 283 4624 est
298 4585 419 4635 camera,
436 4577 507 4625 terra
522 4585 586 4626 vero
601 4570 795 4640 pavimentum,
812 4586 873 4641 quae
887 4577 927 4626 ιε-

127 4659 197 4714 ritur
212 4655 345 4724 feriendo,
361 4667 390 4712 ut
404 4657 450 4712 liat
466 4657 543 4731 quasi
559 4659 629 4724 leve,
654 4665 682 4713 et
704 4658 802 4725 nitens,
819 4665 845 4713 et
860 4659 926 4712 soli-

127 4747 192 4802 dum
222 4747 417 4816 pavimentum.
455 4749 559 4818 Corpus
583 4747 662 4802 etiarn
684 4748 832 4801 humanum
846 4745 927 4817 pavi-

127 4843 222 4890 mento
237 4843 417 4906 comparatur,
436 4836 552 4908 eoquod
566 4835 647 4890 simili
670 4835 758 4891 nitore
783 4834 926 4908 levigatur.

129 4924 199 4979 lluio
221 4924 384 4994 parimento,
406 4923 434 4979 id
457 4933 498 4979 est
521 4925 639 4995 corpori,
656 4924 698 4979 rel
725 4924 840 4979 terrenis
864 4923 929 4980 dicit

128 5013 173 5068 bic
188 5012 306 5067 annnam
321 5011 479 5080 adhaesisse,
499 5013 572 5084 quod
586 5029 641 5068 non
657 5021 698 5068 est
711 5012 874 5068 contrarium
888 5030 930 5067 su-

127 5100 293 5172 perioribus,
313 5101 360 5156 ubi
382 5101 445 5158 dicit
461 5117 490 5156 se
514 5101 678 5157 delectatum
701 5101 729 5155 in
756 5101 928 5170 testimoniis,

130 5197 156 5244 et
171 5189 348 5245 exercitatum
364 5190 392 5244 in
412 5188 661 5258 justificationibus.
687 5188 930 5262 Quantumcunque

129 5278 204 5332 enim
218 5277 263 5333 bic
277 5277 375 5350 aliquis
388 5277 522 5350 proficiat,
537 5279 619 5334 babet
632 5279 853 5334 tamenmortalts
868 5295 931 5334 car-

130 5367 173 5421 nis
188 5363 314 5423 allectum
336 5367 479 5424 circabaec
502 5376 620 5433 terrena,
651 5375 677 5423 et
704 5368 739 5422 ab
763 5367 816 5423 bac
842 5375 930 5423 morte

131 5454 254 5526 quotidie
276 5455 424 5512 reviviscit.
451 5455 528 5512 Unde
547 5455 647 5520 subdit,
672 5455 721 5511 sed
740 5461 779 5522 tu,
803 5455 929 5523 Domine,

130 5543 284 5612 oiaificobir
298 5561 353 5614 mc,
370 5545 441 5602 utin
456 5545 525 5602 coelo
539 5544 573 5600 sit
587 5560 665 5602 inens
681 5560 751 5601 mea.
768 5543 802 5599 Et
815 5544 877 5612 boc,
893 5559 931 5601 ae·

976 3285 987 3314 r
1018 3279 1077 3317 rum
1105 3263 1207 3319 instrue
1235 3279 1301 3330 me;
1323 3270 1349 3318 et
1369 3263 1519 3320 exercebor
1547 3264 1574 3320 in
1601 3263 1773 3320 mirabilibus

977 3373 987 3402 ε
1005 3351 1069 3405 ιυίε.
1086 3369 1096 3400 ι

1010 3461 1172 3516 lastracmc
1187 3459 1261 3516 viam
1272 3461 1516 3532 justificationum
1538 3466 1664 3527 tuarum,
1693 3459 1773 3533 [Cas-

976 3547 1056 3614 siod.,
1072 3550 1155 3620 Aug„
1172 3547 1278 3620 Amba]
1296 3549 1358 3621 quia
1372 3550 1431 3604 vias
1445 3565 1519 3609 meas
1534 3550 1645 3618 damno,
1657 3548 1773 3622 ideoque

975 3635 1078 3692 instrue
1093 3653 1137 3692 me
1151 3637 1222 3691 viam
1233 3646 1305 3692 tuam
1320 3645 1349 3691 ut
1359 3637 1508 3710 intelligam
1523 3637 1647 3708 mystica.
1663 3637 1716 3692 Alii
1731 3653 1774 3696 co·

975 3725 1051 3784 dices
1063 3723 1173 3791 babent,
1183 3726 1301 3780 insinua
1311 3725 1392 3790 mibi,
1403 3724 1475 3796 quod
1484 3741 1517 3780 ex
1524 3725 1620 3780 Graeco
1626 3724 1773 3785 Συνὲλισον

976 3821 1132 3893 expressius
1147 3820 1256 3888 dicitur,
1274 3824 1320 3891 sar
1336 3837 1380 3876 mc
1396 3821 1567 3890 intelligere.
1586 3823 1663 3876 Viam
1674 3822 1774 3891 iustili-

976 3910 1113 3965 cationum
1136 3918 1253 3964 tuarum.
1288 3909 1355 3965 Vide
1379 3908 1526 3963 ordinem:
1544 3909 1621 3964 Prius
1650 3910 1722 3965 enim
1733 3918 1775 3967 est

976 3999 1083 4054 discere
1095 3996 1312 4066 justificationes,
1330 3997 1405 4069 quod
1418 3995 1462 4052 bio
1477 4005 1540 4052 ante
1558 3997 1643 4069 petiit.
1669 3999 1774 4056 Deinde

976 4088 1080 4159 gradus
1104 4085 1238 4158 quosdam
1267 4093 1293 4141 et
1318 4086 1444 4142 ordinem
1472 4103 1565 4142 earum
1592 4087 1658 4160 qnid
1686 4089 1773 4159 prius,

977 4176 1042 4246 quid
1057 4182 1192 4246 postesse
1207 4174 1314 4230 debeat.
1332 4175 1430 4231 Peccat
1450 4175 1522 4230 enim
1543 4176 1588 4248 qui
1606 4186 1775 4249 praepostcre

978 4264 1045 4337 agit.
1069 4264 1138 4317 Nam
1162 4263 1233 4319 scire
1258 4263 1323 4335 quid
1348 4264 1440 4330 faciat,
1465 4272 1491 4319 et
1521 4263 1646 4321 ordinem
1660 4265 1777 4322 faciendi

977 4352 1094 4420 nescire,
1111 4368 1165 4407 non
1181 4357 1222 4408 est
1237 4351 1365 4422 perlectae
1377 4352 1550 4425 cognitionis.
1568 4352 1679 4409 Ordinis
1695 4371 1775 4410 nam-

975 4457 1028 4512 que
1045 4440 1198 4512 ignorantia
1213 4441 1358 4497 conturbat
1384 4441 1556 4514 negotiorum
1576 4449 1702 4497 naturam
1721 4441 1776 4497 lor·

976 4545 1104 4602 mamque
1118 4530 1285 4585 meritorum.
1301 4530 1379 4585 Notis
1394 4543 1458 4584 vero
1475 4529 1623 4601 mysteriis,
1640 4537 1665 4586 ει
1682 4546 1775 4586 eorum

977 4618 1082 4688 ordine,
1100 4635 1152 4690 ogo
1166 4618 1246 4676 etiam
1259 4619 1408 4676 corrector
1422 4635 1473 4674 usu
1488 4617 1589 4688 operis,
1606 4627 1632 4682 et
1646 4619 1776 4690 spirituali

978 4724 1070 4776 sensu,
1088 4707 1157 4763 sicut
1172 4707 1260 4778 quiin
1275 4706 1402 4778 palaestra
1421 4715 1563 4762 exercetur
1578 4715 1607 4764 ut
1621 4709 1774 4764 roboratur.
1798 4739 1800 4744 .

978 4796 1011 4851 Et
1026 4798 1078 4852 boc
1093 4796 1184 4861 etiam,
1196 4799 1228 4851 ira
1243 4797 1418 4852 mirabilibus
1429 4796 1495 4862 tais,
1515 4812 1577 4866 quae
1590 4795 1618 4850 in
1632 4795 1727 4869 figuris
1742 4797 1780 4852 la-

978 4891 1045 4939 tent.
1062 4883 1156 4956 [bug]
1174 4883 1304 4940 llirabilia
1319 4884 1369 4938 Dei
1381 4893 1460 4939 vocat
1472 4883 1677 4952 justificationes
1691 4885 1776 4956 ipseo,

979 4989 1094 5046 quarum
1129 4973 1253 5044 quedam
1275 4973 1313 5028 ita
1335 4979 1397 5027 sunt
1422 4973 1571 5043 mirabiles,
1592 4983 1619 5028 ut
1646 4974 1778 5045 inexperti

978 5062 1091 5120 credant
1106 5061 1139 5115 ad
1154 5077 1201 5118 eas
1216 5077 1270 5118 uon
1284 5077 1368 5132 posse
1380 5061 1518 5132 perveniri
1528 5055 1719 5135 intelligendas
1734 5062 1778 5121 vet

979 5150 1126 5206 faciendas.
1143 5151 1221 5207 Unde
1235 5151 1286 5205 iste
1300 5149 1438 5218 laborans,
1454 5158 1480 5205 et
1503 5166 1598 5206 earum
1621 5149 1778 5214 difficultate

977 5235 1116 5310 fatigatus,
1134 5234 1232 5292 addit:

1017 5351 1101 5406 Vana.
1117 5352 1133 5404 t
1149 5351 1258 5420 (tub—
1274 5371 1285 5401 ι
1303 5349 1464 5406 Dormitavit
1478 5349 1569 5406 anima
1583 5367 1643 5407 mea
1656 5367 1715 5424 prae
1729 5359 1777 5410 tae-

983 5461 993 5491 «
1012 5439 1071 5502 dio;
1087 5437 1216 5495 conturna
1229 5455 1274 5508 rna
1288 5439 1315 5493 in
1329 5438 1419 5494 verbis
1431 5439 1494 5494 tuis.
1514 5462 1525 5488 a

1016 5554 1195 5612 dormitavit.
1213 5553 1358 5628 [Cassiod.,
1375 5558 1457 5630 Aug„
1474 5553 1609 5632 Cassiod]
1632 5556 1718 5628 Quasi
1733 5557 1777 5614 di·
