3906 6056
165 157 233 210 1363
837 149 942 210 PETRI
962 147 1143 210 nouatum
1748 157 1820 212 tart

164 295 252 352 usque
266 280 302 335 ad
317 279 416 336 Christi
430 277 597 352 passionem,
611 277 658 336 ubi
672 293 724 336 nec
751 275 840 351 paenis
868 275 1002 349 appui-A
1016 289 1130 348 eamque
1167 275 1304 334 exclusam
1329 276 1403 348 dicit,
1424 277 1452 334 id
1476 285 1518 336 est
1539 285 1570 335 ut
1599 277 1731 335 emineret
1762 293 1814 334 ex·

165 367 318 434 mebantur,
334 383 385 426 nec
400 377 492 425 tamen
507 370 595 424 Deum
609 367 750 435 videbant,
767 367 841 440 quod
857 364 963 422 erateis
1012 380 1156 436 pressam;
1171 381 1227 423 non
1241 375 1270 422 ut
1284 365 1455 438 abscederet,
1481 367 1598 439 pulsam.
1618 367 1697 424 Unde
1722 374 1749 423 et
1768 383 1818 422 ex·

163 471 256 528 poena.
272 458 330 514 llcc
343 465 432 513 autem
449 465 508 513 erat
523 457 563 515 eis
579 472 628 529 pro
642 463 753 528 peccato
766 455 849 528 primi
872 453 964 510 homi·
1014 452 1135 509 clusores
1150 453 1277 511 dicuntur
1290 455 1401 528 quidam
1416 455 1534 512 artifices
1545 455 1700 528 argentarii,
1715 454 1745 510 in
1759 471 1818 526 qna

165 543 218 612 nis,
234 545 292 602 sive
307 562 355 618 pro
369 554 483 618 pec-cato
502 543 639 619 originali,
654 544 850 617 propterquod
874 543 966 601 occlu-
1014 540 1213 614 significatione
1228 543 1309 599 etiam
1330 543 1461 616 accipitur
1483 543 1549 600 illud
1569 545 1599 599 in
1621 543 1753 600 Psalmo:
1782 545 1817 602 ut

165 649 212 689 sus
240 641 298 690 erat
330 635 419 690 aditus
449 634 530 708 regni
561 635 703 700 coelorum,
719 633 766 706 qui
789 649 840 705 per
864 631 965 689 Christi
1014 631 1209 688 occluduntur
1222 633 1592 706 quiprobotisuntorgcnto
1616 632 1814 704 (Prolmxvn),

164 722 322 793 passionem
338 730 381 779 εει
395 730 545 780 reseratus.
571 722 649 780 Unde
675 721 838 778 Zacharias:
853 723 891 778 Tu
901 737 965 794 qoo-
1013 717 1042 774 id
1056 727 1097 776 est
1111 727 1140 774 ut
1154 719 1291 778 emineant
1304 720 1341 790 hi,
1358 721 1405 795 qui
1418 721 1524 793 probati
1539 728 1602 777 sunt
1616 720 1725 795 eloquio
1753 721 1815 777 Do-

165 811 964 884 qocinsanguinolentamentituiemisiaticinctostaos
1013 807 1089 875 mini,
1105 807 1181 864 itaet
1201 809 1247 866 hic
1270 808 1369 866 dicitnr
1394 809 1506 867 exclusa
1527 817 1577 879 est,
1602 809 1630 866 id
1651 817 1693 867 est
1720 810 1816 866 mani-

165 897 199 954 ds
210 900 286 966 tacu,
299 899 589 973 inquononeataquo
600 897 695 969 (Zucb.
707 899 759 969 rx).
776 897 865 970 Super
892 897 965 953 bunc
1014 895 1113 952 festata
1128 905 1178 965 est,
1194 905 1222 954 et
1236 913 1375 970 expressa.
1402 898 1535 956 Glorietio
1550 906 1605 966 tua,
1629 899 1708 956 idest
1721 899 1813 954 mani-

163 986 256 1044 locum
277 987 343 1044 dicit
366 988 548 1060 Hieronymus
566 1005 573 1042 :
594 988 624 1042 ln
639 987 838 1044 resurrectione
853 986 963 1055 Christi,
1013 983 1110 1042 festum
1126 993 1167 1042 est
1182 986 1210 1040 in
1224 1001 1278 1060 quo
1292 987 1378 1044 debes
1393 987 1518 1060 gloriari,
1534 987 1636 1045 scilicet
1646 1003 1701 1044 non
1709 987 1739 1042 in
1749 987 1814 1060 lege

160 1074 235 1145 justi,
251 1076 297 1150 qui
310 1093 362 1150 pro
376 1084 488 1148 peccato
501 1077 568 1132 Adae
594 1075 678 1132 uincti
704 1076 733 1131 in
760 1075 867 1133 inferno
888 1084 963 1133 tene·
1013 1072 1158 1143 factorum,
1167 1074 1217 1131 sed
1227 1074 1255 1130 in
1265 1075 1326 1147 lege
1339 1075 1414 1133 18
1424 1073 1497 1144 fidei,
1510 1085 1537 1133 et
1549 1075 1602 1134 boo
1612 1083 1653 1132 cst
1667 1076 1741 1149 quod
1752 1075 1815 1131 sub·

163 1163 270 1230 bantur,
287 1172 503 1221 resurrexerunt.
751 1235 755 1242 Ι
935 1227 943 1234 ,
1013 1161 1072 1218 dit:
1089 1162 1141 1219 Per
1156 1179 1236 1236 mam
1251 1163 1361 1236 legem?
1382 1165 1485 1221 scilicet
1512 1163 1598 1221 debas
1624 1163 1746 1238 gloriari,
1760 1178 1814 1238 per

199 1251 275 1308 Solet
288 1260 378 1308 autem
395 1253 478 1325 quaeri
492 1259 581 1309 utrum
596 1251 714 1327 antiquis
726 1251 807 1323 justis
823 1252 911 1326 quiin
924 1252 964 1308 in·
1013 1249 1105 1324 legem
1119 1251 1252 1309 laetorum
1262 1252 1277 1308 l
1289 1252 1361 1321 Non,
1382 1254 1432 1310 sed
1441 1269 1492 1325 ρετ
1504 1253 1595 1326 legem
1610 1251 1684 1310 fidei.

163 1338 241 1396 leuno
255 1341 418 1397 tenebantur
432 1349 544 1413 peccata
558 1350 650 1399 essent
664 1342 781 1398 remissa
804 1359 854 1415 per
881 1341 963 1400 iidem
1048 1337 1185 1409 Quaeritur
1200 1349 1289 1398 autem
1305 1357 1388 1414 quare
1401 1341 1445 1398 lex
1460 1342 1529 1398 blosi
1543 1341 1642 1399 dieitur
1655 1341 1699 1398 lex
1722 1339 1813 1398 iacto-

161 1434 186 1484 et
200 1429 398 1501 poenitentiam,
416 1447 496 1504 qtrem
511 1447 560 1488 eos
574 1447 639 1488 vere
653 1431 782 1488 habuisse
797 1439 919 1500 constat;
936 1437 963 1488 ει
1012 1443 1083 1496 rum,
1100 1436 1126 1485 et
1141 1445 1195 1485 non
1210 1429 1254 1487 lex
1268 1430 1422 1505 Evangelii,
1436 1429 1543 1488 dicatur
1555 1430 1598 1488 lex
1623 1447 1736 1503 operum
1759 1429 1812 1488 sed

161 1517 184 1572 si
199 1517 315 1575 remissa
329 1527 405 1574 erant
419 1519 519 1587 omnia,
538 1519 640 1593 quade
655 1536 738 1577 causa
760 1520 833 1592 apud
861 1519 962 1576 interos
1012 1514 1086 1583 fidei,
1104 1518 1152 1574 sed
1165 1518 1284 1591 justitiae,
1302 1519 1351 1575 sed
1364 1519 1486 1591 spiritus.
1496 1519 1576 1590 Quod
1589 1521 1811 1592 operaepretium

160 1606 359 1664 detinebantur.
376 1609 418 1665 nd
433 1609 505 1680 quod
520 1609 646 1678 dicimus,
662 1609 736 1682 quod
764 1609 857 1665 omnia
883 1617 962 1666 erant
975 1633 1001 1695 B
1012 1612 1053 1662 est
1067 1605 1254 1675 considerare,
1271 1607 1293 1662 si
1307 1613 1398 1664 tamen
1413 1608 1536 1665 valemus
1557 1609 1699 1666 aduertere
1726 1615 1812 1682 atque

161 1694 201 1750 eis
215 1695 330 1752 dimissa
343 1713 392 1769 per
406 1694 489 1754 fidem
504 1705 531 1754 ει
546 1698 740 1769 poenitentiam,
757 1699 807 1755 sed
822 1698 959 1755 omnimo·
1011 1693 1180 1751 discernere.
1195 1695 1294 1768 lingna
1308 1695 1380 1752 enim
1396 1713 1441 1754 res
1456 1703 1507 1765 est,
1524 1696 1568 1754 lex
1583 1697 1656 1754 enim
1665 1697 1812 1770 Evangelii

160 1782 226 1839 dum
254 1783 423 1841 remissionis
456 1783 581 1842 effectum
608 1785 747 1842 consecuti
762 1802 818 1842 uon
839 1785 957 1844 luerunt.
1012 1781 1064 1839 etsi
1078 1783 1229 1840 nonhabet
1243 1800 1327 1856 opera
1342 1793 1464 1842 aeterum
1479 1794 1723 1856 sacramentorum,
1749 1786 1809 1843 cir-

159 1873 208 1928 Est
222 1872 295 1928 enim
310 1874 409 1946 duplex
424 1874 592 1931 remissionis
606 1873 729 1943 effectus,
746 1875 849 1932 scilicet
864 1891 959 1933 carere
1010 1871 1186 1929 cumoisionis
1200 1872 1312 1943 scilieet,
1328 1881 1408 1948 atque
1422 1882 1594 1943 caeterorum,
1610 1875 1691 1932 habet
1716 1883 1811 1932 umen

159 1976 250 2032 poena,
265 1970 292 2019 et
305 1961 358 2018 irui
373 1963 469 2037 gloria.
483 1963 604 2020 Alterum
619 1964 772 2020 habuerunt
786 1972 850 2021 ante
877 1963 958 2020 Chri·
1009 1976 1093 2033 opera
1106 1961 1135 2017 in
1149 1963 1327 2019 sacramentis
1341 1963 1407 2032 suis,
1430 1963 1493 2020 huic
1520 1964 1637 2036 tempori
1664 1964 1808 2038 congruis,

156 2049 191 2104 sti
206 2059 332 2124 mortem,
349 2052 413 2125 quin
426 2069 535 2126 poenam
554 2052 688 2110 actualem
706 2068 761 2109 non
784 2053 956 2123 sentiebant;
1008 2056 1036 2105 et
1050 2048 1132 2106 babet
1156 2065 1240 2122 opera
1261 2050 1456 2108 misericordias
1478 2051 1507 2107 in
1530 2051 1677 2108 moralibus
1698 2067 1809 2125 praece·

158 2137 273 2195 alterum
288 2156 355 2197 vero
376 2156 442 2209 non,
468 2141 532 2216 quie
554 2142 642 2198 Deum
665 2157 720 2198 non
744 2141 882 2212 uidebant,
908 2143 957 2199 sed
1007 2138 1074 2210 ptis.
1089 2138 1181 2209 Quare
1195 2155 1263 2213 ergo
1277 2147 1304 2195 et
1318 2140 1378 2211 ipsa
1391 2155 1447 2197 non
1460 2139 1558 2197 dieitur
1576 2140 1621 2196 lex
1650 2141 1811 2199 laetorum?

154 2243 206 2300 per
216 2227 315 2285 Christi
341 2237 456 2286 mortem
471 2230 535 2286 data
550 2238 591 2286 εει
606 2229 646 2286 εἰε
660 2229 750 2304 gloria
765 2230 864 2288 divium
878 2231 958 2288 risio·
1007 2227 1050 2283 bd
1064 2228 1138 2300 quod
1151 2227 1270 2284 breviter
1282 2227 1382 2297 dicam,
1399 2229 1471 2302 quod
1485 2229 1529 2287 lex
1544 2246 1605 2303 quae
1618 2229 1716 2288 dicitur
1738 2246 1811 2304 ope-

154 2314 197 2371 nis
211 2332 227 2372 a
241 2333 294 2390 qua
308 2316 503 2374 differebantur
515 2319 574 2375 Deo
588 2325 756 2375 sustentante
780 2335 875 2376 eorum
904 2320 955 2378 de·
1006 2331 1078 2383 rum,
1095 2315 1223 2373 minando
1237 2317 1398 2390 imperabat,
1414 2319 1464 2374 sed
1478 2319 1592 2393 gratiam
1613 2317 1723 2376 facienti
1749 2336 1807 2376 non

154 2403 229 2462 licta.
242 2405 284 2461 Ad
298 2407 483 2465 ostensionem
495 2407 607 2478 justitiae
622 2407 680 2478 ejus
699 2409 731 2464 in
746 2409 796 2465 boc
821 2412 954 2482 tempore,
1006 2405 1161 2476 praeslubal.
1177 2406 1232 2462 Lex
1247 2413 1337 2462 autem
1352 2423 1413 2480 quae
1426 2407 1526 2464 dicitur
1540 2407 1613 2477 fldei,
1639 2422 1724 2481 opera
1745 2409 1808 2482 qui-

156 2493 184 2550 id
198 2501 281 2550 estut
296 2494 453 2553 ostenderet
467 2494 496 2552 in
510 2496 742 2568 temporemortis
758 2496 858 2553 Christi
875 2497 955 2567 justi·
1007 2493 1069 2549 dem
1084 2493 1204 2564 mandat,
1221 2495 1270 2550 sed
1294 2494 1433 2552 credendo
1463 2496 1599 2568 impetrat,
1622 2504 1651 2553 ut
1672 2495 1747 2566 fiant,
1779 2507 1807 2554 ει

153 2581 311 2639 tiamsuam
326 2601 380 2657 qua
395 2594 508 2642 coronat
522 2593 664 2658 sperantes
678 2585 705 2641 in
722 2603 762 2653 se,
777 2591 811 2642 ut
830 2587 869 2643 ait
884 2585 953 2659 ipse.
1006 2581 1052 2638 illa
1067 2597 1151 2655 opera
1165 2591 1316 2655 sequuntur
1327 2583 1469 2654 iustitiam.
1498 2587 1560 2643 Non
1574 2586 1647 2644 enim
1675 2603 1708 2644 ex
1736 2587 1806 2660 ipsis

153 2669 347 2745 [Ambrosius]
362 2671 447 2744 Quasi
461 2673 535 2730 dicat
552 2691 558 2728 :
574 2675 613 2729 lta
624 2673 756 2744 justitiam
771 2675 900 2746 ostendit,
926 2683 956 2732 ut
1006 2678 1048 2727 est
1061 2670 1176 2742 justitia,
1193 2672 1242 2728 sed
1257 2671 1318 2745 ipsa
1337 2681 1399 2730 sunt
1420 2689 1457 2730 ex
1477 2675 1589 2745 justitia.
1615 2676 1734 2749 ideoque
1747 2691 1803 2732 non

152 2757 212 2831 ipse
227 2759 271 2826 sit,
297 2760 326 2816 id
340 2769 382 2816 est
396 2777 458 2817 esse
471 2770 608 2833 appareat,
621 2764 727 2835 justus,
743 2763 772 2818 in
799 2764 952 2836 promissis,
1003 2759 1136 2830 justitiam
1152 2777 1276 2833 operum,
1293 2762 1341 2818 sed
1363 2777 1446 2834 opera
1466 2764 1578 2833 justitia
1600 2763 1724 2822 dicimus.
1749 2766 1804 2822 lta·

151 2847 221 2904 dans
237 2849 310 2921 quod
324 2849 462 2922 promisit,
479 2849 557 2907 aliter
572 2866 627 2906 non
643 2859 735 2923 posset
746 2852 854 2922 juvare.
870 2853 906 2910 Ει
921 2853 955 2910 sit
1006 2863 1059 2921 que
1074 2848 1117 2903 lex
1132 2864 1188 2906 nou
1202 2865 1324 2922 operum,
1342 2851 1391 2908 sed
1400 2850 1511 2922 justitiae
1523 2852 1567 2910 vel
1580 2851 1643 2910 fidei
1664 2855 1707 2912 uel
1736 2873 1804 2930 gra-

147 2937 324 3008 jcstilicccs,
341 2937 369 2994 id
382 2945 423 2994 εει
436 2937 538 3008 justum
552 2937 667 3009 iaciens,
696 2955 761 2997 eam
785 2943 833 3015 qul
856 2945 899 2999 ert
916 2959 953 2999 εε
1005 2937 1048 2992 tiae
1064 2936 1172 3008 dicitur,
1189 2939 1250 3011 quia
1263 2939 1381 3014 gratiam
1395 2941 1555 3013 perficiendi
1574 2958 1659 3015 opera
1680 2955 1804 3017 prostat,

149 3025 204 3096 fide
214 3029 279 3084 Ιεεε
290 3027 402 3099 Christi,
419 3043 475 3084 non
489 3045 522 3086 ex
537 3027 610 3102 lege,
626 3027 654 3084 id
669 3037 711 3086 εει
739 3029 785 3102 qui
813 3031 900 3087 credit
925 3030 952 3087 in
1005 3033 1031 3082 et
1043 3025 1132 3096 justos
1147 3026 1211 3085 facit
1229 3045 1279 3100 per
1301 3027 1394 3088 iidem.
1419 3031 1473 3088 Lex
1497 3039 1588 3090 autem
1610 3047 1732 3105 operum,
1754 3036 1803 3092 ubi

151 3114 296 3173 Christum.
1001 3115 1165 3185 jubebantur
1178 3132 1272 3190 opera,
1288 3119 1338 3176 sed
1349 3136 1404 3177 non
1423 3120 1538 3177 dabatur
1562 3123 1660 3195 gratia.
1691 3123 1745 3180 Per
1757 3123 1803 3182 le-

185 3205 272 3262 unus.
284 3206 329 3264 2⁵1.
340 3235 376 3248 -
387 3229 398 3256 ε
410 3205 463 3264 Ubi
477 3215 520 3264 est
529 3223 597 3282 ergo
613 3206 739 3282 gloriatio
749 3209 819 3265 tuat
833 3207 953 3264 Exclusa
1003 3220 1068 3278 gem
1082 3221 1197 3278 operum
1210 3206 1276 3263 dicit
1296 3209 1370 3264 Deus
1393 3209 1495 3266 bomini
1508 3228 1515 3267 :
1530 3211 1584 3268 Fac
1603 3211 1676 3284 quod
1696 3213 1802 3284 jubeo;

151 3301 164 3340 ε·
181 3300 231 3380 εει.
248 3295 301 3350 Ρετ
315 3309 395 3366 quam
409 3295 525 3368 legem?
541 3297 709 3353 Factorum?
727 3296 798 3353 Non.
823 3296 879 3353 Sed
902 3314 953 3370 per
1003 3309 1054 3364 per
1068 3293 1158 3369 legem
1172 3295 1236 3351 fidei
1251 3295 1315 3353 dicit
1325 3297 1407 3354 bomo
1417 3299 1476 3355 Deo
1489 3317 1496 3356 :
1507 3299 1724 3374 Daquodjubes.
1736 3302 1803 3360 ldeo

150 3379 270 3453 «legem
285 3380 359 3439 fidei.
375 3383 547 3440 arbitramur
561 3383 634 3440 enim
654 3382 799 3455 justificari
814 3383 951 3442 bominem
1004 3381 1077 3438 enim
1089 3382 1166 3452 jubet
1189 3381 1233 3440 lex
1257 3392 1286 3441 ut
1308 3385 1455 3442 admoneat
1477 3387 1543 3460 quid
1563 3388 1644 3447 iaciat
1668 3389 1746 3459 ludes,
1770 3401 1802 3449 ut

150 3493 162 3520 a
181 3486 231 3542 per
244 3469 326 3526 fidem
342 3471 400 3527 sine
415 3472 544 3544 operibus
558 3472 638 3546 legis.
658 3493 670 3524 a
1003 3471 1178 3542 cuijubetur,
1195 3473 1219 3528 si
1234 3488 1286 3530 non
1300 3482 1399 3547 potest,
1415 3476 1483 3533 sciat
1496 3477 1561 3550 quid
1571 3486 1653 3550 petat.
1671 3479 1699 3536 Si
1709 3489 1802 3538 autem

186 3558 235 3618 llbi
244 3563 297 3629 εει,
314 3567 368 3619 eto.
382 3560 497 3618 lieddita
512 3561 620 3618 ratione
635 3561 670 3618 nd
685 3577 733 3618 eos
760 3561 881 3636 loquitur
906 3564 952 3638 qui
1003 3559 1131 3618 continuo
1153 3569 1244 3633 potest
1275 3569 1302 3618 et
1331 3563 1489 3622 obedienter
1518 3565 1591 3633 iacit,
1611 3567 1692 3625 debet
1718 3570 1804 3628 etism

147 3656 233 3723 agunt
247 3649 297 3704 sub
312 3648 384 3722 lege,
402 3649 550 3706 ostendens
564 3649 637 3723 quod
653 3651 712 3708 sine
727 3667 810 3709 causa
825 3653 951 3727 glorian·
1003 3649 1073 3706 scire
1096 3665 1150 3722 quo
1180 3650 1298 3708 donanto
1321 3652 1416 3724 possit.
1441 3654 1611 3712 Arbitramur
1633 3655 1705 3714 enim
1726 3661 1803 3731 quod

148 3745 202 3804 tur,
219 3737 391 3795 blandientes
404 3737 457 3794 sibi
470 3738 505 3796 de
520 3738 592 3814 lege,
623 3747 649 3796 et
664 3739 811 3815 degenere
824 3741 949 3813 Abrahae,
1002 3738 1046 3794 lex
1078 3735 1141 3795 fidei
1168 3737 1307 3811 justificet,
1350 3742 1386 3796 ab
1415 3743 1573 3801 auctoritate
1597 3761 1647 3801 sua
1669 3749 1801 3806 ostendit.

145 3825 272 3884 uidentes
285 3843 340 3883 non
352 3826 494 3898 justificari
509 3828 647 3886 bominem
670 3829 743 3901 apud
765 3831 869 3900 Deum,
898 3831 951 3889 nisi
1003 3825 1088 3898 Quasi
1103 3827 1175 3884 dieat
1189 3847 1196 3885 :
1209 3829 1281 3886 Vero
1296 3845 1347 3902 per
1361 3827 1443 3887 iidem
1454 3832 1557 3903 justitia
1570 3843 1624 3891 est.
1642 3835 1699 3892 Nos
1709 3840 1800 3906 enim,

146 3913 301 3987 perfidem.
323 3915 408 3984 Quasi
421 3915 515 3974 dieat:
533 3917 600 3990 (ει)
616 3917 686 3988 Quia
700 3935 733 3976 ex
744 3915 800 3976 'fids
816 3919 875 3976 sine
888 3920 951 3995 lege
1002 3915 1118 3988 apostoli
1133 3916 1184 3988 sic,
1194 3917 1491 3987 arbitramur,scilioet
1501 3923 1643 3980 bominem
1650 3941 1803 3998 quemcun-

148 4011 190 4060 est
201 4004 315 4073 justitia,
331 4021 408 4079 ergo,
424 4021 442 4061 o
456 4005 560 4078 Judaee,
576 4007 625 4064 uli
635 4013 678 4064 εει
697 4009 789 4079 picria
806 4012 856 4074 tac
868 4010 951 4066 iNon
1002 4020 1054 4076 que
1069 4003 1149 4060 ctiam
1164 4006 1303 4077 gentilem,
1314 4009 1473 4081 justificari
1482 4027 1534 4082 ρετ
1540 4012 1626 4082 fidem
1635 4015 1698 4071 aine
1707 4017 1804 4089 operi-

146 4101 237 4164 potest
252 4093 383 4165 gloriari;
400 4110 464 4150 nam
479 4094 526 4151 illa
541 4095 639 4153 vitiosa
653 4095 780 4170 gloriatio
796 4105 842 4153 tua
856 4097 891 4154 de
902 4115 950 4154 su·
1001 4092 1138 4166 lusionis,
1154 4094 1317 4163 carnalibus,
1334 4095 1529 4174 [Ambrosius]
1549 4100 1577 4156 id
1599 4110 1639 4157 εει
1660 4102 1718 4160 sine
1742 4105 1802 4162 cir-

147 4181 244 4253 perbia
258 4181 373 4238 veniens
388 4183 507 4240 occluso
516 4188 568 4252 εει,
584 4184 612 4240 id
629 4193 670 4240 est
682 4185 773 4242 ablata
788 4195 840 4243 est.
857 4187 891 4242 Et
899 4203 952 4261 ρετ
1001 4182 1179 4251 cumoisione,
1194 4192 1239 4239 ant
1254 4187 1414 4254 neomeniis,
1431 4195 1478 4244 aut
1493 4189 1663 4248 ueneratione
1676 4191 1801 4264 Sabbati,

148 4286 233 4344 paam
249 4271 348 4343 legem,
365 4270 470 4328 scilicet
483 4271 594 4328 exclusa
608 4274 674 4330 esti
688 4273 819 4350 illelmo]
834 4275 952 4332 interro·
1000 4269 1045 4327 vel
1060 4271 1119 4328 sine
1134 4271 1262 4343 operibus
1276 4273 1346 4348 legis
1360 4275 1526 4348 quibuslibet
1546 4277 1626 4334 etiam
1636 4281 1800 4340 moralibus,

147 4367 195 4431 gat
208 4359 343 4428 Judaeum,
357 4368 386 4416 ut
399 4360 554 4418 consideret
568 4379 619 4433 per
634 4378 716 4435 quam
730 4363 822 4438 legem
837 4363 949 4422 exclusa
962 4351 1201 4434 D[Augustinus.]
1212 4362 1267 4418 Sed
1280 4363 1333 4421 hoc
1347 4363 1552 4437 intelligendum
1567 4375 1607 4424 est
1620 4367 1655 4426 de
1668 4372 1803 4442 operibus

147 4456 189 4505 est
203 4448 319 4521 superba
330 4448 469 4523 gloriatio.
480 4449 610 4523 Nunquid
625 4468 674 4523 per
683 4452 773 4526 legem
781 4456 949 4525 scotorum?
998 4448 1216 4520 praecedeulibus
1226 4450 1318 4522 fidem,
1334 4469 1389 4509 nou
1403 4456 1590 4527 sequentibus,
1613 4457 1672 4516 sine
1700 4461 1804 4534 quibus

146 4537 176 4593 id
186 4543 227 4594 est
237 4553 288 4610 per
297 4535 388 4612 legem
398 4539 495 4612 Moysi,
508 4555 569 4612 quae
578 4540 698 4596 carnalia
707 4541 862 4598 mandabat.
874 4543 945 4600 Non.
998 4535 1086 4593 inanit
1100 4546 1142 4594 ²⁵2
1156 4537 1234 4607 fides.
1250 4548 1280 4596 ui
1293 4542 1330 4596 aii
1343 4543 1460 4600 lacobus
1477 4561 1484 4600 τ
1501 4545 1652 4604 mettim
1669 4551 1802 4622 operibus

147 4627 200 4684 Scd
213 4642 265 4699 per
278 4628 367 4700 legem
374 4628 449 4698 fidei.
461 4627 661 4704 [Augustinus]
677 4629 761 4700 Quasi
776 4631 868 4688 dicat:
898 4633 948 4687 Aa·
998 4631 1167 4684 mortuaest
1181 4629 1250 4698 (loc.
1268 4630 1310 4700 u).
1325 4631 1360 4687 Et
1373 4632 1432 4704 ipse
1446 4632 1546 4690 Paulus
1559 4635 1595 4691 ait
1613 4653 1621 4692 :
1635 4637 1665 4694 st
1675 4639 1800 4700 labacro

147 4714 230 4772 tende
240 4729 291 4787 per
301 4715 365 4788 quid
376 4716 491 4772 exclusa
500 4725 551 4785 est,
563 4734 618 4774 non
628 4735 678 4790 per
688 4718 812 4776 laborem
821 4735 946 4791 operum,
999 4727 1112 4768 omnem
1120 4712 1215 4782 fidem,
1223 4714 1394 4772 charitalem
1405 4721 1502 4774 otttem
1512 4734 1570 4776 non
1580 4720 1710 4790 habuero,
1722 4725 1801 4781 nihil

148 4802 198 4860 sed
211 4802 367 4861 facilitatem
382 4803 456 4862 fidei.
473 4806 523 4862 Vel
537 4807 584 4874 ita,
610 4815 637 4864 et
660 4807 719 4882 ogit
740 4807 774 4863 de
788 4807 948 4880 gloriatione
999 4815 1063 4856 ivm
1079 4800 1106 4871 (l
1118 4801 1178 4859 Cor·
1190 4808 1263 4874 1¹¹¹)-
1288 4805 1354 4876 (95')
1370 4805 1441 4862 Beue
1455 4805 1540 4878 igitur
1552 4809 1699 4880 Apostolus
1713 4809 1799 4868 fidem

149 4892 229 4949 bona.
244 4891 329 4964 Quiasi
344 4893 440 4952 dieat:
467 4893 534 4964 Quin
556 4912 589 4952 εχ
612 4893 666 4954 fids
689 4904 730 4954 esi
750 4896 854 4967 justitia
879 4897 945 4970 (95),
998 4888 1153 4960 praedicans
1168 4891 1307 4966 gentibus,
1324 4900 1353 4949 ut
1366 4895 1524 4952 ostenderet
1536 4913 1592 4953 non
1605 4899 1703 4956 merito
1713 4900 1801 4958 bono-

147 4980 345 5056 Ubiestergo,
361 4982 495 5051 cloden,
511 4983 640 5058 gloriatio
650 4993 714 5054 tua;
728 4985 757 5042 id
767 4995 817 5055 est,
831 4986 949 5060 quidest
998 4993 1060 5032 rum
1074 4993 1185 5051 Operum
1205 4981 1343 5052 perveniri
1364 4982 1399 5038 td
1423 4980 1516 5052 fidem.
1536 4986 1585 5042 sed
1606 4985 1690 5043 fidem
1717 4991 1799 5063 sequi

149 5067 246 5143 inquo
267 5070 352 5128 debes
375 5071 515 5146 gloriari?
536 5073 655 5130 Exclusa
677 5082 719 5131 est
741 5074 866 5147 gloriatio
889 5085 946 5134 tua.
998 5065 1071 5123 bonu
1094 5083 1187 5141 Opera,
1217 5068 1282 5126 dicit
1308 5071 1447 5128 homiuem
1467 5073 1610 5143 iustificari
1636 5093 1688 5150 per
1713 5077 1797 5136 tidem

149 5157 345 5216 Gloriationem
359 5160 523 5219 laudabilem
539 5161 604 5219 dicit
618 5178 679 5235 quae
701 5163 728 5219 in
754 5164 871 5222 Domino
895 5174 946 5234 εει,
998 5155 1057 5214 tine
1071 5157 1199 5230 operibus
1213 5156 1290 5232 legis,
1304 5173 1358 5217 non
1372 5159 1437 5234 quin
1452 5163 1570 5222 credens
1591 5173 1652 5236 post
1676 5183 1727 5239 ρετ
1749 5169 1796 5226 di-

186 5335 253 5404 (or)
266 5339 427 5406 sumsimus,
440 5339 713 5408 pessinunsium.
1032 5335 1096 5402 (ιιι
1109 5339 1267 5408 tumuitus,
1280 5341 1547 5410 natusetaponus.

188 5398 242 5472 (ott)
260 5405 308 5472 ld.,
320 5409 355 5460 tte
366 5409 453 5474 spiritu
465 5413 490 5464 et
499 5410 592 5464 littera.
