3940 6066
139 276 205 330 ιιιι
535 271 818 331 condemnarant
837 272 874 328 lN
888 269 1057 328 PSALMOS.
1072 302 1107 311 —
1122 271 1216 326 rsnt..
1233 271 1407 327 cxxxvlii.
1730 272 1799 328 tart

135 396 260 470 perbium
287 413 340 470 qua
371 405 535 466 tumescunt,
559 399 683 454 amittunt
705 397 832 470 gratiam.
861 395 979 460 dcci-A
1025 397 1110 452 Vens.
1126 399 1171 453 ιι.
1188 426 1223 437 -
1239 419 1251 444 ι
1267 397 1392 453 Perfecto
1413 397 1476 452 odio
1500 395 1612 453 oderam
1636 394 1719 464 illos3
1737 393 1792 448 ini-

136 485 222 556 piant,
240 485 283 542 rel
298 486 442 558 accipient,
459 487 511 558 ipsi
524 485 610 544 occisi
624 487 652 542 in
667 485 795 554 vanitate,
819 485 941 543 civitates
993 505 1004 536 ι
1021 485 1085 542 mici
1103 484 1167 541 iacti
1183 491 1245 540 sant
1255 485 1330 540 mihi.
1350 505 1362 535 ι

136 589 211 639 suas,
228 574 256 630 id
272 583 313 630 est
326 575 443 646 populos
459 576 580 633 298
596 593 661 632 suos
671 591 767 641 vanos,
783 590 878 631 eorum
895 590 941 632 va·
1025 577 1154 648 Perfecto
1164 575 1226 630 odio
1236 573 1350 630 oderam
1360 573 1433 639 illos,
1453 572 1548 647 [hug]
1574 573 1600 627 id
1624 579 1675 638 est,
1691 571 1793 644 iniqui-

135 662 248 718 nitatem
262 664 466 736 sectantes,qui
482 663 680 735 ipsosnomine
700 663 810 734 justitiae
833 663 941 718 inliatos
989 669 1059 718 tates
1082 678 1175 718 sorum
1199 661 1256 728 odi,
1286 678 1340 716 non
1364 669 1497 717 naturam.
1522 661 1580 717 lloc
1605 669 1647 716 est
1671 651 1792 732 perlecto

137 759 299 821 sequuntur,
316 752 424 824 dirupta
449 751 562 818 unitate.
587 753 636 808 Est
658 761 747 807 autem
765 751 874 808 occasio
896 751 940 805 in·
989 750 1053 806 odio
1068 751 1169 817 odisse,
1186 759 1214 805 ut
1230 757 1401 821 necproptar
1414 748 1726 816 ritiahominesoderis,
1741 765 1794 806 neo

136 837 209 894 llatis
222 839 368 908 hereticis,
390 841 582 900 seducentibus
604 840 731 913 populos,
752 839 894 912 separandi
910 856 940 896 se
988 847 1101 910 propter
1119 838 1244 894 homines
1258 838 1323 895 vitia
1346 838 1455 911 diligas.
1473 836 1617 905 Quomodo
1633 853 1700 910 ergo
1716 853 1793 894 com·

138 935 166 982 et
180 927 243 982 illos
257 929 293 982 ab
309 929 426 996 onitate,
443 929 503 988 talis
517 930 621 986 scilicet
635 929 700 1002 quia
712 929 778 984 mali
792 929 839 996 ibi,
856 929 884 983 id
899 934 941 984 est
988 927 1116 984 mistione
1130 927 1265 984 malorum
1289 926 1468 992 contaminor,
1495 925 1564 982 sicut
1592 924 1794 981 calumniantur

137 1015 165 1069 in
186 1015 311 1072 Ecclesia
337 1025 408 1085 sunt,
444 1018 542 1090 quibus
560 1018 655 1074 nolunt
686 1017 803 1073 misceri.
820 1018 855 1072 Et
878 1022 941 1072 sunt
989 1016 1055 1070 mihi
1068 1015 1259 1072 haereticiide
1275 1015 1374 1087 quibus
1384 1014 1507 1087 adjungit
1524 1015 1573 1070 :Et
1588 1015 1701 1071 inimici
1720 1013 1793 1086 sacti

140 1118 205 1158 rere
225 1103 252 1157 in
275 1105 409 1170 Ecclesia,
434 1121 489 1161 non
513 1105 594 1162 modo
624 1105 770 1178 boniquos
791 1103 937 1174 infamant,
987 1109 1057 1161 aunt
1072 1105 1155 1170 mitti,
1169 1119 1224 1159 non
1238 1110 1341 1159 tantum
1356 1103 1414 1174 Dei,
1431 1103 1480 1160 sed
1494 1110 1521 1158 et
1535 1103 1589 1158 mei
1611 1102 1715 1160 inimici
1729 1110 1791 1159 sunt

138 1191 188 1246 sed
204 1198 229 1246 at
245 1200 318 1249 certe
332 1192 406 1248 mali.
426 1194 461 1249 Et
483 1195 534 1250 hac
557 1193 716 1262 occasione,
748 1210 777 1250 se
790 1201 817 1250 ιι
840 1193 909 1248 alios
923 1207 940 1248 ι
988 1191 1016 1248 ia
1031 1209 1085 1266 quo
1100 1193 1161 1248 illos
1175 1192 1239 1248 odio
1254 1193 1353 1248 haheo.

139 1279 219 1334 bonis
247 1279 370 1336 dividunt
393 1282 579 1354 corporaliter.
604 1283 741 1339 Elatiam
771 1283 844 1350 ideo,
876 1281 939 1354 quia
1024 1283 1110 1339 Vens.
1126 1285 1220 1339 bh·-
1237 1278 1789 1348 aProbamelleus,etscitocormcum;

136 1367 211 1424 Deus
224 1377 317 1424 monet
331 1370 427 1438 bonos,
444 1379 475 1426 ιιι
489 1387 505 1426 ι
518 1371 597 1426 malis
612 1387 642 1427 se
665 1379 804 1442 separent.
819 1371 939 1442 ideoque

134 1455 292 1528 interponit,
310 1459 365 1515 viri
379 1461 566 1532 conpetitorem,
577 1460 720 1517 declinata
734 1476 816 1516 ama.

170 1572 256 1627 Vsus.
276 1574 319 1627 ιι.
335 1605 369 1614 -
386 1596 397 1626 ι
415 1574 487 1645 Quia
499 1574 588 1631 dicitis
603 1575 630 1630 in
650 1574 839 1648 cogitatione:
855 1573 938 1632 Acci-

138 1679 150 1710 t
166 1658 242 1730 piant
253 1659 281 1715 in
296 1661 414 1719 vanitate
433 1663 555 1720 civitates
570 1679 642 1720 suas.
662 1687 674 1714 ι

175 1773 313 1842 Quoniam
331 1778 406 1836 dices
426 1779 478 1834 alia
496 1779 586 1836 littera
606 1782 637 1836 ia
651 1780 831 1852 capitatione.
843 1752 977 1854 {dung

137 1860 224 1931 Quasi
234 1864 308 1922 dicat
319 1881 326 1923 :
337 1867 402 1924 ldao
411 1869 554 1941 accipient
564 1869 684 1926 haeretici
698 1869 730 1924 in
739 1869 940 1925 vanitatecivi-

138 1954 213 2008 tates
227 1969 302 2020 suat,
315 1955 343 2010 id
360 1963 411 2022 est,
423 1957 486 2012 ideo
500 1956 630 2013 seducent
644 1957 672 2012 in
685 1957 858 2028 separatione
873 1972 938 2028 pro-

136 2039 194 2110 pria
204 2041 330 2112 populos,
342 2045 409 2116 puio
423 2053 459 2112 ιιι,
477 2061 494 2100 o
509 2046 593 2112 Deus,
604 2045 688 2116 dices,
700 2045 729 2100 id
744 2053 785 2102 est
798 2045 938 2116 immittes,

140 2127 172 2182 in
188 2129 369 2200 capitatione,
383 2132 459 2202 justi,
477 2141 506 2188 ιιι
517 2134 588 2190 dicat
602 2134 680 2189 malis
695 2135 747 2190 hoc
762 2151 769 2188 :
791 2134 846 2191 Viri
868 2151 938 2190 san-

135 2216 268 2288 paimtm,
280 2220 422 2279 declinate
436 2239 455 2278 ιι
464 2239 518 2292 me,
531 2222 558 2278 ιιι
569 2231 618 2289 est,
629 2222 694 2295 quia
703 2238 799 2278 mones
815 2223 900 2278 bonos
910 2230 939 2278 ut

137 2320 154 2358 a
169 2305 293 2364 malisse
309 2319 447 2380 separent,
464 2327 518 2366 non
532 2312 624 2384 otique
647 2312 718 2380 loco,
734 2327 790 2369 non
811 2327 936 2382 corpore,

136 2392 186 2448 sed
200 2405 301 2463 arente,
313 2413 368 2454 non
382 2408 476 2471 aperte
490 2401 587 2469 adhuc,
601 2415 636 2455 ne
646 2407 673 2456 et
687 2399 775 2456 bonos
790 2400 936 2467 deserant3

137 2489 187 2552 sed
209 2487 327 2560 puritate
349 2488 420 2545 vitre.
450 2488 530 2558 Quod
566 2496 655 2544 autem
666 2488 748 2544 modo
771 2488 835 2544 dicit
865 2488 938 2543 Deus

134 2578 217 2636 malis
257 2575 285 2630 in
309 2572 471 2646 cogitatione
509 2573 652 2644 bonorum,
682 2572 710 2628 iu
736 2573 838 2644 judicio
867 2572 939 2629 dicet

133 2674 249 2740 aperte:
268 2666 357 2720 tmen
374 2660 528 2731 dicoaobia,
545 2679 603 2718 aon
613 2663 680 2719 novi
690 2679 735 2720 vos
750 2660 862 2734 (uattt.
875 2665 936 2732 vu).

135 2753 264 2814 Haeretici
280 2767 348 2826 ergo
365 2751 411 2823 qui
429 2750 590 2807 innocentes
609 2766 682 2822 saepe
703 2750 844 2821 infamant,
869 2765 938 2821 quos

135 2853 266 2916 tanquam
281 2840 367 2896 malos
382 2855 412 2895 se
427 2838 524 2911 lugere
544 2838 682 2907 simulant,
708 2838 831 2894 videntes
851 2837 938 2893 malos

133 2933 206 2990 inter
219 2946 288 3004 quos
303 2929 421 2985 triticum
437 2928 530 2999 gemit,
546 2935 678 2999 usurpant
699 2927 771 2984 hanc
790 2927 938 2984 auctorita·

133 3030 199 3087 tem,
215 3029 242 3076 st
255 3020 348 3076 dicunt
361 3016 494 3089 imperitis
508 3025 537 3072 ut
558 3025 685 3089 separent
704 3033 734 3074 se
749 3032 766 3071 a
780 3015 857 3070 malis
872 3031 938 3072 aor-

133 3110 277 3184 poraliter,
304 3107 351 3180 qui
373 3122 435 3164 oum
457 3106 536 3162 bouis
558 3114 641 3174 sunt3
663 3105 725 3177 quia
748 3105 822 3162 Dens
845 3111 939 3161 monet
954 3111 995 3173 c.

133 3201 234 3270 justos,
245 3197 382 3266 utdicant,
403 3195 454 3252 viri
474 3195 649 3269 sanguinum,
661 3193 796 3252 declinate
811 3209 827 3250 a
840 3210 894 3249 me.
904 3194 939 3250 Et

133 3287 197 3344 idco
212 3286 265 3342 nisi
279 3286 306 3341 id
322 3284 437 3342 iecerint
450 3284 523 3356 quod
538 3286 612 3340 Deos
625 3291 719 3339 monet
733 3297 790 3352 eos,
806 3298 862 3338 non
876 3298 938 3338 esse

131 3377 221 3447 justos
235 3375 347 3440 dicunt;
364 3373 413 3430 sed
426 3389 482 3429 aon
506 3371 576 3429 sicut
598 3371 717 3428 baeretici
741 3379 847 3444 putant,
870 3370 938 3426 illud

132 3472 225 3521 monet
239 3465 323 3520 Deus.
338 3463 400 3518 Non
415 3461 488 3517 enim
511 3467 604 3519 monet
628 3469 655 3516 ut
675 3470 738 3517 ante
760 3460 939 3518 novissimam

133 3553 344 3618 ventilationem,
372 3560 400 3606 ut
423 3557 517 3622 putant
551 3549 680 3615 haeretici,
711 3565 741 3606 ss
760 3549 939 3620 corporaliter

133 3641 287 3698 dividenta
302 3639 392 3706 malis,
418 3639 467 3695 sed
487 3655 537 3710 per
558 3639 620 3694 vitae
643 3637 892 3693 dissimilitudinem
908 3653 938 3693 se

134 3732 280 3802 sejungant
296 3745 312 3786 a
326 3727 392 3786 uiris
408 3727 582 3802 sanguinum.
600 3727 655 3783 Viri
670 3733 760 3782 autem
774 3725 938 3799 sanguinum

133 3828 196 3876 sunt
227 3819 273 3891 qui
306 3817 423 3874 oderunt
464 3816 572 3884 iratres,
593 3815 663 3872 sicut
696 3816 815 3872 loannes
848 3813 936 3871 dicit:

134 3909 188 3977 cat
197 3909 256 3965 odit
270 3911 393 3980 fratrem
407 3923 501 3976 taam,
514 3905 655 3963 tonnae
664 3909 706 3962 est
717 3906 743 3976 (t
750 3906 831 3962 toan.
849 3903 900 3976 ιιι).

168 4025 254 4082 Vsus.
271 4027 305 4082 20
320 4045 383 4072 -ι
410 4023 508 4080 Nonne
528 4021 575 4095 qui
598 4020 716 4078 oderunt
739 4028 775 4086 te,
809 4017 936 4086 Domine,

134 4135 146 4161 ι
162 4112 285 4180 oderam,
300 4119 328 4168 et
342 4127 424 4184 saper
438 4111 564 4168 inhnicos
577 4117 640 4166 tuos
655 4105 854 4165 tabescebam?
870 4127 881 4160 ι

169 4220 268 4276 Nonne
283 4219 331 4292 pati
343 4219 464 4275 oderant
480 4221 517 4274 ιι.
534 4215 629 4290 [hug]
644 4215 728 4286 Quasi
739 4215 811 4272 dicat
827 4213 939 4270 :linere-

132 4307 180 4364 tici
195 4322 250 4363 non
265 4306 448 4381 intelligentes
471 4313 599 4363 accusant
618 4305 646 4360 in
665 4303 745 4360 honis
768 4301 938 4360 communio-

131 4412 196 4452 nem
220 4396 364 4452 malorum.
388 4395 442 4452 Sed
467 4393 531 4468 quid
553 4393 620 4450 mibi
641 4391 849 4460 calumniantur,
872 4389 939 4446 dicit

990 1391 1002 1420 ι
1019 1369 1158 1443 interroga
1173 1387 1227 1438 rus,
1245 1378 1270 1425 ιι
1285 1384 1422 1441 cognosce
1437 1368 1548 1424 semitas
1565 1383 1652 1424 meas.
1671 1389 1682 1419 ι

1023 1460 1110 1515 Proba
1123 1475 1177 1526 me,
1194 1459 1277 1514 Deus.
1295 1455 1390 1531 [hug]
1410 1459 1556 1529 Hucusque
1580 1457 1635 1529 egit
1650 1457 1684 1512 de
1699 1459 1790 1514 haere·

988 1547 1050 1604 ticis
1065 1557 1091 1604 et
1106 1547 1166 1602 aliis
1186 1564 1233 1604 eos
1248 1547 1425 1619 sequentibus
1447 1547 1480 1602 ab
1501 1545 1624 1602 Ecclesia
1648 1546 1787 1618 separatis,

987 1652 1060 1694 nnuc
1074 1637 1157 1692 etiam
1170 1637 1227 1709 agit
1243 1637 1277 1692 de
1298 1636 1377 1692 malis
1393 1635 1436 1692 vel
1458 1634 1529 1692 lictis
1551 1635 1603 1691 sibi
1627 1635 1789 1705 conjunctis,

989 1741 1057 1798 quos
1070 1725 1172 1797 patitur
1185 1724 1308 1781 Ecclesia
1323 1730 1349 1780 ιι
1363 1724 1457 1796 gemit.
1480 1723 1562 1793 Quasi
1575 1723 1646 1779 dicat
1662 1741 1668 1778 :
1693 1725 1788 1780 llaere·

988 1814 1034 1870 tici
1049 1829 1079 1869 se
1094 1821 1120 1870 ιι
1135 1813 1203 1869 alios
1217 1820 1353 1884 separant.
1370 1813 1445 1884 Ergo
1460 1828 1521 1868 cum
1545 1812 1679 1884 separatis
1702 1813 1789 1869 haere·

989 1901 1059 1970 ticis,
1075 1909 1102 1958 et
1117 1901 1174 1958 suis
1188 1901 1351 1974 sequacibus
1365 1907 1467 1956 restent
1481 1901 1546 1956 mali
1571 1901 1724 1973 inseparati,
1744 1900 1790 1956 in-

989 1998 1031 2046 ter
1044 2005 1113 2062 quos
1128 1990 1213 2063 gemit
1233 1990 1369 2058 Ecclesia,
1394 2005 1463 2062 quos
1486 1998 1514 2045 ιι
1530 1989 1637 2061 patitur,
1663 1989 1728 2061 quid
1751 1990 1788 2047 ait

988 2078 1074 2150 ipsa‘t
1089 2079 1157 2134 Vide
1172 2078 1247 2150 quid,
1265 2085 1320 2134 otu
1330 2079 1413 2145 Deus,
1425 2078 1510 2150 proba
1520 2095 1575 2148 ms,
1585 2083 1622 2145 et,
1634 2093 1684 2152 pro
1693 2078 1721 2133 id
1735 2086 1787 2146 est,

989 2169 1059 2223 scito
1068 2183 1117 2223 cor
1130 2183 1235 2238 meam,
1257 2167 1319 2239 quia
1333 2182 1389 2223 non
1399 2165 1540 2222 consentio
1550 2165 1629 2224 iactis
1643 2167 1786 2235 malorum,

988 2262 1018 2310 ιιι
1032 2257 1116 2320 Deus,
1131 2256 1227 2327 proba,
1242 2263 1271 2310 tu
1286 2254 1354 2311 scito
1368 2255 1441 2327 quod
1455 2271 1511 2310 non
1524 2263 1613 2326 potest
1627 2257 1709 2311 homo
1730 2271 1788 2312 aon

987 2344 1143 2410 haereticus,
1160 2343 1206 2416 qni
1230 2359 1282 2399 nec
1310 2343 1427 2414 probare
1454 2343 1539 2410 norit,
1564 2359 1615 2400 nec
1640 2343 1712 2400 scira
1740 2359 1789 2400 cor

988 2447 1098 2497 mcum;
1119 2430 1167 2486 sed
1182 2437 1211 2486 tu
1231 2431 1305 2486 solus
1325 2431 1372 2503 qui
1396 2430 1502 2485 rimaris
1524 2431 1629 2488 occulta
1652 2431 1786 2488 cordium.

987 2521 1060 2577 Ecce
1075 2521 1141 2592 quid
1156 2519 1192 2576 ait
1206 2520 1329 2592 proxima
1343 2519 1444 2576 Christi
1457 2519 1528 2575 inter
1551 2519 1630 2575 tilios.
1653 2521 1701 2588 tlte
1725 2528 1788 2576 sunt

988 2624 1072 2666 voces
1088 2609 1147 2678 ejus
1164 2627 1171 2664 ι
1185 2610 1270 2683 proba
1280 2624 1335 2676 me,
1345 2609 1428 2676 Deus,
1438 2609 1711 2666 attaitocormeam.
1724 2610 1788 2667 llaec

989 2697 1155 2763 conscientia
1172 2698 1274 2754 munda
1289 2705 1339 2766 ast,
1356 2705 1383 2753 et
1406 2696 1512 2768 species
1526 2696 1589 2752 tiliae
1604 2697 1678 2771 regis
1692 2697 1789 2753 intrin-

989 2801 1069 2843 secus
1084 2794 1135 2853 est,
1150 2803 1212 2859 quae
1227 2793 1268 2841 est
1280 2786 1351 2842 inter
1364 2785 1442 2854 filias,
1457 2785 1586 2841 attilium
1607 2786 1677 2842 inter
1694 2787 1788 2857 spinas

989 2875 1084 2948 (Cant.
1102 2879 1143 2946 ιι).
1161 2875 1246 2946 Quasi
1261 2875 1334 2932 dicat
1351 2893 1357 2930 :
1374 2875 1416 2932 illi
1427 2882 1487 2930 sunt
1510 2874 1630 2941 inimici;
1656 2883 1682 2932 to
1710 2891 1787 2948 vero,

988 2964 1073 3030 Deus,
1089 2963 1176 3035 proba
1189 2981 1243 3032 me,
1259 2964 1365 3021 etscito
1379 2979 1542 3020 cormeum.
1567 2966 1713 3036 Interropa
1732 2981 1786 3032 me,

987 3060 1017 3107 ut
1031 3068 1199 3124 negarenon
1219 3053 1332 3124 possim.
1358 3052 1443 3120 Quasi
1466 3052 1562 3108 dicat:
1587 3052 1788 3121 Quaestionibus

988 3147 1183 3214 interrogatus,
1199 3156 1255 3196 non
1268 3147 1359 3212 potest
1373 3155 1473 3212 negare
1495 3157 1556 3212 quas
1570 3147 1649 3213 gesta
1662 3149 1743 3210 sunt;
1759 3146 1788 3197 ct

989 3229 1246 3302 copnoscasemitas
1262 3245 1350 3295 meos,
1379 3228 1407 3284 id
1429 3235 1470 3284 est
1484 3236 1654 3303 perscrutare
1676 3227 1788 3287 consilia

989 3326 1016 3374 et
1030 3317 1221 3392 cogitationes.
1236 3318 1271 3375 Ut
1285 3317 1351 3391 quid
1366 3319 1378 3374 ι
1396 3333 1461 3374 ecce
1479 3335 1486 3373 ι

991 3531 1003 3562 ι
1020 3519 1080 3575 ιιι;
1098 3517 1124 3565 ιι
1137 3509 1227 3566 deduc
1241 3525 1285 3566 ma
1299 3510 1328 3564 in
1341 3509 1386 3565 ria
1400 3517 1535 3566 aterna.»

1023 3600 1059 3655 Et
1069 3597 1129 3655 aide
1140 3600 1217 3655 sicia
1227 3599 1390 3673 iniquitatis
1399 3599 1432 3655 in
1442 3615 1487 3656 me
1492 3603 1544 3670 ιιι,
1555 3598 1652 3674 [hug]
1662 3600 1787 3658 iaciendo

989 3687 1035 3744 vel
1051 3687 1257 3746 consentiendo.
1282 3686 1310 3742 Si
1334 3687 1399 3759 qaid
1422 3696 1513 3744 autern
1536 3688 1674 3746 inveneris
1698 3690 1725 3744 in
1746 3690 1790 3746 ria

988 3791 1060 3845 mea,
1077 3776 1151 3847 quod
1165 3775 1252 3832 oculis
1267 3775 1320 3830 tuis
1334 3774 1485 3845 displiceat,
1508 3776 1571 3848 qnia
1586 3777 1631 3833 via
1644 3793 1704 3833 mea
1719 3783 1793 3835 mor-⁸

988 3863 1050 3920 talis
1064 3871 1116 3919 est.
1131 3865 1170 3919 Τιι
1186 3862 1275 3920 deduc
1284 3879 1329 3919 ma
1343 3865 1375 3920 ιι
1385 3866 1559 3932 aiaoeterma,
1575 3881 1636 3936 ιιι
1651 3873 1692 3921 ιιι
1708 3866 1789 3922 Chri-

988 3960 1056 4008 stus.
1069 3951 1192 4008 Christus
1206 3951 1277 4007 enim
1292 3959 1410 4008 aeternus
1425 3960 1477 4020 est,
1494 3953 1540 4024 qui
1551 3953 1618 4008 dixit
1633 3971 1640 4009 :
1657 3955 1709 4028 Epo
1725 3972 1789 4012 sam

988 4042 1043 4107 cia,
1059 4043 1163 4098 ueritas
1178 4045 1207 4097 et
1222 4040 1456 4114 aita(toon.xtv).
1466 4041 1496 4097 ln
1508 4043 1560 4099 hac
1574 4059 1641 4116 ergo
1656 4043 1699 4099 uia
1714 4045 1790 4101 nulla

988 4137 1030 4185 est
1041 4129 1179 4203 iniquitas,
1197 4129 1261 4201 quia
1276 4129 1299 4184 si
1314 4128 1374 4201 quis
1389 4138 1496 4201 peccat,
1512 4132 1675 4188 advocatum
1699 4134 1788 4190 babe-

987 4235 1049 4274 mus
1064 4218 1137 4290 apud
1152 4219 1258 4273 Patrem
1271 4219 1365 4274 tasum
1380 4219 1518 4276 Christum
1537 4221 1564 4290 (l
1575 4222 1655 4278 toan.
1672 4223 1743 4294 ιιι).

1024 4307 1074 4362 Vel
1086 4323 1121 4362 ex
1134 4323 1250 4377 persona
1266 4307 1361 4379 capitis
1382 4317 1472 4380 potest
1492 4309 1579 4380 accipi
1594 4311 1627 4366 ab
1641 4310 1689 4366 illo
1704 4312 1766 4369 loco
1782 4331 1789 4368 ε

989 4396 1018 4454 Si
1036 4395 1180 4452 occidcrb.
1197 4395 1318 4468 [lisym.,
1333 4394 1389 4465 ot,
1401 4396 1462 4470 ina]
1470 4397 1555 4467 Quasi
1569 4398 1640 4454 dicat
1656 4417 1663 4454 ε
1679 4401 1713 4454 ιιι
1727 4401 1789 4472 quia

131 4499 233 4556 corpus
255 4483 352 4540 Christi
385 4483 420 4540 de
441 4482 629 4540 commistione
661 4481 814 4538 malorum?
839 4479 937 4536 Nonne
950 4469 977 4530 D
988 4486 1105 4541 surrexi
1114 4487 1142 4540 ct
1151 4487 1244 4542 tecam
1253 4501 1328 4551 satu,
1344 4484 1415 4552 ideo,
1432 4486 1533 4542 alteus
1550 4487 1636 4557 Pater,
1651 4490 1676 4544 st
1683 4487 1790 4546 occide·

132 4572 213 4628 etiam
227 4572 301 4627 misti
315 4572 368 4627 illis
392 4572 510 4642 separati
534 4587 629 4626 sumus
648 4571 684 4626 ab
711 4569 789 4624 iltist
805 4567 878 4640 quod
898 4566 936 4622 ila
990 4573 1030 4629 ria
1040 4581 1208 4644 peccatores,
1219 4573 1248 4628 ιιι
1262 4572 1350 4630 tuturo
1367 4574 1471 4640 dicens,
1481 4575 1535 4631 viri
1545 4575 1728 4648 soapoinam,
1739 4577 1790 4634 de-

130 4661 168 4716 ait
184 4679 191 4718 :
208 4661 314 4730 Nonae,
332 4663 486 4726 ademtae,
498 4660 611 4718 oderam
621 4659 681 4715 illos
692 4659 740 4734 pai
754 4657 937 4716 oderanttet
990 4662 1126 4719 atinatea
1140 4678 1194 4728 me,
1206 4661 1279 4729 ideo,
1290 4663 1357 4735 prtia
1371 4663 1468 4720 dicitis
1477 4663 1512 4718 de
1521 4664 1694 4734 preconibus
1708 4666 1788 4737 meis,

131 4749 187 4806 Cur
199 4749 309 4824 exigunt
324 4766 341 4804 a
355 4767 399 4806 me
422 4749 593 4821 corporalem
608 4765 623 4804 a
646 4747 726 4804 malis
745 4754 808 4803 ante
827 4752 935 4815 tempus

131 4839 230 4894 messis
254 4840 462 4911 separationem,
486 4845 515 4893 ut
538 4845 600 4894 ante
621 4847 728 4910 tempas
751 4831 935 4892 ventilationis

131 4927 246 5000 perdam
256 4927 426 4984 tolerantiam
436 4927 587 4983 sustinendi
595 4926 704 4998 paleam
717 4927 732 4982 ι
747 4932 775 4982 ιι
789 4930 935 4996 antequam

131 5017 225 5073 omnia
242 5033 344 5090 genera
358 5016 474 5088 piscium
488 5016 522 5071 ad
537 5013 619 5072 linem
634 5015 735 5082 saeculi,
756 5022 884 5086 tanquam
899 5007 934 5066 ad

130 5105 206 5161 littus
221 5106 374 5177 separanda
388 5105 558 5178 perveniant,
584 5104 653 5160 retia
676 5103 751 5176 pacis
771 5099 935 5171 unitatisque

132 5193 934 5268 dirumpamlttlattttmru.)Etnonnesaperinimicostaor

131 5276 934 5357 quosvidebampraeterirelegemtuamtabescebamtuti-

130 5389 183 5445 qna
198 5372 256 5428 zelo
269 5373 367 5429 domus
382 5381 434 5430 taae
448 5372 503 5428 vidi
523 5373 687 5428 insensatos.
702 5373 737 5427 Et
746 5369 933 5427 tabescebam.

131 5461 214 5531 Quasi
222 5461 293 5518 dicat
305 5461 715 5528 :Sacramentismalorummn
723 5459 801 5517 iactis
810 5475 936 5518 commo·

130 5549 250 5609 nicotii
262 5549 582 5625 zelodomustutesoper
596 5565 645 5608 eos
654 5550 775 5623 tabesco,
786 5551 935 5612 sedtamen

989 4752 1022 4806 ιιι
1037 4751 1215 4822 capitatione,
1228 4751 1299 4822 quod
1310 4751 1387 4822 pejus
1397 4757 1527 4823 estqusm
1542 4751 1633 4809 dicere
1647 4769 1704 4810 ore.
1721 4756 1790 4825 Hoc,

989 4837 1110 4911 inquam,
1127 4838 1215 4895 dicitis
1227 4856 1233 4894 ι
1246 4840 1395 4912 Accipiunt
1405 4842 1572 4898 incantante
1586 4843 1792 4911 civitatenses

991 4928 1103 5000 quidem
1116 4928 1144 4982 in
1158 4927 1308 4985 aeternitate
1328 4927 1450 4986 civitates
1470 4945 1546 4994 saar,
1564 4930 1593 5008 id
1615 4939 1656 4986 est
1676 4932 1792 5004 populos

991 5032 1067 5072 suos.
1082 5016 1120 5084 si,
1138 5009 1260 5088 inqtram,
1277 5016 1420 5086 occideris,
1447 5034 1543 5076 nonae
1557 5021 1605 5094 pai
1619 5016 1741 5076 oderunt
1752 5025 1789 5090 tc,

990 5106 1117 5170 Domine,
1132 5105 1247 5162 oderam
1263 5105 1391 5178 tUtique,
1407 5106 1486 5162 idest
1500 5107 1524 5162 si
1537 5107 1681 5175 occideris,
1698 5117 1725 5164 et
1738 5123 1792 5184 ego

991 5192 1124 5250 occidam.
1134 5193 1266 5260 Etnonne
1281 5211 1366 5267 saper
1378 5195 1508 5253 inimicos
1524 5200 1588 5252 taos
1599 5195 1794 5255 intercedam?

991 5282 1133 5339 irascendo
1146 5283 1268 5354 peccatis
1287 5283 1403 5339 eorum?
1416 5285 1521 5356 utique.
1544 5263 1578 5342 Ei
1590 5290 1716 5359 perfecto
1731 5288 1792 5346 odio

991 5372 1106 5430 oderam
1120 5372 1205 5439 ittos,·
1221 5387 1276 5427 non
1291 5379 1409 5428 mutatur
1423 5389 1530 5429 sensus.
1545 5375 1581 5429 Et
1595 5377 1707 5432 inimici
1719 5377 1794 5450 sacti

991 5465 1061 5518 sant
1076 5460 1156 5517 miti.
1172 5461 1231 5517 Nec
1245 5460 1296 5517 hoc
1310 5469 1405 5518 mutat.
1421 5463 1511 5519 Proba
1524 5481 1580 5532 me,
1596 5465 1677 5532 Deua,
1693 5463 1790 5540 [illem

991 5547 1127 5622 Cassiod]
1141 5565 1223 5625 quam
1244 5549 1331 5608 libere
1359 5559 1457 5610 cuncta
1471 5551 1594 5626 egerim3
1611 5558 1640 5616 ιι
1654 5555 1727 5614 scito
1748 5571 1797 5614 cor
