3906 6056
192 233 262 291 ttst
869 228 970 286 PETRI
983 227 1163 286 conanum
1769 225 1835 280 llll

189 359 325 424 diderunt,
344 354 474 427 precandi
497 354 624 428 gentibus
653 353 825 411 occasionem
840 353 983 408 dederunt.
995 355 1022 415 Α
1036 352 1109 409 dicat
1120 368 1126 406 :
1138 359 1235 423 potens
1249 357 1290 406 est
1300 350 1421 406 inserere
1435 356 1541 406 atsere.
1557 349 1626 403 Nam
1634 348 1798 416 inserantur,
1810 359 1834 404 et

191 445 250 512 Vel,
267 445 323 501 noli
337 444 450 518 gloriari
464 444 497 499 ad
510 459 603 499 ramos
618 452 731 499 stantes.
756 442 869 511 Quodsi
884 442 987 512 picria·
1037 440 1214 496 hocaminori
1224 439 1321 511 probat
1331 438 1446 510 loquens
1461 438 1496 493 ad
1504 438 1634 510 gentilem
1648 481 1656 503 ,
1672 437 1751 509 quasi
1774 452 1834 493 vere

188 529 988 605 riradversusillos,diciturtibi,ogantilis,quodnanta
1036 528 1202 584 inserentur.
1244 529 1315 584 Nam
1342 531 1398 596 tu,
1423 542 1439 580 o
1463 526 1583 599 gentilis,
1608 528 1722 583 excisas
1745 542 1774 581 es
1798 543 1834 582 ea

190 616 433 694 redicampartas,
445 621 493 676 aed
505 621 591 676 radic
607 624 642 686 te,
655 619 682 674 id
693 627 734 674 est
744 634 814 692 gens
827 618 874 672 illa
884 617 922 672 nil
936 626 987 672 ata
1037 618 1168 683 oleastro,
1180 615 1208 670 id
1219 623 1259 671 ast
1270 615 1366 670 ritibus
1380 615 1522 688 gentilium
1537 615 1683 682 sterilium,
1694 615 1833 684 natarali,

190 710 282 778 habet,
298 709 346 765 sad
361 709 395 764 ab
412 725 445 765 aa
457 707 539 764 fidem
550 709 644 763 habas.
662 707 735 763 Dicis
745 723 823 780 argo,
836 721 852 761 o
866 705 986 778 gentilis,
1038 705 1086 761 tibi
1098 704 1162 777 quia
1174 705 1238 760 inda
1264 703 1344 760 etiam
1374 711 1454 758 uatus
1468 720 1509 759 as.
1525 702 1683 760 Idololatria
1710 701 1793 769 euim,
1810 711 1835 758 et

190 801 364 870 sanctisunt
386 801 470 864 rami,
497 802 531 852 ιιι
558 814 605 869 epo
628 798 749 853 inserar.
779 795 863 864 Quasi
891 795 986 851 dicat:
1037 794 1193 861 hujusmodi
1208 792 1336 866 gentibus
1355 808 1388 847 ax
1404 809 1454 847 usu
1470 801 1532 847 sunt
1548 792 1624 864 quasi
1641 791 1786 846 naturalia.
1802 793 1835 846 Et

192 887 220 941 Si
262 902 317 942 nou
357 894 454 942 contra
495 893 621 952 stantes,
652 884 696 939 vel
723 890 819 940 contra
849 899 898 938 eos
924 882 988 939 licet
1036 882 1161 938 insertus
1176 899 1205 938 es
1220 882 1362 938 inbonam
1382 881 1495 946 olivam,
1511 879 1538 934 id
1567 889 1609 936 est
1623 881 1713 935 unitus
1740 897 1770 934 es
1785 896 1835 950 per

192 974 303 1048 gloriari
326 974 390 1030 dicit
418 973 536 1047 gentilis,
566 973 612 1044 qui
636 987 721 1027 causa
741 971 896 1026 insertionis
919 987 988 1027 meaa
1037 968 1118 1026 lrdam
1147 970 1310 1042 patriarchis
1337 977 1363 1024 et
1392 968 1537 1041 apostolis,
1566 969 1612 1041 qui
1640 968 1834 1042 pinguedinem

192 1063 294 1134 repulsi
309 1070 380 1132 sunt,
397 1061 469 1134 quod
493 1067 615 1116 removet
630 1060 785 1130 Apostolus,
801 1060 838 1114 ita
867 1059 986 1115 dicens:
1037 1059 1122 1114 sancti
1137 1057 1251 1129 Spiritus
1266 1058 1430 1113 habuerunt.
1461 1055 1643 1129 [Ambrosius]
1672 1056 1835 1112 Oliraenim

192 1153 265 1207 liene
288 1149 366 1214 dicis,
396 1149 424 1203 id
449 1156 490 1203 est
512 1165 605 1204 rerum
630 1147 760 1219 estquod
783 1147 862 1214 dicis,
885 1147 989 1203 seilicet
1037 1147 1080 1202 hic
1095 1146 1252 1217 intelligitur
1266 1145 1336 1200 tides
1350 1146 1573 1216 patriarcharum.
1597 1147 1717 1201 lnaertus
1733 1163 1774 1213 as,
1791 1147 1835 1201 di-

192 1237 265 1308 quod
289 1235 368 1292 lraeti
395 1243 467 1302 sunt,
486 1236 534 1290 sed
557 1236 630 1306 quod
653 1235 731 1290 addis
746 1242 774 1289 ut
789 1251 842 1307 ego
869 1235 985 1301 inserar,
1037 1250 1078 1302 ao,
1096 1243 1122 1289 et
1137 1235 1180 1290 bic
1196 1239 1296 1290 contra
1311 1238 1458 1301 aeteram,
1475 1233 1665 1305 quianaturale
1680 1242 1760 1290 estut
1773 1252 1834 1290 sur·

191 1324 258 1378 illud
274 1338 327 1378 non
366 1331 408 1378 est
432 1338 515 1379 causa
540 1321 687 1388 alliciens,
717 1323 766 1378 sad
793 1325 884 1394 fracti
907 1327 986 1392 sant,
1036 1323 1127 1378 culum
1143 1322 1221 1377 bonae
1237 1322 1344 1377 arboris
1368 1323 1520 1376 inseramus
1544 1322 1571 1376 in
1594 1331 1717 1378 truncum
1744 1325 1832 1392 malae,

192 1415 308 1484 propter
322 1412 555 1468 incredulitatem
570 1427 655 1477 suam,
672 1411 699 1465 id
714 1419 755 1466 est
771 1427 820 1466 suo
836 1411 910 1467 vitio.
929 1412 987 1467 Un-
1037 1423 1091 1462 non
1108 1407 1245 1462 surculum
1260 1406 1340 1462 malm
1355 1406 1381 1460 in
1396 1415 1520 1462 truncum
1535 1407 1624 1462 borrae.
1637 1409 1670 1462 Et
1698 1408 1833 1464 boc-insi-

102 1543 106 1548 .
191 1500 226 1556 de
236 1500 293 1568 tibi,
305 1499 492 1570 opportunitas
509 1499 603 1554 salutis
613 1499 660 1553 luit
672 1515 726 1554 nou
747 1507 907 1569 propterte.
927 1500 988 1554 Nou
1038 1494 1208 1551 titiodicitur.
1221 1495 1295 1566 (331)
1308 1494 1413 1550 Dicitur
1423 1503 1514 1550 autern
1523 1496 1642 1551 humano
1653 1511 1728 1552 more
1739 1505 1834 1553 contra

192 1587 264 1643 euim
274 1588 360 1643 Judaei
370 1595 433 1642 sunt
443 1587 604 1658 reprobatio
620 1587 678 1642 lieo
693 1595 722 1642 ut
733 1595 830 1660 gantas
847 1587 986 1656 intrarent,
1037 1590 1159 1638 naturam
1175 1599 1246 1650 esse,
1263 1583 1336 1654 quod
1350 1591 1391 1638 est
1415 1591 1511 1640 contra
1526 1592 1629 1639 naturae
1642 1601 1732 1650 usum,
1758 1602 1833 1640 mor-

192 1676 240 1731 aed
256 1675 308 1747 ipsi
322 1675 428 1746 seipsos
444 1675 577 1746 reprobos
606 1674 727 1731 lecerunt
757 1683 918 1746 spernentes
937 1676 987 1730 Dei
1003 1671 1135 1766 Btalibus
1150 1679 1253 1739 notum,
1269 1672 1339 1728 sicut
1365 1680 1407 1726 est
1435 1670 1511 1738 illud,
1534 1681 1561 1727 ut
1576 1673 1700 1728 surculus
1715 1673 1832 1730 fructum

190 1764 302 1819 donum.
319 1764 396 1819 Unde
411 1769 439 1819 at
459 1762 634 1820 occasionem
649 1763 783 1818 dederunt
811 1763 936 1835 gentibus
951 1763 987 1818 ad
1040 1760 1126 1816 radici
1142 1759 1218 1815 ierat.
1235 1760 1262 1814 ld
1277 1760 1349 1815 euim
1376 1768 1472 1828 contra
1491 1767 1626 1827 naturam,
1645 1761 1710 1818 dicit
1740 1766 1834 1834 Apos-

190 1853 314 1907 salutam.
331 1850 420 1920 Quam
443 1851 626 1908 extollentiam
647 1851 758 1922 reprimi
773 1851 838 1920 vult,
855 1859 884 1906 ut
899 1851 986 1922 magis
1038 1848 1109 1904 tolus
1125 1848 1197 1919 quod
1210 1856 1252 1903 est
1266 1857 1360 1904 contra
1384 1849 1607 1904 consuetudinem
1622 1858 1734 1917 naturm,
1752 1867 1834 1922 quam

190 1939 269 1995 saluti
284 1939 497 2012 congaudeatur,
513 1955 568 1994 non
583 1937 734 1994 infirmitati
752 1938 903 1995 insultatur.
934 1940 986 1994 Fa·
1037 1937 1132 1991 notitia
1147 1938 1264 1992 bumana
1288 1937 1501 2008 comprehendit.
1526 1939 1601 1993 Deus
1620 1947 1709 1993 autem
1725 1950 1834 1996 creator

190 2029 241 2085 aila
256 2028 328 2083 enirn
344 2027 479 2097 decipitur
493 2027 538 2098 qui
554 2027 654 2099 gaudet
670 2027 864 2082 alieuismalis.
1038 2031 1063 2080 ει
1078 2025 1203 2080 conditor
1230 2025 1351 2080 omniurn
1379 2034 1556 2092 naturarum,
1583 2025 1619 2080 nil
1634 2035 1730 2082 contra
1755 2037 1834 2083 natu·

228 2117 267 2172 Ta
282 2120 379 2171 autem
388 2117 447 2187 (ide
461 2120 530 2182 stas,
548 2116 622 2185 (329)
639 2115 723 2184 Quasi
737 2115 817 2170 dicat:
837 2114 904 2171 Vide
919 2131 985 2188 gra·
1037 2129 1096 2168 ram
1124 2113 1197 2178 lacit,
1215 2113 1279 2184 quia
1294 2113 1320 2168 id
1336 2121 1507 2181 estuaturae,
1523 2115 1567 2170 sel
1586 2115 1706 2170 naturale
1735 2117 1834 2189 auique

190 2204 253 2259 tiam
277 2205 348 2260 Novi
367 2204 543 2259 Testamenti.
573 2204 652 2272 Quod
677 2212 732 2259 stas
753 2204 802 2259 Dai
823 2202 984 2259 beneficium
1037 2201 1076 2256 rei
1096 2201 1170 2272 quod
1187 2201 1360 2273 lacit,aquo
1381 2210 1420 2257 εει
1440 2203 1530 2258 οιιιιιιε
1555 2203 1662 2270 modus,
1690 2219 1831 2272 numerus,

188 2301 239 2362 est,
250 2308 304 2348 non
315 2300 387 2347 tuum
400 2292 577 2348 meritumEt
590 2291 662 2362 ideo,
679 2291 733 2347 noli
748 2292 831 2346 altum
843 2307 948 2363 sapere,
957 2292 986 2347 id
1036 2289 1104 2344 ordo
1115 2296 1227 2356 naturae,
1239 2290 1288 2345 sad
1302 2298 1391 2346 tamen
1419 2306 1475 2346 uon
1493 2290 1644 2364 incongrua
1667 2291 1767 2348 dicitur
1779 2295 1832 2347 ali-

190 2389 232 2437 ast
247 2381 364 2452 superbe
379 2396 487 2452 sapere,
498 2396 533 2436 ne
543 2389 569 2436 et
579 2389 605 2435 tu
621 2380 758 2453 frangaris
772 2397 820 2451 par
830 2381 986 2451 superbiam
1036 2377 1102 2449 quid
1117 2377 1207 2433 lacera
1231 2387 1324 2434 contra
1347 2387 1480 2446 naturam,
1511 2380 1617 2452 quando
1646 2379 1710 2436 iacit
1738 2390 1834 2436 contra

190 2477 217 2526 ot
230 2469 276 2525 ille
288 2486 337 2540 per
351 2469 576 2535 incredulitatem,
594 2469 642 2525 sed
657 2471 737 2535 time,
753 2477 827 2546 caste
841 2470 915 2534 time,
932 2469 985 2524 sci·
1037 2466 1064 2521 id
1080 2467 1152 2537 quod
1167 2467 1293 2522 novimus
1317 2467 1345 2522 in
1361 2476 1466 2523 natura.
1484 2469 1562 2525 ilaue
1576 2469 1649 2524 enirn
1676 2469 1759 2524 etiarn
1786 2487 1833 2525 ao·

189 2556 480 2623 licetolleudere,non
508 2557 611 2612 scilicet
625 2557 730 2613 incidas
759 2558 787 2611 in
810 2556 983 2628 supplicium,
1035 2554 1141 2626 grauun
1157 2554 1236 2610 uobis
1255 2570 1365 2610 cursum
1381 2555 1559 2627 appellamus,
1576 2556 1831 2628 solitumqueuatu·

188 2647 237 2701 aad
257 2662 292 2701 na
317 2645 425 2700 amittas
455 2653 536 2701 tuntae
564 2645 659 2718 gratia
699 2644 871 2710 beneficium,
904 2645 981 2701 53
1035 2658 1083 2709 rae,
1099 2651 1288 2714 contraquam
1303 2660 1366 2700 cum
1379 2645 1453 2700 Deus
1474 2644 1578 2717 aliquid
1593 2644 1666 2715 lacit,
1682 2647 1830 2720 magnalia,

186 2733 268 2789 timor
283 2734 356 2788 enirn
371 2741 459 2788 castus
475 2741 526 2803 est,
556 2749 619 2789 curn
639 2741 717 2789 cavet
740 2733 840 2800 anima,
857 2749 891 2788 ne
910 2734 984 2788 Deus
1034 2731 1077 2786 vel
1092 2730 1224 2786 mirabilia
1239 2730 1373 2798 dicuutur,
1390 2731 1433 2787 val
1447 2732 1630 2788 nominantur.
1648 2734 1748 2789 Contra
1763 2751 1831 2790 vero

184 2820 395 2876 illamdesertus
411 2822 533 2876 deserar.
560 2821 634 2892 (330)
660 2822 693 2876 Et
717 2821 812 2876 timere
833 2820 929 2876 dabas:
954 2821 984 2876 Si
1033 2817 1107 2874 illam
1136 2835 1269 2874 summam
1297 2828 1402 2875 naturae
1426 2821 1654 2892 legemauotitia
1687 2831 1829 2890 remotam,

185 2912 328 2966 enimnon
348 2910 473 2982 pepercit
488 2911 561 2965 Deus
583 2909 765 2966 naturalibus
784 2912 882 2976 ramis,
900 2910 983 2965 idest
1033 2906 1090 2962 sive
1119 2906 1272 2977 impiorum,
1290 2907 1348 2964 sive
1375 2907 1553 2978 infirmorum,
1578 2918 1632 2966 tarn
1652 2911 1727 2966 Deus
1755 2911 1831 2966 nullo

183 2997 293 3065 Judaeis,
306 2997 352 3070 qui
362 2998 564 3069 quodammodo
577 2998 716 3052 naturales
731 2997 801 3053 rami
814 3006 885 3063 sunt,
911 3013 984 3068 prae-
1034 2994 1115 3049 modo
1130 2993 1202 3061 lacit,
1218 3011 1301 3066 quarn
1317 3004 1408 3052 eontra
1424 2996 1545 3068 seipsum
1560 3013 1614 3053 non
1628 2997 1700 3054 iacit.
1719 2999 1832 3067 Quanto

185 3085 894 3160 rogativapatrumquibusiactaescpromissio,vide,
906 3086 980 3142 scili·
998 3058 1131 3155 Ganapia.
1150 3082 1235 3151 Quasi
1249 3083 1321 3140 dieat
1338 3102 1344 3139 :
1360 3085 1432 3139 Etsi
1447 3086 1499 3141 hoc
1514 3092 1556 3141 ast
1580 3086 1652 3157 quod
1668 3087 1761 3158 utique
1775 3095 1831 3152 est,

183 3183 227 3232 cet
247 3193 283 3232 ne
302 3177 354 3230 hoc
363 3177 448 3246 sorte,
458 3174 609 3246 contingat,
625 3175 698 3246 quod
714 3175 808 3246 utique
821 3175 981 3246 contingere
1032 3179 1132 3242 quanto
1149 3172 1237 3244 magis
1250 3173 1282 3228 lai
1295 3175 1343 3246 pai
1368 3180 1430 3228 sunt
1452 3174 1609 3230 secandam
1637 3179 1785 3242 naturam,
1803 3177 1834 3231 id

182 3271 281 3334 potest,
293 3270 323 3318 ut
337 3279 389 3319 nec
400 3263 450 3318 tibi
459 3261 548 3318 aliano
558 3266 668 3336 parcat.
681 3261 863 3335 {Ambrosius
873 3261 980 3335 llaimo]
1032 3267 1073 3313 est
1087 3259 1173 3315 Judaei
1188 3259 1234 3331 qui
1249 3269 1311 3315 sunt
1326 3261 1414 3317 edocti
1429 3261 1456 3315 in
1470 3261 1533 3335 lage
1552 3263 1654 3318 cultum
1669 3263 1729 3331 Dei,
1749 3265 1833 3320 inse-

183 3350 212 3406 Si
226 3350 298 3406 euim
315 3351 387 3406 ¹Deus
402 3350 501 3406 Judaeis
511 3365 565 3405 non
582 3351 712 3421 pepercit,
732 3350 776 3422 qui
791 3351 920 3408 asanotia
933 3367 980 3421 pa·
1030 3351 1133 3403 rentur
1144 3365 1202 3404 sna
1215 3349 1304 3418 oliva,
1324 3349 1353 3403 id
1368 3357 1410 3404 est
1429 3349 1557 3406 unientur
1572 3367 1622 3408 suo
1644 3351 1755 3423 populo.

183 3438 271 3493 tribus
292 3437 426 3509 originem
441 3438 585 3504 ducebant,
602 3446 628 3493 et
642 3455 675 3493 ex
691 3454 807 3510 quorum
821 3447 902 3508 genta
921 3439 980 3510 ipse
1067 3436 1152 3491 vans.
1172 3439 1266 3494 3533.
1282 3467 1317 3476 -
1333 3458 1345 3488 ι
1359 3437 1430 3492 Νοιο
1452 3438 1524 3494 enim
1540 3455 1589 3496 vos
1617 3440 1757 3512 ignorare,
1773 3440 1835 3497 lra-

182 3541 290 3581 caruem
307 3525 464 3596 assumpsit,
480 3525 564 3580 multo
593 3526 681 3598 magis
703 3541 755 3582 nec
769 3526 846 3582 vobis
875 3535 980 3598 parcet,

183 3613 206 3668 sl
221 3629 238 3668 a
251 3612 307 3668 lida
320 3612 498 3677 recesseritis,
511 3613 588 3668 velia
610 3614 766 3685 superbiam
787 3613 978 3671 intumueritis.

182 3700 287 3756 Deinde
302 3700 408 3756 duobus
423 3700 582 3772 premissis,
598 3700 653 3756 duo
668 3701 719 3756 alia
730 3701 850 3757 reddens
878 3703 978 3758 subdit:

186 3790 248 3846 Vide
257 3805 331 3860 erpo.
347 3788 433 3866 Quasi
446 3789 528 3846 dicat:
554 3788 623 3858 Quia
644 3788 698 3845 sule
722 3798 787 3858 stas,
817 3791 886 3846 Vide
914 3807 980 3862 ergo

186 3879 349 3944 benitatem
366 3885 393 3934 et
404 3878 573 3950 quiailliper
583 3877 801 3935 incredulitatem
815 3878 891 3936 tracti
906 3887 978 3946 sunt,

183 3966 245 4022 vide
260 3968 449 4032 seueritatem,
467 3966 494 4021 id
518 3973 559 4021 est
581 3966 732 4022 districtam
758 3967 888 4036 justitiam
917 3968 978 4023 Dei.

183 4053 334 4110 Bonitatem
342 4061 369 4110 ει
382 4054 556 4110 severitatem
570 4055 620 4109 Dei
646 4062 789 4122 memorat,
821 4055 883 4127 quia
899 4055 980 4111 boni-

182 4149 236 4197 tate
247 4143 343 4198 suadet
359 4149 385 4197 et
407 4142 550 4197 severitate
579 4150 672 4198 terret.
702 4144 854 4215 Utrumque
869 4160 946 4215 ergo,
962 4160 979 4200 o

185 4229 303 4301 gentilis,
321 4229 444 4295 adverte,
460 4237 546 4300 etper
560 4239 704 4303 utrumque
727 4231 802 4288 disce
832 4231 977 4288 humiliari.

1033 3531 1123 3591 «tres,
1141 3525 1300 3595 mysterium
1313 3526 1375 3591 hoc,
1405 3534 1502 3581 utnon
1528 3527 1587 3582 sitis
1603 3529 1681 3584 robis
1703 3529 1770 3600 ipsis
1787 3547 1834 3584 sa-

1033 3633 1045 3661 ι
1062 3611 1178 3682 pientes,
1195 3613 1257 3684 quia
1276 3613 1384 3669 caecitas
1400 3623 1527 3686 exparte
1552 3617 1665 3688 configit
1688 3617 1715 3672 in
1731 3619 1831 3688 lsrael,

1032 3723 1043 3748 a
1062 3700 1148 3756 donec
1163 3701 1302 3772 plenitudo
1316 3703 1439 3773 gentium
1454 3704 1577 3774 intraret,
1594 3713 1620 3761 et
1636 3705 1773 3762 sicomuis
1786 3707 1832 3762 ts-

1032 3811 1043 3836 ιι
1062 3788 1121 3844 rael
1136 3789 1227 3844 salvus
1251 3787 1339 3858 fieret,
1356 3790 1425 3847 sicut
1453 3792 1583 3864 scripturn
1609 3803 1650 3849 est
1665 3812 1671 3848 :
1688 3795 1786 3851 Veniet
1797 3813 1832 3852 ex

1032 3899 1043 3924 a
1062 3876 1129 3932 Sicu
1143 3877 1190 3949 qui
1205 3877 1301 3949 eripiat
1318 3887 1344 3934 at
1357 3889 1463 3935 avertat
1478 3881 1643 3953 impietatem
1658 3884 1782 3940 alacob.
1795 3886 1833 3939 Et

1033 3985 1044 4015 ι
1062 3967 1113 4022 hoc
1127 3965 1181 4020 illis
1195 3982 1211 4022 a
1226 3983 1269 4022 me
1284 3975 1475 4024 testamentum
1489 3985 1551 4026 curn
1564 3970 1702 4028 abstulero
1717 3983 1832 4044 peccata

1032 4069 1166 4110 aeorum.
1193 4055 1347 4111 Secundum
1379 4057 1558 4131 Evangelium
1586 4060 1694 4132 quidem
1723 4061 1832 4118 inimici
1930 4111 1931 4140 ἶ

1031 4149 1173 4213 «propter
1187 4159 1246 4210 vos,
1258 4145 1407 4200 secundum
1426 4146 1589 4204 electionem
1611 4157 1700 4204 autern
1719 4151 1831 4206 cbaris-

1032 4250 1043 4281 ι
1056 4229 1116 4284 simi
1128 4240 1240 4301 propter
1249 4241 1351 4303 patres.
1361 4233 1425 4289 Sine
1435 4235 1672 4305 poenitentiaeuirn
1681 4247 1744 4292 suut
1753 4239 1831 4294 dona

183 4318 216 4374 ln
227 4333 272 4374 eos
280 4319 391 4390 quidem
401 4319 631 4391 paiceciderant,
643 4321 940 4387 vidaseucriiatem3in
952 4325 980 4379 tc
1034 4319 1257 4375 «atvocatioDei.
1267 4320 1343 4376 Sicut
1351 4322 1423 4378 enim
1431 4323 1578 4396 aliquando
1586 4333 1612 4380 et
1620 4341 1668 4381 vos
1676 4329 1831 4383 noncredi·

186 4411 293 4474 autem,
303 4406 364 4461 ride
378 4407 534 4463 bonitatem
541 4408 600 4474 Dei,
612 4424 665 4480 qua
678 4409 725 4462 tibi
736 4409 899 4465 beneficium
911 4411 1015 4470 con-I)
1030 4406 1192 4462 adistisltao
1202 4427 1209 4474 ;
1219 4424 1292 4465 nunc
1303 4418 1394 4466 autem
1406 4411 1619 4468 misericordiam
1629 4416 1768 4471 consecuti
1778 4433 1831 4471 es-

183 4494 245 4550 lert.
262 4494 329 4559 cho
344 4495 371 4550 in
388 4503 413 4549 ιε
427 4510 489 4551 εεεε
502 4495 649 4551 bonitatem
663 4496 728 4563 Dei,
745 4505 836 4554 tamea
849 4499 899 4553 hac
914 4515 979 4554 aon·
1033 4494 1091 4548 «tis
1103 4503 1213 4566 propter
1230 4496 1446 4554 incredulitatem
1471 4500 1590 4567 illorum,
1605 4502 1643 4558 ita
1653 4511 1679 4558 at
1693 4503 1737 4558 isti
1753 4521 1833 4562 nune

182 4582 295 4650 ditione,
312 4582 335 4637 si
344 4584 535 4655 permanseris
550 4585 581 4640 in
597 4585 731 4652 bonitate,
744 4593 772 4640 ut
783 4586 884 4643 scilicet
895 4595 979 4642 toturn
1032 4603 1043 4632 ι
1061 4597 1115 4637 non
1129 4583 1303 4640 crediderunt
1318 4585 1345 4641 in
1361 4595 1480 4643 vestram
1502 4589 1729 4657 misericordiam,
1745 4601 1776 4646 ut
1802 4603 1832 4648 et

182 4671 241 4726 Deo
251 4670 363 4726 tribuas.
380 4672 521 4745 Alioquin,
537 4671 564 4728 ld
580 4681 621 4727 est
636 4672 687 4727 nisi
703 4681 730 4727 tu
741 4675 932 4744 permanseris,
950 4680 979 4732 et
1031 4693 1042 4719 ⁸
1060 4671 1112 4742 ipsi
1125 4671 1342 4730 miselifflfdlim
1367 4686 1579 4749 ⁰⁰¹1⁵⁰ql¹⁸¹¹l¹¹l·
1601 4680 1739 4736 C⁰ss⁰¹¹¹⁵il
1752 4683 1831 4738 essim

184 4763 226 4824 ta,
238 4758 307 4814 sicut
318 4766 345 4814 et
359 4758 407 4826 illi,
423 4761 593 4816 exciderisa
613 4769 706 4817 sancta
725 4762 828 4830 radiae,
837 4771 863 4818 et
877 4763 978 4819 senties
1030 4781 1041 4806 a
1060 4759 1133 4814 Deus
1148 4762 1238 4816 omnia
1252 4762 1279 4817 iu
1292 4762 1490 4834 incredulitate,
1506 4775 1536 4822 ut
1549 4768 1670 4824 omnium
1688 4770 1832 4827 miserea-

183 4847 233 4903 Dei
246 4846 427 4914 severitatem,
439 4849 491 4904 Sed
506 4852 534 4904 ei
547 4849 602 4904 illi.
619 4848 703 4919 Quasi
718 4849 800 4907 dicat:
816 4853 878 4907 Non
890 4852 977 4908 solum
1030 4869 1041 4895 ι
1059 4856 1110 4903 tur.
1135 4873 1146 4897 a

183 4944 209 4992 tu
228 4935 372 5002 excideris,
388 4935 411 4990 si
437 4951 492 4990 uon
506 4937 692 5006 permanseris
707 4938 733 4992 in
755 4940 837 4995 bono:
863 4941 921 5006 sed,
950 4949 977 4996 et
1062 4936 1130 4993 nuto
1144 4938 1230 4995 enim.
1241 4937 1326 5008 Quasi
1336 4941 1426 4998 dicat:
1438 4943 1597 5000 Inserantur
1607 4944 1702 5002 Judaei.
1714 4947 1831 5006 Etrere

179 5024 228 5092 illi,
239 5024 265 5078 id
274 5024 421 5092 estludaei,
430 5027 456 5080 si
474 5041 531 5081 aaa
548 5029 761 5097 permanserint
776 5029 807 5083 in
820 5029 976 5086 increduli·
1027 5023 1090 5095 quia
1105 5033 1132 5080 el
1146 5026 1252 5082 interim
1266 5029 1377 5101 quidam
1392 5039 1418 5086 et
1432 5032 1542 5088 tandern
1556 5033 1584 5088 ιιι
1599 5031 1653 5090 fiae
1669 5036 1828 5106 plenitudo.

179 5117 239 5169 tate
249 5113 423 5179 inserentur,
436 5120 461 5167 et
474 5112 536 5168 ideo
547 5129 601 5169 non
612 5123 674 5169 sunt
688 5115 864 5186 despiciendi.
873 5117 940 5174 Dico
952 5118 975 5172 ει
1025 5112 1061 5166 Et
1074 5114 1127 5170 hoc
1141 5115 1204 5170 v⁰10
1227 5131 1276 5172 VOS
1300 5117 1381 5185 seire.
1398 5127 1424 5175 θῑ
1446 5120 1497 5176 ιιῡι
1510 5129 1561 5194 ¹est
1584 5123 1656 5195 quod
1679 5124 1716 5179 aii
1732 5143 1739 5180 τ
1755 5127 1832 5183 Nolo

178 5216 234 5256 nou
242 5201 533 5272 permanserint,qu0d
544 5201 636 5274 utique
644 5210 733 5275 potest
742 5202 811 5261 fieri.
819 5207 921 5262 Potens
932 5211 975 5263 est
1025 5203 1102 5257 enim
1117 5218 1173 5273 ιιι,
1186 5207 1328 5276 Ostama
1340 5207 1482 5279 limitare,
1494 5209 1521 5264 id
1536 5218 1576 5266 0⁸¹
1593 5212 1656 5267 n0¹⁰
1685 5212 1759 5285 qu0d
1774 5231 1832 5272 vos

179 5289 973 5368 enlmDensinserereiliad[illosliteramdlameiquasi
1024 5289 1544 5365 ignorelssmytlet't'ttmlocridesl1¹0⁰
1552 5300 1687 5358 ⁰00111lum
1695 5301 1832 5374 Deijudi-

223 5453 282 5524 333)
300 5463 457 5528 Augustinus,
470 5466 504 5516 lte
515 5467 602 5528 quaest.
615 5469 667 5518 nat.

1001 5527 1002 5532 η
1058 5465 1123 5530 (εει)
1141 5463 1190 5532 ld.,
1203 5471 1384 5528 cantarent.

223 5527 283 5592 350)
301 5528 350 5593 td„
363 5531 388 5581 ιιι
401 5543 476 5583 εειιιι.
489 5532 521 5582 de
532 5534 620 5585 timore
632 5533 738 5585 bomini.
