3940 6066
140 161 207 214 tattt
469 153 722 214 COLLECTANEA
747 156 785 214 IN
802 154 911 214 EPIST.
931 157 966 213 D.
986 155 1102 216 PAULI.
1119 187 1155 202 -
1167 159 1205 216 IN
1222 161 1276 217 EP.
1297 161 1344 217 tn
1363 159 1452 218 nott.
1721 167 1790 223 1³⁰2

141 279 225 348 venit,
241 287 272 336 ut
285 279 345 352 ipsa
370 278 399 335 in
425 279 578 353 Evangelio
592 279 647 335 ait:
667 281 727 338 Non
752 295 816 337 ram
838 280 940 337 missas
955 279 1120 342 homnibus
1150 281 1236 355 gratis
1267 283 1377 340 venisse
1409 283 1525 358 gretiam
1562 283 1627 343 fidei
1645 285 1790 360 Evangelii

141 369 312 426 natatorio
322 370 543 441 comperierunt
552 368 647 426 drmtd
656 369 744 426 lsrael
754 368 867 440 (llctth.
879 371 940 439 xv).
993 369 1111 426 Christi:
1123 385 1206 442 quam
1219 378 1367 443 propterea
1380 381 1407 429 et
1421 373 1538 446 gratiam
1552 373 1646 430 vocari
1661 375 1791 441 ostendit,

142 457 265 514 Gentiles
280 464 372 513 autem
395 465 492 513 contra
519 455 783 526 dicebant:Quanto
810 455 944 514 beneficia
993 457 1057 530 quia
1084 473 1139 514 non
1162 458 1240 531 quasi
1265 458 1387 515 debitum
1404 461 1514 530 justitiae
1537 462 1642 518 reddita
1664 471 1716 530 est,
1742 463 1791 519 sed

142 546 223 618 plura
237 546 316 603 vobis
330 545 451 601 exhibita
463 545 630 612 memoratis,
646 553 722 602 tanto
746 562 796 604 vos
823 546 943 602 deterio-
992 547 1112 618 gratuito
1127 546 1199 604 data.
1217 546 1288 616 Quid
1310 547 1382 603 enim
1406 557 1447 604 est
1469 549 1581 621 gratia?
1602 550 1695 607 Gratis
1716 551 1791 619 data,

143 651 188 690 res
203 650 265 690 esse
278 633 434 690 ostenditis.
450 633 562 690 Eisdem
578 633 712 706 siquidem
735 634 852 706 pedibus
880 634 943 706 qui·
992 633 1103 703 donata,
1118 651 1173 692 non
1189 635 1303 692 reddita.
1323 636 1351 692 Si
1366 636 1438 692 enim
1453 637 1501 692 tibi
1523 638 1683 708 debebatur,
1713 648 1792 696 ente-

144 723 196 778 bus
210 739 286 778 mara
301 722 475 792 transivistis,
501 730 563 778 ante
585 721 689 779 idolum
712 731 808 795 postea
830 722 943 777 saltavi-
994 739 1076 794 qnam
1093 724 1211 797 gratiam
1226 723 1353 791 haberes,
1368 741 1475 782 merces
1490 724 1538 781 tibi
1553 726 1658 782 reddita
1672 735 1723 798 eat,
1739 743 1795 786 non

144 811 203 882 stis,
219 811 294 884 quod
309 819 337 868 et
349 811 470 883 propriis
483 812 610 866 manibus
634 807 804 868 lecistis.'Et
826 811 874 866 illo
895 826 943 866 ore
994 811 1083 884 gratia
1106 812 1216 868 donata.
1249 813 1346 869 Merito
1366 813 1457 886 itaque
1480 814 1540 870 hoec
1560 813 1683 885 Epistola
1704 815 1794 886 prima

143 916 197 972 quo
219 900 302 972 paulo
325 907 387 954 aute
415 899 449 956 de
474 899 663 958 submersione
689 901 718 956 in
738 899 889 956 Pharaonis
917 906 943 954 ει
992 900 1110 971 ponitur,
1126 901 1190 973 quin
1203 901 1325 956 omniurn
1342 899 1487 970 malorum,
1505 911 1534 958 ut
1561 901 1721 974 praediotum
1737 911 1788 975 est,

143 989 334 1062 AEgyptiorum
349 987 459 1044 laudern
473 988 531 1044 Deo
552 989 757 1061 persolveratis,
782 988 856 1044 idola
878 987 944 1044 ado-
993 988 1112 1044 radicem
1127 989 1245 1061 perimit.

143 1077 236 1134 rastis.
259 1077 397 1150 Praeterea
414 1092 512 1132 manna
535 1078 641 1134 coelitus
665 1079 757 1134 datum
780 1077 809 1132 in
834 1077 943 1133 deserto
1029 1075 1182 1148 Asstgnmts
1207 1076 1356 1134 rationibus
1379 1078 1481 1150 operis,
1505 1077 1613 1135 numeri
1636 1087 1662 1136 ει
1690 1079 1793 1136 ordinis

144 1165 297 1232 fastidistis,
321 1165 461 1238 cupientes
484 1165 574 1222 redire
598 1166 625 1222 in
648 1168 793 1240 AEgyptum
817 1165 852 1221 ad
876 1164 944 1221 ollas
994 1164 1185 1236 Epistolamm,
1203 1165 1338 1237 explicato
1352 1182 1471 1240 quoque,
1488 1167 1601 1224 undeet
1618 1183 1704 1241 quare
1719 1170 1794 1240 Apo·

145 1253 278 1311 carnium.
296 1254 374 1325 Saepe
389 1254 470 1310 ctiam
493 1254 640 1310 Dominum
661 1255 688 1309 in
712 1254 781 1310 iram
806 1253 942 1309 irritastis.
994 1253 1067 1310 tolus
1096 1254 1227 1311 Romanis
1247 1254 1366 1327 scripsit,
1389 1263 1514 1326 superest
1530 1255 1564 1311 de
1579 1256 1695 1312 materia
1709 1263 1736 1311 et
1749 1255 1794 1312 in-

148 1341 330 1399 adulantum
354 1342 492 1399 Christum
514 1343 592 1399 vobis
614 1343 642 1398 in
664 1342 727 1418 lege
750 1351 777 1398 et
803 1341 944 1413 prophetis
994 1341 1114 1398 tentione
1132 1350 1157 1398 et
1172 1343 1254 1399 modo
1280 1343 1414 1399 tractandi
1428 1343 1550 1416 exsequi.
1567 1343 1710 1402 Generalis
1729 1360 1792 1400 om-

150 1431 314 1503 promissum
329 1431 477 1488 occidistis.
488 1431 586 1487 Nonne
600 1431 691 1504 itaque
710 1430 788 1488 vobis
803 1430 944 1504 digniores
994 1431 1070 1486 nium
1084 1431 1270 1502 Epistolarum
1284 1431 1398 1487 materia
1419 1439 1461 1488 εει
1479 1432 1602 1490 doctrina
1629 1433 1791 1506 Evangelii;

146 1536 250 1587 sumus,
266 1520 313 1592 qui
328 1527 355 1576 ut
372 1519 406 1575 de
421 1519 529 1576 Christo
543 1519 707 1588 audivimus,
723 1520 752 1574 in
766 1536 828 1576 eum
851 1517 944 1575 credi·
994 1518 1118 1586 intentio,
1138 1535 1252 1576 monere
1266 1519 1300 1576 ad
1310 1520 1492 1578 obediendum
1507 1521 1674 1593 evangelicas
1688 1521 1793 1578 doctri-

148 1607 237 1663 dimus
252 1608 267 1663 l
282 1608 360 1663 Unde
374 1624 425 1680 per
439 1609 603 1679 Prophetam
613 1607 746 1664 Dominus
755 1606 792 1663 ait
803 1626 810 1662 :
820 1607 980 1698 PopnlcsB
994 1623 1047 1664 nae.
1064 1608 1167 1664 Praeter
1180 1609 1239 1665 haec
1253 1615 1343 1666 autem
1364 1609 1392 1664 in
1415 1609 1529 1683 singulis
1552 1609 1678 1681 proprias
1704 1609 1794 1666 inteu-

146 1713 297 1770 qucmcoc
308 1698 483 1768 concrepari,
495 1699 597 1753 seruiet
607 1697 687 1764 mihi,
699 1698 945 1754 iccurcmcatem
995 1697 1083 1753 tiones
1106 1703 1133 1752 ct
1161 1696 1287 1752 materias
1301 1697 1482 1770 requiremus.
1512 1697 1603 1754 Prima
1617 1697 1709 1770 itaque
1727 1698 1790 1770 Epi·

146 1785 523 1856 obediatmihilPrcl.xv11).
539 1785 618 1841 Unde
642 1792 749 1840 constat
772 1799 822 1840 nos
837 1798 892 1839 non
912 1798 946 1840 ex
995 1784 1063 1840 stola
1083 1785 1224 1840 materiam
1248 1784 1329 1842 habet
1343 1787 1525 1842 Romanorum
1539 1785 1613 1857 vitia,
1638 1793 1719 1858 atque
1733 1801 1795 1860 gra·

145 1872 242 1929 militia
257 1873 306 1930 sed
321 1889 354 1929 ea
368 1873 688 1945 ignorantiadeliquisse.
706 1873 734 1930 Si
749 1873 820 1929 enim
831 1874 946 1944 prophe·
995 1872 1040 1928 tiae
1054 1873 1104 1928 Dei
1119 1872 1200 1938 bona,
1216 1873 1252 1928 ad
1267 1889 1328 1945 quae
1343 1889 1391 1930 eos
1415 1875 1538 1930 hortatur
1557 1889 1563 1928 :
1588 1873 1712 1944 intentio,
1728 1874 1795 1930 vitia

147 1969 188 2018 tas
202 1969 248 2018 aut
261 1960 398 2034 apostolos
407 1968 470 2018 ante
480 1961 680 2027 habuissemus,
696 1960 769 2018 idola
782 1977 837 2018 non
847 1960 947 2017 coluis-
996 1961 1156 2016 eorumdem
1171 1962 1313 2034 increpare
1327 1969 1354 2018 et
1368 1963 1402 2018 ad
1419 1979 1512 2019 veram
1529 1977 1626 2035 pacem
1649 1970 1676 2018 ει
1699 1961 1796 2018 irater·

146 2065 249 2106 semus.
262 2048 342 2119 Quod
352 2057 442 2106 autem
451 2051 485 2105 de
496 2049 605 2124 generis
615 2049 755 2106 nobilitate
767 2065 817 2106 vos
828 2049 944 2118 jactatis,
996 2065 1060 2104 nam
1084 2050 1259 2108 concordiam
1281 2051 1332 2106 sub
1347 2051 1526 2125 menugratiae
1555 2050 1710 2107 humiliare.
1731 2052 1793 2108 llo·

149 2139 172 2194 si
188 2154 243 2210 qua
257 2139 350 2194 talium
364 2138 453 2212 gloria
467 2147 518 2208 est,
530 2146 594 2195 tunc
604 2138 704 2194 ismael
712 2145 738 2194 ει
748 2139 819 2194 Esau
830 2145 946 2209 possunt
995 2137 1046 2192 dus
1061 2138 1193 2194 tractandi
1208 2138 1269 2194 talis
1284 2147 1325 2195 est
1341 2154 1347 2194 :
1364 2140 1440 2196 llore
1463 2139 1638 2197 scribentium
1664 2139 1795 2211 epistolas

146 2227 249 2298 pariter
270 2227 392 2300 gloriari,
426 2242 489 2284 cum
520 2226 555 2283 de
584 2227 688 2284 eisdem
711 2227 870 2300 parentibus
894 2226 947 2283 sint
996 2226 1185 2282 salutationem
1200 2226 1348 2298 praemittit,
1363 2227 1392 2283 in
1413 2243 1466 2300 qua
1490 2228 1542 2283 tria
1561 2226 1633 2284 iacit.
1650 2227 1796 2284 Commen-

146 2315 214 2372 nati.
997 2313 1044 2370 det
1058 2315 1129 2370 enim
1144 2331 1291 2387 personam
1306 2324 1422 2372 suamet
1440 2316 1580 2388 negotium
1604 2323 1630 2372 et
1655 2323 1793 2374 auctorem

184 2405 232 2461 llis
245 2404 573 2477 itaquealtercationibus
597 2405 743 2476 Apostolus
768 2420 798 2460 se
825 2403 946 2460 medium
996 2403 1099 2478 negotii
1116 2419 1122 2458 :
1139 2403 1167 2458 in
1189 2403 1287 2477 quibus
1309 2419 1431 2476 congrue
1452 2411 1543 2477 captat
1564 2403 1792 2462 benevolentiam.

147 2494 317 2565 interposuit,
335 2508 431 2551 omncs
454 2494 563 2549 illorum
586 2493 774 2549 contentiones
795 2493 859 2584 hi¹i⁰
883 2492 946 2548 inde
997 2493 1060 2548 Post
1085 2493 1274 2550 salutationem
1304 2509 1371 2550 vero
1406 2493 1546 2566 utriusque
1563 2493 1648 2566 partis
1661 2492 1728 2550 vitia
1745 2507 1795 2550 ar-

149 2583 291 2650 dirimens,
308 2591 334 2638 ει
350 2583 429 2656 quasi
443 2582 532 2639 bonus
554 2581 730 2640 concionator
751 2596 818 2638 voce
846 2597 947 2637 sonora
996 2581 1064 2652 guit,
1080 2581 1228 2638 ostendens
1242 2582 1359 2655 gentiles
1378 2598 1396 2638 a
1419 2581 1533 2638 naturali
1554 2581 1668 2650 ratione,
1696 2589 1725 2638 et
1751 2581 1796 2638 Ju-

147 2671 210 2728 illos
234 2671 387 2743 alloquens,
422 2671 456 2726 ad
479 2687 560 2727 unam
584 2687 680 2728 omnes
704 2670 877 2727 concordiam
899 2670 946 2725 ad·
997 2671 1101 2726 daeosa
1125 2670 1186 2744 lege
1216 2670 1397 2726 exorbitasse.
1420 2670 1525 2728 Deinde
1552 2669 1677 2742 pluribus
1704 2668 1794 2727 modis

148 2760 233 2828 duxit,
269 2760 416 2816 ostendens
439 2760 530 2816 nullos
553 2775 649 2817 eorum
671 2759 726 2815 suis
751 2759 856 2814 meritis
884 2774 946 2814 esse
997 2758 1115 2814 ostendit
1125 2758 1258 2828 justitiam
1282 2767 1309 2814 et
1333 2759 1448 2816 salutem
1475 2774 1553 2831 aeque
1578 2757 1700 2830 utrisque
1723 2773 1796 2829 esse,

148 2849 267 2906 salvatos
283 2849 357 2922 (quia
373 2865 468 2905 omnes
483 2857 509 2906 et
522 2848 608 2904 ludaei
623 2857 649 2904 et
664 2847 781 2922 gentiles
803 2847 854 2902 sub
881 2863 945 2919 pec·
997 2862 1052 2902 uon
1074 2863 1125 2918 per
1147 2847 1246 2919 legem,
1274 2848 1322 2904 sed
1346 2864 1397 2920 per
1420 2845 1503 2904 iidem
1525 2847 1626 2903 Christi
1651 2848 1727 2913 lesu,
1743 2853 1798 2904 uta

148 2945 210 2995 cato
225 2938 407 3011 tenebantur),
425 2937 474 2994 sed
487 2954 537 3012 per
550 2937 669 3010 gretiam
682 2936 742 2992 Dei.
759 2936 812 2991 Pro
832 2936 947 2992 alterca-
996 2935 1058 3008 lege
1074 2951 1122 2991 eos
1135 2936 1219 3007 tollat,
1236 2937 1305 2992 etin
1320 2936 1380 2992 sola
1390 2933 1444 2992 fide
1459 2935 1557 2992 Christi
1571 2951 1619 2992 eos
1641 2934 1795 2992 constimat.

147 3025 223 3082 tione
245 3026 337 3099 itaque
359 3025 487 3098 praedicta
511 3026 605 3082 scribit
638 3025 777 3094 Romanis,
806 3023 948 3081 contutans
964 2999 1074 3080 0Circa
1089 3023 1171 3080 linem
1185 3041 1252 3080 vero
1266 3024 1378 3081 moralis
1392 3024 1519 3082 subditur
1541 3023 1693 3090 instructio,
1715 3031 1797 3096 atquc

148 3115 232 3172 modo
244 3115 364 3184 iudaeos,
380 3115 462 3172 modo
478 3114 603 3188 gentiles,
619 3121 646 3170 et
660 3114 763 3170 docens
787 3129 835 3170 eos
859 3111 947 3168 humi·
997 3113 1026 3168 in
1039 3112 1145 3169 actione
1159 3112 1307 3184 gratiarum
1322 3111 1405 3169 linem
1419 3119 1493 3171 tenet
1506 3111 1639 3185 Epistola.
1655 3110 1798 3168 Premittit

149 3203 219 3272 bari,
235 3211 265 3260 ut
279 3204 371 3261 omnia
385 3203 530 3260 attribuant
549 3203 643 3279 gratim
656 3202 716 3271 Ilei,
746 3210 773 3258 et
799 3201 946 3258 ostendens
996 3210 1088 3259 autem
1101 3201 1300 3273 salutationem,
1317 3201 1413 3259 dicens
1434 3215 1441 3258 :

509 3571 573 3667 IN
621 3565 970 3665 EPISTOLAM
1001 3566 1083 3663 AD
1121 3565 1434 3666 ROMANOS.

387 3931 418 3990 1
437 3929 549 3988 CAPUT
564 3926 708 3986 PlllllUll.
996 3926 1032 3982 ab
1052 3926 1150 3983 officio.
1167 3929 1191 3984 Δ
1207 3926 1327 3997 nomine,
1344 3926 1449 3998 dicens,
1460 3929 1586 3995 Paulam
1603 3925 1796 3996 sconditione,

998 4033 1111 4084 sercou
1126 4031 1141 4071 a
1155 4016 1297 4090 dignitate,
1314 4018 1460 4088 apostolas
1469 4036 1480 4084 ,·
1502 4017 1535 4072 ab
1550 4015 1649 4087 officio,
1674 4031 1800 4089 segrego·

190 4109 274 4164 vrrs.
300 4108 326 4172 l,
358 4106 385 4161 'l.
411 4135 446 4146 -
470 4125 482 4151 r
508 4101 608 4160 Paulus
632 4117 726 4157 servus
749 4101 814 4155 lesu
837 4098 946 4164 Christi,
999 4106 1280 4176 tmtnhoanccttum
1290 4106 1350 4161 Dei.
1365 4107 1406 4160 Ex
1433 4105 1543 4162 nomine
1572 4113 1664 4162 autern
1690 4104 1798 4161 laudent

154 4204 296 4254 avocatus
312 4191 460 4266 apostolus,
473 4199 635 4265 segregatus
649 4190 677 4246 in
691 4188 871 4260 Evangelium
886 4187 946 4255 Dei,
999 4193 1128 4262 sortitum
1144 4193 1166 4248 si
1180 4194 1222 4250 vis
1236 4193 1322 4265 ipsius
1348 4193 1466 4250 nominis
1496 4201 1523 4251 et
1547 4195 1613 4250 ratio
1641 4193 1797 4267 impositio·

154 4308 166 4338 ι
183 4284 257 4359 quod
272 4291 334 4339 ante
348 4282 509 4355 promiserat
522 4296 573 4351 per
586 4281 734 4350 prophetas
749 4293 814 4333 suos
828 4276 855 4331 in
877 4275 985 4379 Scri-D
998 4282 1041 4338 nis
1055 4283 1294 4339 animadvertatur.
1311 4282 1411 4340 Paulus
1432 4283 1505 4340 enim
1533 4283 1675 4353 Hebraico,
1687 4283 1800 4356 quietas

154 4373 268 4448 «pluris
282 4370 385 4428 sancus
399 4371 435 4426 dc
455 4369 523 4425 Filio
539 4384 603 4434 suo,
619 4367 664 4440 qui
688 4366 776 4423 lactus
800 4374 841 4422 est
866 4365 892 4421 ei
915 4381 949 4420 ex
1004 4368 1111 4433 Graece,
1134 4367 1261 4424 modicas
1279 4367 1373 4423 Latine
1397 4375 1484 4434 sonat,
1505 4367 1533 4423 id
1556 4374 1598 4422 est
1620 4367 1672 4423 hoc
1700 4381 1800 4422 nomen

155 4485 166 4516 ι
184 4461 288 4519 semine
302 4459 390 4516 David
404 4457 554 4515 secundum
567 4470 686 4523 carnem,
705 4455 750 4527 qui
775 4453 949 4525 praedestiua-
1003 4455 1112 4522 Paulus,
1129 4455 1203 4528 quod
1219 4464 1261 4512 ast
1272 4456 1438 4514 Hebraicum
1451 4455 1559 4528 origine
1579 4461 1606 4511 ει
1633 4453 1799 4522 inventione,

155 4560 226 4607 aiUS
242 4557 283 4606 CSi
296 4548 378 4604 FiiiUS
393 4547 443 4603 Del
468 4547 497 4601 ill
519 4546 628 4612 Vil'iUiC,
659 4543 810 4600 Secundum
826 4541 949 4614 spiriillm
1003 4567 1058 4608 non
1080 4551 1277 4622 [Uiminali0ss89
1302 4551 1457 4624 impositum
1479 4558 1522 4607 egl
1548 4549 1681 4622 Apostolo
1693 4549 1802 4622 proprie

155 4636 407 4696 «sanctificationis
422 4651 455 4691 ex
468 4634 667 4692 resurrectione
690 4640 859 4688 mortuomm
886 4631 950 4686 lesu
1004 4641 1032 4696 in
1056 4651 1148 4698 noram
1169 4641 1285 4715 geminae
1313 4639 1431 4706 virturis,
1457 4638 1561 4697 5051ng
1589 4638 1752 4696 modicitatis
1775 4646 1803 4694 gg

156 4753 168 4784 a
186 4726 286 4785 Christi
300 4724 410 4783 ὓῠιῦῑῐιῑ
424 4723 518 4794 ”listris
534 4739 584 4796 W
604 4738 685 4795 (luem
698 4719 854 4792 amittimus
883 4735 950 4792 gm-
1005 4729 1112 4802 quietis,
1127 4745 1242 4802 quarum
1257 4730 1371 4786 altcmm
1384 4735 1460 4783 notat
1476 4729 1529 4784 hoc
1551 4743 1650 4784 nomen
1677 4725 1803 4800 generali

156 4841 167 4868 c
186 4817 252 4872 tiam
265 4823 292 4872 et
304 4813 486 4886 apostolatum
502 4812 536 4867 ad
556 4811 738 4868 obediendum
748 4807 811 4864 lidei
822 4807 848 4862 iu
859 4807 950 4864 omni·
1005 4815 1186 4887 appellatione
1200 4814 1273 4886 apud
1288 4813 1410 4880 Graeca,
1427 4812 1455 4868 id
1469 4819 1511 4869 est
1525 4812 1662 4885 quietem;
1678 4813 1801 4878 alteram,

157 4928 169 4959 ι
185 4905 238 4961 bus
254 4903 381 4979 gentibus
408 4918 458 4974 pro
479 4900 589 4957 nomine
603 4901 672 4971 eius,
689 4900 717 4956 in
732 4897 829 4970 quibus
843 4896 910 4953 estis
924 4903 951 4952 el
1005 4904 1078 4974 apud
1100 4903 1219 4970 Ladnm,
1240 4902 1268 4958 id
1283 4900 1529 4958 estmodicitctem.
1545 4902 1603 4957 lloc
1617 4900 1689 4957 enim
1702 4914 1803 4956 nomen

156 5019 167 5046 a
185 5011 235 5051 vos
250 4993 340 5051 vocati
352 4994 418 5048 Jesu
432 4989 546 5060 Christi,
562 4989 688 5046 omnibus
703 4987 748 5060 qui
774 4993 835 5042 sunt
858 4986 952 5042 Romae
1004 4992 1113 5059 Paulus,
1125 5005 1185 5048 cum
1198 4991 1232 5046 sit
1245 4991 1439 5063 appellativum
1453 4989 1525 5062 apud
1535 4989 1658 5057 Graecos,
1674 4988 1804 5045 Hebraeos

158 5106 171 5137 ι
187 5083 294 5140 dilectis
308 5081 359 5138 Dei
373 5079 473 5137 vocatis
489 5080 602 5136 sanctis.
619 5077 715 5134 Gratia
729 5075 808 5134 vobis
829 5082 856 5131 et
868 5089 952 5146 para
1007 5085 1033 5134 et
1052 5075 1171 5143 Latinos,
1185 5075 1341 5148 impositum
1355 5074 1486 5146 Apostolo
1510 5073 1651 5146 proprium
1672 5071 1732 5141 icit,
1747 5071 1804 5144 qui,

158 5195 169 5224 a
187 5175 245 5230 Deo
259 5173 339 5228 Patre
350 5178 445 5227 nostro
459 5177 486 5225 ει
499 5167 617 5224 Domino
631 5167 695 5224 lesu
704 5165 821 5222 Christo.
841 5187 852 5214 n
989 5157 1036 5218 'ut
1050 5161 1089 5217 ait
1102 5161 1176 5217 lteda
1191 5176 1276 5232 super
1289 5163 1372 5217 Actus
1387 5157 1583 5230 apostolorum,
1598 5172 1670 5213 anno
1697 5155 1805 5231 passio·

191 5261 337 5333 Hucusque
351 5259 452 5332 pendet
461 5258 551 5314 littera
564 5265 595 5314 ut
604 5253 762 5328 perficiatur
771 5251 915 5320 sententia,
927 5259 955 5308 et
1008 5249 1051 5306 nis
1062 5257 1089 5306 et
1103 5247 1309 5306 resurrectionis
1328 5247 1429 5306 Christi
1452 5246 1487 5302 ad
1511 5243 1594 5303 iidem
1615 5245 1725 5304 venisse
1737 5261 1808 5319 per-

158 5349 376 5422 subintelligitur,
392 5347 513 5415 mandat,
529 5345 573 5402 vel
588 5343 693 5401 scribit.
723 5345 753 5398 ln
781 5343 834 5400 bac
863 5348 955 5397 autem
1008 5339 1118 5395 hibetur
1133 5357 1141 5406 3
1157 5338 1318 5394 tertiovero
1332 5335 1438 5392 decimo
1453 5349 1526 5392 anno
1539 5342 1603 5407 post
1616 5333 1716 5392 Christi
1739 5350 1807 5408 pas·

158 5439 318 5496 salutatione
335 5437 452 5512 primum
479 5449 629 5508 personam
642 5431 816 5490 commendet
839 5437 956 5504 quatuor
1010 5428 1117 5484 aionem
1130 5426 1311 5499 apostolatum
1322 5423 1444 5498 gentium
1462 5439 1525 5481 cum
1537 5423 1673 5493 Bernaba,
1688 5431 1715 5481 ει
1729 5423 1807 5480 Pauli

158 5529 258 5599 modis,
270 5527 405 5584 sciliceta
431 5524 552 5592 nomine,
569 5539 586 5580 a
599 5522 766 5590 conditione,
782 5535 799 5576 a
812 5518 954 5594 dignitate,
1012 5515 1174 5574 vocabulum
1188 5514 1337 5588 accepisse.
1354 5513 1431 5569 Prius
1446 5511 1517 5571 enim
1540 5513 1686 5573 vocabatur
1710 5511 1807 5570 Saulus
