3940 6066
189 165 259 224 tata
864 167 968 227 PETRI
987 165 1168 230 torturam
1775 175 1848 232 tatto

188 289 232 348 vel
246 288 308 362 quia
322 296 351 345 tu
364 304 405 356 es,
422 289 469 364 qui
482 289 577 346 subdis
595 293 732 366 poputum
751 310 847 351 mcum
860 295 911 352 sul
934 313 989 352 me.
1004 296 1121 368 Amput
1134 294 1255 370 loquitur
1269 294 1359 364 nobis,
1375 295 1420 354 rel
1432 294 1507 352 Patri
1520 294 1638 370 loquitur
1651 294 1749 354 dicens
1765 313 1773 352 ι
1791 297 1849 367 Qui

188 380 246 435 lloc
258 378 302 434 vel
316 378 351 434 ad
369 377 487 434 litteram
501 380 536 436 de
559 379 649 438 lutum
665 382 808 454 accipitur,
823 383 887 457 quia
900 384 990 457 impe·
1039 385 1135 442 robdis
1148 386 1285 459 populum
1294 401 1390 442 meum
1400 385 1451 442 sub
1465 401 1520 442 me.
1533 381 1681 458 [Cassiod]
1690 384 1798 441 Deinde
1808 401 1844 441 ex

188 477 296 524 returns
311 475 371 525 erat
379 467 489 540 populis
501 470 546 526 uel
560 470 657 528 semini
667 488 717 528 suo
738 471 856 540 Christo,
872 474 989 546 populos
1038 489 1157 545 persona
1170 473 1255 530 David
1270 481 1297 530 ει
1309 473 1398 546 ipsius
1407 473 1540 530 Ecclesiae
1554 473 1723 544 conjunctim
1731 473 1844 530 latentis

188 557 346 614 subdendos
359 559 494 630 praedicit.
520 559 626 617 Deinde
639 569 702 634 post
724 569 763 618 tot
777 561 909 620 beneficia
932 580 988 620 non
1037 577 1126 634 genus
1140 562 1288 618 humanum
1302 561 1443 620 beneficiis
1457 561 1508 618 Dei
1530 562 1683 636 indignum,
1699 579 1762 624 cum
1776 562 1844 619 des·

187 647 276 702 solam
291 663 322 704 se
332 646 432 704 latetur
447 646 586 722 exignum,
613 649 662 706 ssd
684 650 766 708 etiam
788 659 874 708 totum
899 668 987 725 genus
1037 660 1116 723 pectu
1130 659 1157 708 ει
1170 651 1351 710 admiratione
1366 651 1491 710 subditur
1507 668 1515 706 :

184 737 333 792 humanmn
346 735 487 794 beneficiis
500 737 551 794 Dci
564 737 707 812 indignum
722 740 817 797 dicens
832 758 840 799 ε
856 741 983 810 Domine,
1071 741 1159 797 Vnus.
1176 741 1202 796 i.
1218 763 1277 790 -ι
1295 739 1422 808 Domine,
1440 740 1563 814 quidest
1578 740 1661 797 homo
1677 741 1741 814 quia
1755 741 1841 799 inno·

186 826 310 900 quidest
324 828 415 893 bomo,
432 834 485 883 etc.
493 825 548 900 [ιιι.
556 826 618 902 int]
634 827 850 900 Velexpersona
860 830 984 902 corporis
1038 851 1050 882 ι
1069 829 1141 886 tuisti
1156 829 1181 886 ei
1197 848 1204 885 ι
1225 837 1272 886 aut
1287 828 1359 886 iilius
1386 829 1507 886 hominis
1521 828 1585 904 quia
1600 837 1714 902 reputas
1729 845 1805 888 eum.
1825 855 1837 880 ι

183 915 282 972 Christi
296 923 382 972 totum
396 915 484 987 accipi
499 923 598 987 potest.
624 917 659 972 Et
673 919 751 990 quasi
772 919 882 974 humilis
896 919 985 976 David
1071 919 1196 986 Domine,
1213 918 1333 993 quidest
1349 919 1439 987 homo,
1456 917 1557 993 [hup]
1572 919 1731 992 quasidicat
1748 937 1755 974 :
1773 920 1841 977 limo

183 1004 234 1061 ait:
247 1005 414 1062 Benedictus
421 1004 465 1074 sit,
476 1005 613 1062 ιιοιιιιπιιε
620 1007 694 1064 Deos
704 1007 835 1076 omnium,
845 1008 895 1065 sed
905 1024 983 1066 meua
1035 1005 1170 1066 ιιειιειιειε
1182 1007 1242 1062 ιεε.
1256 1009 1291 1064 Et
1303 1023 1331 1078 o,
1353 1009 1483 1075 Domine,
1506 1009 1597 1077 homo,
1613 1005 1659 1081 qui
1673 1024 1764 1080 perse
1779 1007 1840 1064 lra-

188 1094 309 1167 proprie,
331 1093 374 1151 cai
397 1111 442 1150 me
456 1093 559 1163 subjeci
581 1100 608 1150 et
623 1094 695 1164 dedi,
719 1095 771 1164 Qui
785 1097 865 1154 docet
880 1115 982 1156 monas
1034 1095 1098 1168 pilis
1114 1103 1155 1152 εει
1169 1103 1197 1153 ει
1207 1105 1331 1169 peccato,
1346 1097 1480 1170 quidest,
1502 1095 1529 1151 id
1541 1104 1583 1153 εει
1596 1113 1678 1170 quem
1692 1113 1837 1172 magnum.

184 1199 263 1242 meos
278 1185 315 1240 od
327 1184 471 1257 pretium.
482 1184 628 1254 congruus
637 1185 758 1241 οιιιοεει
767 1185 822 1256 hic,
832 1186 982 1258 dumprias
1033 1183 1106 1254 Quid
1119 1193 1162 1242 εει
1170 1201 1221 1258 per
1228 1185 1301 1242 hoel
1314 1188 1381 1260 poio
1390 1187 1546 1244 innotuisti
1554 1187 1591 1253 ei,
1600 1202 1651 1258 per
1665 1195 1838 1260 assumptam

184 1273 245 1329 ait:
272 1275 346 1332 Deos
370 1289 460 1340 onear,
483 1272 584 1330 deiude
608 1273 721 1331 subdit:
744 1277 793 1348 pai
821 1275 910 1342 docet,
927 1284 980 1334 etc.
1032 1273 1229 1334 humanitatem
1245 1274 1341 1348 ;quasi
1362 1274 1434 1332 dicat
1450 1291 1457 1332 ι
1476 1275 1528 1330 Ρει
1550 1291 1581 1331 se
1595 1275 1662 1330 nihil
1676 1283 1728 1342 εει,
1746 1291 1798 1348 per
1811 1285 1839 1332 ιε

182 1361 277 1437 [dap]
293 1361 322 1418 Si
336 1363 409 1419 enim
419 1362 506 1434 primo
520 1363 570 1418 das
590 1369 617 1418 ιε
631 1363 699 1433 ιιεο,
725 1371 791 1422 tunc
812 1373 839 1421 ει
860 1365 907 1422 ιιιο
931 1366 981 1422 do-
1032 1362 1145 1435 dignum
1161 1363 1292 1436 quidest.
1308 1364 1406 1420 'lotum
1429 1363 1502 1420 enim
1524 1363 1597 1438 quod
1620 1371 1672 1433 εει,
1697 1364 1761 1420 inde
1780 1373 1835 1434 εει,

181 1461 260 1510 cents
275 1459 301 1508 ει
318 1453 432 1522 juvante
446 1451 594 1524 pugnabis.
610 1453 645 1508 Et
660 1452 762 1526 digitos
776 1469 853 1510 meos
868 1455 902 1510 ad
917 1455 979 1512 bel-
1033 1452 1098 1525 quia
1112 1452 1254 1509 innotuisti
1264 1452 1298 1509 ci.
1315 1451 1420 1509 Deinde
1436 1452 1516 1526 quasi
1540 1468 1680 1525 exponens
1704 1453 1748 1510 cui
1771 1453 1836 1528 quis

179 1541 235 1597 lum
252 1558 258 1596 ι
274 1542 336 1598 Non
351 1541 410 1597 sine
424 1555 508 1598 eausa
520 1557 617 1596 manus
632 1549 659 1597 ει
672 1541 773 1614 digitos
787 1543 887 1614 posuit.
903 1543 979 1602 Sicut
1031 1539 1188 1610 innotuerit,
1205 1541 1304 1609 subdit,
1320 1545 1381 1612 out,
1397 1540 1424 1598 id
1438 1547 1518 1597 estet
1530 1542 1610 1612 lilios
1620 1543 1754 1610 hominis,
1766 1542 1835 1614 quid

180 1629 253 1688 euim
267 1631 295 1686 in
308 1645 363 1687 una
373 1646 455 1687 manu
468 1629 548 1686 rnulti
570 1629 649 1704 digiti
664 1638 736 1699 sunt,
753 1630 792 1688 ita
805 1632 833 1687 in
848 1647 902 1689 nno
918 1633 1015 1725 spi-B
1030 1638 1072 1686 est
1085 1645 1136 1702 per
1149 1631 1212 1698 hoo,
1229 1630 1309 1687 etium
1332 1631 1400 1705 puio
1420 1634 1546 1704 reputas,
1571 1630 1616 1687 vel
1635 1631 1753 1688 estimas
1766 1648 1835 1688 eum

179 1719 233 1776 ritn
247 1719 396 1778 divisiones
406 1721 553 1792 gratiarum
562 1726 634 1774 sunt.
650 1720 680 1774 ln
691 1719 783 1792 digitis
792 1737 860 1795 ergo
870 1729 979 1780 notatur
1029 1718 1145 1789 ahcujas
1168 1718 1266 1791 pretii?
1289 1717 1361 1788 Quid
1382 1726 1426 1775 εει
1447 1718 1521 1792 quod
1554 1735 1616 1776 enm
1649 1719 1717 1776 tanti
1739 1719 1834 1776 iacis?

178 1808 277 1867 divisio
301 1809 478 1882 operationis,
495 1824 557 1881 quae
580 1816 622 1864 est
642 1808 670 1864 ιιι
692 1809 783 1865 radice
804 1810 925 1883 unitatis,
949 1820 978 1868 nt
1026 1807 1178 1880 pretiosum
1201 1807 1293 1881 utique
1314 1807 1441 1882 quiddam
1466 1824 1529 1867 eum
1552 1806 1683 1866 ostendis.
1699 1809 1833 1882 Magnum

178 1899 324 1972 Apostolus
337 1899 375 1954 ait
390 1916 398 1954 r
415 1898 473 1954 Alli
487 1898 575 1954 datur
587 1913 639 1971 per
662 1897 800 1971 spiritam
822 1915 914 1956 sermo
928 1917 977 1958 so·
1027 1905 1069 1954 est
1082 1897 1155 1953 enim
1178 1897 1252 1970 quod
1266 1897 1341 1954 Deus
1355 1896 1483 1968 estimet,
1499 1905 1526 1953 et
1539 1903 1642 1954 tantum
1658 1896 1722 1956 iacit
1737 1905 1765 1953 ιιι
1779 1914 1833 1972 pro

177 1989 307 2063 purilio,
318 1989 371 2044 olii
382 2003 473 2044 sermo
484 1987 613 2044 scimtioe
621 2002 674 2058 per
684 1987 815 2044 eumdem
824 1989 975 2062 Spiritum,
1026 1999 1059 2042 oo
1073 1985 1162 2041 mittat
1176 1985 1284 2058 Filium,
1299 1985 1344 2042 vel
1362 1985 1479 2056 dederit,
1502 1986 1547 2044 cui
1567 1984 1597 2042 tit
1611 1985 1701 2058 panis,
1726 1985 1773 2059 qui
1788 1995 1835 2044 εει

177 2079 231 2136 αιιι
243 2078 323 2148 tides,
335 2077 381 2132 alii
392 2077 454 2146 hoc,
465 2074 513 2132 alii
523 2075 704 2144 illudamur
714 2093 771 2133 aaa
780 2079 898 2151 spirita.
912 2079 976 2136 Om-
1024 2073 1104 2147 panis
1119 2074 1289 2149 angelorum.
1310 2075 1372 2132 Non
1395 2075 1467 2133 anim
1487 2075 1528 2132 sic
1550 2077 1626 2132 Deus
1648 2074 1788 2132 hominem
1802 2085 1833 2132 ut

176 2169 227 2225 nio
242 2168 320 2224 euim
334 2170 469 2240 oporatur
483 2181 559 2222 anus
567 2169 597 2222 et
612 2164 975 2238 commissariorum
1024 2163 1117 2234 homo,
1130 2164 1175 2237 qui
1190 2164 1299 2221 charius
1313 2164 1379 2220 emit
1393 2181 1493 2238 equum
1509 2181 1590 2238 quam
1609 2164 1759 2221 hominem.
1777 2185 1790 2218 ι

176 2257 300 2329 siopolis
312 2259 397 2330 prout
410 2256 475 2313 uult
487 2253 513 2326 (l
522 2255 584 2311 dor.
600 2256 663 2324 xri).
675 2255 749 2312 Ecce
763 2255 842 2312 radix
851 2256 973 2313 unitatis.
1060 2253 1146 2310 Vsus.
1163 2255 1189 2309 5.
1205 2281 1240 2296 -
1257 2274 1269 2306 ι
1285 2253 1374 2312 Homo
1396 2253 1508 2310 vanitati
1528 2253 1625 2310 similis
1648 2251 1738 2310 lactus
1759 2262 1804 2312 εει
1821 2272 1830 2323 ;

210 2346 260 2402 liis
273 2361 342 2420 ergo
361 2344 454 2419 digitis
461 2351 671 2416 pugnatcorpus
680 2343 789 2413 Christi,
801 2353 829 2401 ει
838 2345 866 2400 in
872 2345 975 2402 bellum
1026 2362 1038 2394 ι
1055 2342 1115 2399 ιιεε
1128 2342 1188 2413 ejus
1203 2341 1273 2399 sicut
1286 2342 1384 2398 umbra
1398 2351 1572 2415 pretereunt.
1592 2366 1603 2392 ι

175 2436 256 2493 ιοειε
274 2435 408 2506 procedit.
432 2435 468 2490 Et
495 2441 537 2490 εει
556 2447 655 2488 sensus
671 2449 678 2489 ι
696 2433 749 2502 Qui
771 2433 851 2492 docet
870 2451 974 2493 meaos
1061 2434 1144 2490 ιιοιιιο
1163 2433 1297 2500 vanitati,
1333 2428 1428 2506 [hug]
1457 2430 1536 2504 quasi
1563 2431 1636 2490 dicat
1653 2449 1660 2486 ι
1677 2430 1766 2501 Quem
1788 2432 1829 2489 ita

174 2541 253 2582 mcor
266 2526 303 2582 od
313 2525 455 2598 proellum,
464 2527 493 2579 ει
503 2523 606 2594 dipitos
619 2537 695 2580 meos
707 2522 744 2578 od
757 2524 871 2594 betium,
888 2524 917 2580 ιι
931 2533 974 2581 εει
1022 2521 1143 2578 estimas
1166 2520 1243 2576 illurn
1267 2521 1313 2594 qui
1340 2536 1390 2594 per
1408 2536 1439 2578 se
1461 2520 1557 2576 similis
1586 2528 1628 2578 εει
1656 2521 1770 2578 ιειιιιιιιι
1800 2531 1830 2579 ει

171 2613 372 2686 perspiritum
395 2619 522 2668 sanctum
544 2611 590 2668 dat
620 2610 688 2666 mihi
715 2610 789 2668 dona
811 2613 971 2684 gratiarum,
1024 2609 1147 2666 umhraei
1161 2611 1249 2666 Homo
1274 2609 1347 2666 enim
1369 2609 1414 2684 qui
1428 2610 1503 2682 prius
1525 2608 1576 2666 luit
1590 2609 1698 2668 ueritati
1712 2609 1824 2682 similis,

166 2703 274 2775 ⁴quibus
287 2717 333 2757 rne
349 2701 412 2757 iacit
425 2707 454 2756 et
476 2700 557 2757 docet
581 2715 716 2772 pugnare,
732 2709 760 2756 ει
774 2703 926 2772 procedere
936 2701 973 2759 ad
1021 2707 1117 2772 postea
1135 2699 1276 2770 peccando
1289 2701 1384 2771 [octos
1394 2703 1437 2756 est
1448 2699 1552 2757 similis
1562 2700 1696 2756 oooitoti.
1706 2699 1827 2770 Quando

172 2791 275 2848 bellurn
289 2796 383 2846 contra
397 2788 536 2860 principes
558 2788 733 2844 tenebrarum
760 2797 788 2845 et
802 2799 897 2848 contra
910 2807 971 2848 car-
1021 2787 1095 2844 enim
1110 2788 1193 2845 homo
1207 2787 1333 2845 conditus
1347 2795 1399 2858 est,
1414 2787 1522 2846 veritati
1545 2787 1643 2846 similis
1665 2787 1756 2846 ιεειιιε
1769 2796 1824 2858 εει,

171 2898 245 2949 uem,
260 2880 339 2951 eujus
361 2876 507 2935 desideriis
529 2884 556 2934 ει
578 2877 618 2932 ιιιι
637 2877 710 2934 mala
728 2889 904 2951 proponunt,
921 2881 971 2939 εει
1020 2877 1069 2934 εει
1079 2876 1221 2950 musondo
1236 2877 1332 2934 similis
1345 2876 1432 2934 iactus
1445 2885 1487 2935 εει
1507 2876 1630 2935 vanitati.
1652 2879 1729 2936 Vana
1749 2878 1824 2936 enim

169 2971 253 3029 vincit
266 2970 314 3026 ille
335 2968 382 3043 qui
402 2967 521 3040 lapidem
543 2967 664 3022 immittit
691 2967 719 3024 in
742 2969 821 3025 laetis
844 2977 970 3042 excepto
1020 2974 1083 3022 sunt
1111 2965 1203 3023 omnia
1235 2965 1392 3022 transitoria
1424 2965 1452 3022 in
1478 2967 1683 3039 comparatione
1710 2984 1824 3042 semper

169 3062 251 3129 rium,
272 3059 302 3116 id
324 3066 366 3115 εει
380 3057 426 3131 qui
436 3057 552 3130 grabam
576 3056 700 3125 attendit,
727 3057 774 3129 qui
798 3057 895 3130 spiritu
918 3024 1005 3116 Deio
1018 3055 1154 3116 manentis
1168 3055 1293 3112 Deitatis.
1308 3056 1344 3112 Et
1357 3055 1482 3128 quamvis
1495 3055 1557 3112 talis
1568 3057 1602 3112 sit
1617 3055 1713 3126 iactus,
1729 3064 1823 3114 ιειιιειι

166 3151 285 3209 ducitur.
310 3149 344 3205 ιιι
364 3148 429 3220 quia
449 3146 477 3202 in
500 3145 648 3218 pugnaudo
678 3146 849 3217 periclitaris,
875 3148 903 3204 id
927 3157 969 3206 εει
1018 3144 1161 3202 innotuisti
1173 3145 1209 3210 ci,
1223 3145 1344 3202 aestimas
1366 3161 1439 3202 cum.
1458 3145 1531 3202 Ecce
1546 3145 1590 3202 hic
1609 3145 1674 3204 dicit
1687 3146 1755 3220 quid
1769 3163 1823 3219 per

168 3239 321 3314 periculum
335 3236 438 3310 pateris
452 3251 487 3291 ne
509 3235 638 3302 macaris,
660 3234 706 3291 dic
720 3235 793 3307 quod
817 3237 943 3308 sequitur
958 3255 966 3295 :
1017 3250 1048 3290 εε
1062 3234 1146 3290 ιιοιιιο
1160 3241 1211 3301 εει,
1227 3233 1293 3290 dum
1307 3233 1384 3304 dicit,
1400 3233 1497 3290 similis
1520 3234 1639 3290 vanitati.
1658 3235 1763 3291 Vanum
1778 3243 1822 3292 est

172 3333 212 3388 Ta
226 3346 256 3387 ss
271 3325 469 3384 misericordia
478 3339 551 3394 meo,
567 3323 596 3378 id
606 3331 650 3378 εει
659 3331 689 3378 tu
702 3323 752 3379 das
766 3332 796 3379 ut
809 3325 967 3384 misericors
1016 3323 1090 3396 quod
1104 3322 1139 3378 de
1153 3339 1202 3378 sua
1225 3323 1378 3380 substantia
1401 3323 1502 3380 cadens
1524 3323 1655 3392 vanescit,
1672 3332 1703 3380 ιιι
1715 3325 1820 3394 ιιιιιιιιε,

168 3419 231 3484 sim,
247 3425 274 3473 ει
290 3417 330 3472 sio
343 3415 461 3480 vincam,
477 3412 590 3485 quiade
605 3411 680 3466 nullo
695 3411 736 3468 sio
764 3412 882 3469 vincitur
903 3415 966 3471 dia·
1016 3411 1112 3468 umbra
1127 3430 1134 3480 ;
1150 3411 1188 3468 ita
1201 3419 1228 3467 ει
1241 3411 1302 3484 ipse
1317 3412 1400 3468 homo
1423 3412 1548 3470 tabescit.
1564 3414 1629 3469 Dios
1644 3415 1716 3486 rjus,
1733 3415 1821 3472 idest

167 3507 247 3564 holus
261 3503 398 3570 iuimicus,
414 3511 444 3558 nt
458 3501 493 3557 de
507 3498 708 3566 misericordia,
725 3517 785 3575 qum
806 3501 835 3557 in
857 3503 966 3560 duobus
1014 3500 1069 3557 vita
1083 3499 1144 3570 ejus
1160 3499 1284 3569 motoris,
1304 3502 1563 3573 pretereuutsicat
1576 3501 1686 3560 ambro.
1703 3502 1820 3560 Videtur

164 3595 297 3662 consistit,
315 3589 556 3650 scilicetindando
571 3588 964 3664 etiudirnittendo;quienim
1015 3587 1136 3662 quidem,
1167 3588 1217 3646 εει
1247 3605 1302 3645 uon
1334 3589 1418 3646 habet
1445 3588 1600 3646 firmitatem
1632 3589 1761 3647 manendi
1787 3601 1820 3648 ut

163 3684 282 3752 dimittit,
298 3682 350 3740 etsi
363 3677 497 3754 peccarit,
521 3677 674 3734 dimittetur
688 3677 733 3746 ει;
751 3677 797 3752 qui
810 3679 867 3746 dat,
882 3680 964 3738 datur
1013 3678 1132 3746 umbrs3
1149 3686 1175 3734 et
1187 3677 1254 3734 dum
1269 3686 1321 3745 εει,
1338 3679 1367 3735 in
1381 3686 1462 3736 nocte
1477 3686 1528 3737 εει.

162 3777 197 3834 ει.
214 3777 255 3832 De
270 3775 322 3830 hac
334 3770 401 3829 dicit
409 3768 528 3826 lacobus
538 3785 545 3824 ι
556 3767 761 3842 Saporeroltot
769 3769 964 3828 misericordie
1049 3768 1135 3824 Vsus.
1152 3770 1179 3824 6.
1194 3797 1230 3808 -
1246 3789 1258 3816 ι
1275 3767 1402 3837 Domine,
1418 3767 1519 3826 inclina
1532 3767 1698 3837 coelostuos,
1710 3778 1735 3827 ει
1751 3769 1818 3828 ιεε-

159 3865 269 3941 judicio
283 3861 327 3920 vel
349 3860 493 3936 judiciam
519 3858 590 3930 (loe.
621 3856 663 3930 ιι),
692 3856 720 3912 ιι
745 3865 786 3914 εει
801 3859 963 3931 supponitur
1015 3856 1132 3914 «cende
1148 3875 1155 3924 ;
1172 3864 1255 3928 tange
1270 3865 1378 3914 montes
1389 3864 1416 3912 ει
1429 3856 1643 3931 lumigahuntst

47 4013 51 4020 .
160 3955 275 4028 judicio,
291 3952 356 4026 quia
372 3950 398 4006 in
414 3965 468 4022 quo
496 3947 578 4004 inerit
599 3946 739 4003 inventum
762 3961 832 4020 opus
855 3948 964 4005 miseri:
1048 3945 1176 4014 pompm,
1193 3947 1306 4002 impu„
1320 3947 1413 4003 mlo&
1430 3944 1580 4019 [assim-l
1594 3947 1652 4003 Hoc
1677 3947 1755 4020 prius
1778 3965 1814 4006 ex

163 4045 275 4111 cordiae,
291 4049 319 4098 et
334 4039 357 4098 si
371 4037 498 4095 habuerit
513 4035 583 4093 ιοιιε
597 4034 736 4105 injudicio
752 4051 807 4108 quo
820 4036 960 4110 puniatur,
1010 4049 1131 4106 persona
1143 4035 1233 4090 David
1254 4035 1392 4106 precantis
1409 4051 1459 4106 pro
1473 4035 1659 4110 incarnatione
1669 4037 1812 4109 accipitur,

162 4134 234 4191 unda
248 4127 444 4187 misericordie
458 4125 536 4200 qnasi
550 4139 622 4197 aqua
648 4123 753 4196 peccati
767 4123 840 4197 ignis
855 4126 961 4182 exstin-
1010 4123 1058 4196 qui
1066 4123 1266 4195 hiojamaperit
1278 4123 1441 4197 quodsupra
1449 4123 1528 4192 dixit,
1536 4126 1732 4194 innotuistiei,
1745 4127 1812 4200 quia

71 4249 79 4258 ’
161 4222 253 4297 guitur
268 4239 276 4288 3
293 4219 321 4274 in
335 4233 391 4290 quo
404 4231 461 4272 non
478 4221 520 4271 est
543 4213 659 4285 injustus
684 4212 767 4279 Deus,
788 4229 839 4270 neo
864 4214 961 4284 judicii
1010 4219 1073 4269 tunc
1086 4211 1203 4270 innotuit
1217 4213 1292 4268 Deus
1307 4211 1420 4280 homini,
1432 4212 1710 4286 quandoincamatus
1724 4231 1812 4288 uppa-

159 4311 302 4371 veritatem
317 4305 429 4373 deserit,
445 4319 508 4362 cum
521 4302 621 4358 tahbus
635 4301 763 4376 ignoscit,
780 4301 843 4375 quia
854 4303 960 4373 justitia
1009 4301 1073 4370 ruit,
1090 4300 1170 4375 quasi
1183 4300 1257 4358 dicat
1269 4301 1359 4357 :Talis
1373 4317 1460 4374 perse
1474 4303 1614 4372 esthamo,
1626 4304 1674 4360 sed
1689 4311 1716 4360 ut
1724 4320 1812 4376 perse

160 4407 245 4460 estut
259 4397 411 4456 seeundum
427 4393 500 4468 quod
514 4393 576 4466 quis
589 4391 654 4448 lecit
671 4391 733 4448 aliis
756 4388 802 4446 lint
825 4391 860 4447 ei.
881 4384 997 4450 Undel)
1011 4389 1343 4460 reformetisobomtae,
1354 4389 1465 4448 inclino
1475 4392 1558 4448 coetos
1570 4393 1811 4452 taosetdescertde

161 4490 295 4547 Dominus
310 4486 362 4543 ait:
375 4487 408 4542 lo
422 4501 477 4559 pao
492 4480 730 4540 mensuramonsi
738 4481 960 4553 [ueritisffeme-
1009 4479 1045 4536 ad
1057 4495 1118 4546 nos,
1135 4479 1197 4552 qais
1211 4479 1271 4536 haec
1284 4479 1475 4543 nisiinclinata
1484 4479 1591 4538 Deitatc
1600 4479 1659 4538 fieri
1670 4498 1724 4538 non
1733 4491 1814 4554 pote-

161 4575 334 4637 tietrtroolis
351 4575 463 4649 (ιιιιιιιι.
475 4571 536 4646 ιιι),
551 4586 585 4629 aa
600 4571 625 4627 si
638 4569 763 4627 diceret:
780 4569 810 4627 Si
828 4569 957 4642 ignoscis,
1009 4576 1079 4626 rant.
1095 4569 1220 4628 lnclinnti
1248 4577 1311 4626 sunt
1338 4569 1411 4638 coeli,
1429 4571 1541 4644 quando
1565 4570 1651 4628 virtus
1675 4581 1701 4628 ει
1717 4573 1810 4630 honor

161 4665 330 4743 ignosco;si
340 4672 383 4721 est
393 4663 467 4735 apud
477 4670 504 4718 ιε
519 4677 648 4718 mensura
657 4659 746 4716 veniae
762 4658 871 4726 dandae,
881 4659 960 4717 inve·
1009 4674 1192 4732 supernorum
1215 4658 1251 4714 ad
1272 4658 1411 4715 hominem
1430 4659 1583 4728 descendit,
1607 4668 1635 4716 ει
1656 4661 1742 4716 torma
1757 4661 1811 4719 Dei

157 4759 218 4816 aies
246 4756 319 4829 apud
344 4770 389 4811 me
415 4751 502 4810 vcnim
527 4749 714 4823 accipiendam
730 4748 755 4804 si
768 4756 809 4806 est
830 4749 904 4821 apud
931 4757 958 4806 te
1006 4746 1124 4804 lormam
1137 4747 1212 4804 servi
1225 4747 1355 4820 suscepit.
1371 4745 1466 4822 [hup]
1483 4748 1531 4805 Vel
1556 4765 1588 4804 ει
1609 4764 1726 4821 persona
1749 4751 1809 4809 lic-

158 4861 289 4906 mensura
303 4843 439 4901 tribuendi
454 4842 527 4916 quod
551 4840 648 4908 habes,
668 4837 792 4895 invenies
813 4837 890 4909 apud
912 4853 958 4896 ιιιε
1007 4836 1100 4894 closiae
1113 4843 1203 4909 potest
1217 4837 1271 4894 hoc
1285 4837 1349 4894 dici.
1375 4836 1490 4892 Humilis
1503 4837 1576 4894 euim
1597 4837 1695 4907 David,
1710 4839 1809 4912 plenus

155 4949 313 4996 mensuram
326 4931 478 5004 accipiendi
492 4929 566 5004 quod
580 4928 739 4986 nonhabes.
751 4925 864 4984 Dimitte
878 4942 955 5000 crgo,
1006 4926 1106 5000 graba,
1133 4925 1162 4984 ιι
1194 4933 1353 5000 est-corpus
1373 4925 1473 4982 Christi
1500 4942 1668 4997 praesumens
1691 4927 1726 4985 de
1747 4929 1809 4986 Deo

156 5037 182 5086 ει
196 5027 303 5084 dimitto
316 5041 324 5092 3
343 5023 387 5090 da,
395 5021 475 5088 etdo,
486 5024 517 5078 ιιι
524 5035 554 5077 ει
561 5017 705 5092 resupinus
712 5016 956 5088 meumquasitar-
1005 5031 1144 5090 pugnans,
1160 5015 1205 5073 hic
1219 5014 1327 5073 invocat
1346 5013 1509 5086 adjutorium
1526 5015 1577 5072 Dei
1592 5034 1601 5085 3
1615 5018 1692 5089 quasi
1707 5015 1782 5074 dictu

154 5117 195 5174 ris
209 5117 237 5173 in
248 5111 431 5178 tribulatione,
443 5113 472 5168 et
491 5109 627 5166 liberator
639 5122 729 5176 awos,
745 5121 780 5162 ne
795 5104 894 5162 cadam
905 5123 914 5173 ς
927 5110 956 5164 ει
1005 5103 1037 5160 ln
1051 5103 1123 5160 lucta
1138 5121 1241 5174 sumus,
1258 5105 1310 5161 sed
1332 5112 1362 5161 ut
1383 5119 1440 5161 non
1461 5102 1630 5175 deficiamus,
1644 5120 1662 5163 o
1675 5107 1805 5177 Domine,

155 5197 953 5279 susceptormeusmeinviahoeream;eiprotcetormcas,
1004 5192 1105 5252 inclina
1120 5193 1207 5252 coelos
1230 5201 1302 5262 tuos,
1326 5192 1421 5250 idest
1443 5200 1620 5266 contempera
1648 5195 1806 5254 hominihus

153 5309 190 5351 ne
205 5293 295 5350 leriar.
307 5291 412 5348 Deinde
426 5294 589 5347 convertens
603 5299 759 5342 sermonem
768 5283 804 5340 ad
818 5283 888 5340 alios
898 5282 953 5340 ait:
1003 5281 1154 5356 apostolos,
1184 5290 1214 5338 ut
1240 5281 1359 5338 humiles
1391 5281 1484 5340 (licant
1528 5283 1589 5340 aliis
1615 5283 1804 5342 excellentiam

157 5385 190 5441 ιιι
203 5383 236 5438 iu
250 5383 310 5456 ipro
324 5380 444 5454 sperari,
464 5377 492 5434 in
506 5375 634 5434 omuibus
648 5373 789 5432 laboribus
803 5380 831 5430 ει
839 5372 952 5446 preliis.
1003 5381 1086 5431 tuam.
1102 5372 1136 5428 Et
1149 5387 1200 5444 per
1213 5386 1263 5430 eos
1286 5371 1424 5428 descende
1438 5371 1467 5428 in
1480 5371 1601 5428 notitiam
1617 5371 1733 5430 eliorum
1749 5390 1758 5440 3
1775 5379 1806 5432 et

151 5470 260 5530 Deinde
276 5485 313 5528 ει
330 5483 449 5544 persona
476 5465 584 5542 capiis,
608 5465 657 5540 poi
680 5463 784 5534 subdit,
809 5461 954 5532 stelione
1003 5466 1090 5536 tortos
1100 5462 1135 5520 ιε
1145 5469 1192 5518 tua
1205 5459 1429 5536 retamenta,
1446 5460 1474 5518 id
1497 5468 1539 5518 εει
1553 5460 1683 5520 ειειιοιιεε
1710 5470 1802 5534 unae,
