3870 6064
210 221 263 275 267
721 205 726 214 ’
892 209 993 266 PETRI
1008 205 1187 262 adnatant
1803 206 1857 260 258

211 339 336 413 regnavit
349 353 431 409 super
446 337 554 392 tribum.
570 337 640 392 iuda
655 337 693 406 (ll
707 339 771 408 ltcg.
782 337 824 405 rr).
842 332 940 390 Occiso
955 348 1005 386 au·
1020 331 1046 390 A
1093 326 1210 400 [Giintl
1225 328 1360 384 Dominus
1375 326 1503 382 habitans
1516 326 1545 382 in
1557 342 1610 394 mc,
1627 333 1668 382 est
1680 325 1859 382 illumiaatio

209 438 267 484 tnm
281 427 409 482 llisbaset
423 424 480 481 tilio
496 425 569 490 Satil,
582 424 628 497 qui
638 439 722 494 super
731 423 800 479 alias
809 422 895 476 tribus
907 435 1005 491 regna·
1056 433 1129 482 mea,
1145 413 1240 488 [Aug]
1255 415 1298 472 vel
1312 415 1356 470 lux
1372 430 1450 484 mea,
1460 421 1555 470 contra
1565 413 1860 488 tenebrasignorantiae

209 517 265 585 bat,
287 514 366 570 tertio
386 514 511 569 inunctus
535 521 576 568 est
599 512 710 580 ibidem,
736 521 765 567 ut
782 518 910 584 regnaret
925 523 1007 578 super
1056 519 1134 560 meae.
1151 503 1249 576 [Ηίει]
1259 504 1320 558 Nun
1335 517 1388 577 ego
1401 502 1469 557 milii
1478 519 1539 558 siun
1548 502 1604 568 lux,
1617 501 1666 558 scd
1674 501 1733 572 ipse
1742 501 1788 573 qui
1796 500 1857 556 illu-

210 604 368 661 universum
379 601 473 657 lsrael.
489 601 529 673 (ll
542 604 604 672 llep.
621 601 661 671 v).
678 601 713 656 Et
727 597 1005 656 ascendensinleru-
1057 592 1140 648 minat
1150 606 1258 646 omnem
1270 591 1407 646 hominem
1426 591 1586 646 venientem
1601 589 1628 644 in
1643 590 1715 645 hunc
1727 589 1858 644 mundum

210 692 306 760 salem,
327 691 355 744 in
377 705 445 760 pace
469 689 600 760 regnavit.
627 689 681 744 Sed
700 687 760 742 duae
781 695 907 742 extremm
922 701 1006 755 repu-
1056 681 1151 750 (ioan.
1171 679 1201 750 1).
1220 682 1256 736 Et
1272 679 1331 750 ipse
1346 686 1387 734 est
1401 679 1551 734 saluamea
1561 685 1656 734 contra
1665 676 1857 746 infirmitatem,

210 786 302 836 tantur
319 794 370 849 pro
392 794 455 834 una.
482 775 612 850 [alcuin]
634 777 696 832 Post
721 776 836 847 primam
850 773 1006 829 unctionem
1056 767 1150 840 [hug]
1166 774 1194 822 ut
1204 767 1263 837 jam
1276 767 1380 838 possim
1389 767 1518 824 resistere
1532 774 1657 838 peccato.
1677 765 1733 838 [Gl.
1747 765 1808 838 int]
1822 766 1859 819 Et

210 867 296 924 David
310 869 402 922 hostes
417 865 519 920 habuit.
538 867 599 920 l’ost
613 864 764 920 secundam
779 864 806 918 in
822 878 889 933 pace
907 875 1006 932 regna·
1057 864 1099 911 est
1111 871 1143 910 aa
1153 855 1177 910 si
1192 855 1309 924 diceret,
1323 855 1456 911 Dominus
1470 863 1496 910 et
1511 854 1630 911 notitiam
1650 868 1726 909 suam
1742 853 1817 908 dedit
1831 861 1859 908 ει

210 955 257 1010 rit.
278 955 346 1010 Huic
360 953 480 1008 historiae
494 953 590 1007 alludit
604 952 708 1007 titulus.
727 951 781 1008 Sed
796 950 857 1023 quia
871 948 963 1005 omnia
979 947 1005 1000 in
1057 944 1182 1010 salutem,
1198 961 1281 1018 quam
1293 959 1360 1015 ergo
1370 943 1472 1000 timebo
1485 947 1496 1000 i
1510 943 1625 1010 nullum,
1634 941 1699 1014 quia
1709 941 1797 998 nullus
1807 956 1857 1013 pa·

206 1043 299 1117 ligura
318 1040 513 1114 contingebant
537 1039 589 1095 illis
604 1041 629 1112 (l
644 1041 703 1096 Car.
720 1039 761 1110 ι’),
778 1038 918 1094 sciendum
933 1035 1007 1107 quod
1057 1038 1109 1086 test
1120 1040 1214 1086 contra
1229 1047 1300 1087 eum.
1317 1032 1351 1086 Et

209 1131 275 1187 olim
288 1131 350 1186 duae
363 1145 488 1201 personas
507 1129 688 1200 ungebantur,
701 1127 795 1200 [hug]
807 1143 854 1181 rex
865 1125 969 1181 scilicet
980 1131 1006 1179 ει
1095 1119 1180 1174 Vana.
1204 1123 1231 1176 2.
1247 1142 1310 1166 -u
1337 1119 1469 1174 Dominus
1491 1125 1630 1189 protector
1655 1117 1716 1174 ritae
1736 1130 1858 1184 meae;a

209 1219 349 1285 sacerdos,
366 1217 394 1273 in
409 1217 507 1290 quibus
521 1215 724 1290 significabatur
737 1232 807 1270 unus
822 1213 944 1270 Christus
959 1228 1007 1266 rex
1059 1231 1069 1254 ιι
1089 1223 1143 1278 quo
1156 1207 1323 1277 trepidabo?
1341 1229 1351 1256 a

206 1315 237 1364 et
252 1307 382 1362 sacerdos
399 1323 405 1361 :
423 1307 490 1371 llex,
502 1305 566 1377 quia
577 1321 627 1361 nos
639 1304 745 1378 regitat
754 1301 848 1369 ducit;
864 1301 1004 1357 sacerdos.
1092 1305 1227 1360 Dominus
1241 1310 1283 1358 est
1302 1307 1442 1376 protector
1457 1305 1522 1358 vim
1533 1319 1612 1369 maoe,
1625 1300 1755 1374 [alcuin]
1769 1301 1797 1357 id
1812 1309 1856 1356 εει

209 1395 272 1467 quia
288 1410 338 1466 pro
355 1395 435 1450 nobis
455 1392 617 1464 interpellat,
634 1400 660 1448 et
675 1391 838 1448 sacrificium
853 1391 911 1445 Deo
925 1389 1007 1444 obtu-
1057 1390 1103 1445 dat
1126 1389 1191 1444 mihi
1213 1390 1296 1446 vitam
1319 1391 1457 1457 virtutum,
1478 1389 1573 1464 [hug]
1588 1402 1670 1462 quam
1682 1397 1709 1445 et
1724 1389 1853 1462 protegit,

208 1483 247 1552 lit,
264 1499 319 1538 non
333 1482 408 1538 aliud
422 1497 504 1554 quam
519 1482 649 1552 seipsum.
665 1481 723 1536 Nos
738 1495 802 1535 vero
824 1493 918 1534 sumus
941 1493 1006 1533 car·
1056 1478 1122 1533 dum
1139 1494 1234 1534 omnes
1255 1479 1373 1550 impetus
1396 1487 1423 1534 et
1441 1477 1555 1533 insidias
1570 1477 1688 1549 repellit,
1705 1476 1855 1550 [Cassiod]

209 1587 260 1642 pus
281 1570 389 1637 Christi,
416 1577 443 1626 ει
465 1569 492 1622 in
514 1584 547 1624 eo
570 1567 694 1624 Christus
710 1583 813 1632 sumus,
831 1566 894 1639 quia
910 1581 1006 1621 amnes
1057 1567 1115 1624 sine
1133 1568 1210 1638 cujus
1232 1568 1401 1638 protectione
1421 1565 1512 1623 omnia
1528 1566 1599 1622 dana
1612 1567 1671 1636 ejus
1685 1566 1850 1638 perduntur.

208 1659 336 1732 ungimur
349 1659 384 1713 de
403 1658 461 1727 eius
476 1656 643 1727 plenitudine
658 1655 803 1730 unctionis,
819 1669 900 1727 aqua
909 1652 1006 1709 dicitur
1019 1656 1116 1738 BNon
1133 1669 1199 1728 ergo
1215 1655 1280 1710 satis
1294 1663 1336 1710 est
1350 1657 1425 1722 dare,
1442 1655 1494 1710 nisi
1508 1655 1589 1710 etiam
1604 1663 1630 1710 ει
1643 1661 1776 1728 protegat.
1788 1654 1856 1710 ldeo

210 1746 346 1803 Christus.
379 1745 484 1802 Dicitur
514 1745 616 1800 enims
635 1745 780 1800 chrismate
812 1741 945 1799 Christus.
971 1743 1006 1796 Et
1056 1760 1111 1799 non
1135 1735 1171 1799 ait
1194 1743 1280 1809 datar,
1305 1743 1364 1812 sed,
1389 1751 1526 1813 protector
1545 1742 1608 1798 vitre
1628 1758 1706 1798 meae.
1724 1742 1772 1798 Vel
1787 1741 1855 1814 quia

208 1835 271 1891 ideo
286 1833 423 1890 Christum
446 1831 611 1902 accipientes
626 1847 731 1898 amnes,
748 1831 776 1885 in
790 1830 837 1886 illo
852 1839 879 1886 et
894 1829 1004 1894 Christi,
1055 1832 1188 1888 Dominus
1201 1831 1331 1906 protegit,
1347 1821 1416 1905 ergo
1429 1848 1507 1906 aquo
1522 1831 1642 1897 homine,
1659 1831 1702 1887 vel
1717 1847 1732 1886 a
1747 1846 1812 1903 quo,
1825 1831 1853 1885 id

210 1931 234 1979 et
246 1922 367 1978 Christus
381 1921 477 1987 simus,
494 1919 558 1993 quia
573 1920 691 1992 quodam
706 1919 789 1975 modo
800 1926 872 1974 totus
883 1916 1006 1974 Christus
1056 1927 1098 1975 est
1111 1935 1127 1976 a
1142 1936 1195 1992 qua
1208 1935 1247 1986 re,
1264 1920 1417 1992 trepidabo,
1434 1918 1461 1975 id
1476 1927 1517 1975 est
1531 1935 1611 1991 quem
1627 1918 1671 1975 vel
1686 1918 1751 1990 quid
1767 1917 1853 1990 trepi-

209 2018 288 2082 caput
303 2019 345 2065 est
358 2017 385 2065 ει
399 2025 507 2080 corpus.
523 2009 558 2062 Ει
571 2007 638 2063 sicut
654 2007 740 2062 David
755 2006 829 2078 prius
841 2005 888 2060 suit
908 2013 1005 2060 unctus
1055 2008 1149 2064 dabo?
1163 2007 1264 2080 [Aug]
1279 2008 1357 2079 quasi
1372 2007 1444 2064 dicat
1460 2024 1467 2063 :
1484 2007 1662 2078 necaliquem
1677 2021 1728 2064 nec
1737 2006 1852 2080 aliquid.

208 2098 234 2153 in
259 2097 349 2171 signo,
373 2096 473 2152 deinde
488 2095 530 2150 bis
545 2096 573 2150 in
588 2111 694 2168 regem,
710 2103 791 2166 atque
806 2093 860 2148 illae
874 2093 934 2148 duae
950 2108 1004 2147 un·
1055 2095 1097 2150 hd
1109 2096 1327 2167 potentissimum
1339 2095 1411 2151 enim
1425 2095 1546 2152 omnium
1560 2095 1772 2166 omnipotentem
1783 2111 1853 2166 per-

208 2186 314 2242 ationes
334 2201 385 2256 pro
408 2199 463 2239 una
486 2191 655 2255 reputantur,
672 2183 710 2237 ita
721 2191 748 2236 et
771 2197 822 2236 nos
835 2181 912 2251 prius
926 2180 1004 2235 inun-
1055 2183 1137 2250 tineo,
1159 2183 1205 2254 qui
1220 2183 1362 2251 illuminat,
1380 2182 1466 2239 salvat
1481 2191 1507 2239 ει
1521 2182 1650 2256 protegit.
1667 2183 1731 2238 ldeo
1746 2183 1852 2238 nullum

207 2272 307 2347 gimur,
323 2273 368 2330 hic
381 2271 499 2345 insigna
519 2270 602 2326 futuri
618 2270 706 2342 regni,
723 2270 788 2325 dum
805 2268 922 2340 Spiritus
937 2283 1004 2323 san·
1054 2271 1146 2337 timeo,
1163 2278 1261 2342 praeter
1276 2271 1376 2343 ipsum,
1392 2271 1534 2326 ambulans
1547 2272 1575 2326 in
1589 2269 1691 2325 lumine
1702 2269 1856 2342 gratiaefir·

206 2360 243 2417 cti
256 2361 372 2433 gratiam
392 2360 419 2415 in
440 2359 574 2431 baptismo
589 2367 616 2413 et
629 2358 658 2412 in
671 2357 731 2412 aliis
746 2356 923 2413 sacramentis
937 2371 1003 2426 per·
1053 2375 1124 2413 mus.
1142 2359 1191 2414 Vel
1205 2360 1240 2415 de
1255 2357 1344 2416 laturo
1363 2368 1476 2431 possunt
1487 2359 1514 2413 ui
1529 2360 1583 2415 dua
1597 2374 1693 2414 versus
1711 2357 1807 2430 accipi,
1826 2367 1854 2414 et
1927 2347 1928 2354 ¹

205 2449 321 2520 cipimus
343 2449 432 2515 (Rom.
458 2447 518 2519 v1);
535 2447 656 2504 secundo
671 2453 764 2501 autem
777 2445 806 2500 in
819 2443 910 2500 futuro
924 2444 1004 2498 inun·
1054 2447 1081 2501 in
1104 2447 1192 2518 primo
1213 2446 1323 2519 quidem
1338 2463 1420 2502 uersu
1434 2454 1509 2503 notat
1524 2447 1717 2502 sabbatismum
1730 2446 1853 2514 animae,
1927 2439 1928 2444 ’

205 2553 304 2611 gemur
317 2537 345 2590 in
359 2552 451 2608 reges,
477 2535 584 2608 quando
599 2534 752 2589 libertatem
771 2533 865 2606 gloriae
885 2531 1003 2588 filiarum
1053 2534 1212 2590 insecundo
1228 2534 1425 2590 sabbatismum
1439 2534 1571 2606 corporis,
1588 2535 1614 2589 in
1631 2535 1708 2604 cujus
1722 2533 1763 2590 rei
1780 2532 1856 2608 figu-

120 2641 124 2648 ·
204 2624 266 2696 Dei,
291 2631 318 2680 ει
337 2623 551 2694 redemptionem
575 2621 698 2693 corporis
721 2619 807 2676 nostri
828 2619 1000 2690 recipiemus.
1053 2637 1091 2689 ra,
1116 2629 1145 2677 ut
1166 2622 1329 2693 praedictum
1355 2629 1404 2690 est,
1429 2630 1629 2693 praecesserunt
1648 2623 1709 2679 due
1722 2631 1854 2679 extremae
1926 2613 1928 2624 ⁴

204 2713 239 2769 Et
260 2713 330 2769 sicut
346 2711 434 2768 David
454 2718 516 2782 post
540 2711 657 2782 primam
674 2709 830 2766 unctionem
843 2709 936 2764 hostes
950 2709 1002 2762 ha·
1053 2709 1195 2766 unctiones
1209 2709 1296 2766 David
1310 2710 1380 2782 (20).
1397 2710 1454 2765 Ηοε
1469 2710 1541 2766 idern
1556 2726 1663 2783 quoque
1687 2709 1856 2783 significavit
1927 2689 1928 2696 ἵ

204 2800 273 2870 buit,
295 2807 357 2871 past
371 2798 518 2877 secundam
533 2799 561 2852 in
579 2813 647 2869 pace
661 2797 805 2870 regnavit;
822 2789 952 2868 [alcuin]
966 2795 1001 2850 ita
1052 2797 1080 2852 in
1096 2798 1268 2853 tabernaculo
1283 2798 1390 2853 Domini
1405 2798 1484 2854 unius
1507 2799 1590 2855 cubiti
1604 2799 1695 2855 tabula
1710 2806 1783 2856 secta
1798 2815 1853 2871 per

203 2897 295 2945 etuas
315 2894 377 2960 post
391 2885 614 2943 sacramentalem
639 2885 796 2942 unctionem
811 2884 862 2940 sub
877 2883 1000 2939 hostibus
1051 2885 1180 2954 medium,
1196 2885 1224 2941 in
1238 2885 1414 2942 occidentalis
1429 2886 1522 2942 lateris
1536 2886 1645 2960 angulis
1664 2886 1761 2958 posita,
1786 2903 1853 2959 quae
1926 2879 1928 2892 ⁴

203 2975 360 3033 laboramus
374 2983 402 3031 et
421 2974 556 3048 gemimus
571 2973 744 3044 adoptionem
765 2972 881 3028 liliorum
899 2987 999 3043 exspe·
1051 2973 1120 3029 duos
1133 2973 1253 3045 parietes
1268 2973 1506 3030 tabernaculihinc
1520 2974 1583 3030 inde
1598 2972 1759 3048 excipiebat,
1769 2982 1854 3048 atque

203 3071 309 3122 ctsntes
326 3065 415 3136 (Rom.
432 3063 503 3134 rur).
520 3063 584 3118 Post
599 3061 750 3117 secundam
767 3060 950 3132 quiescemus.
966 3061 1000 3114 Et
1015 3025 1112 3118 Ccum
1135 3061 1223 3117 lronte
1248 3061 1409 3118 occidentali
1430 3062 1572 3136 jungebat,
1599 3063 1665 3135 quia
1694 3061 1790 3118 fideles
1816 3064 1853 3120 de

202 3152 273 3210 sicut
282 3152 369 3208 David
384 3152 469 3207 bisin
484 3166 577 3222 regem
587 3157 684 3205 unctus
695 3157 746 3216 est,
758 3147 1000 3219 itaetunctioglo-
1021 3157 1027 3164 '
1050 3157 1165 3220 utroque
1189 3149 1290 3220 populo
1305 3158 1415 3220 sperant
1430 3165 1460 3205 se
1473 3150 1612 3207 habituros
1631 3150 1767 3222 geminam
1783 3151 1852 3224 glo·

203 3239 362 3295 sificationis
384 3246 484 3295 nostrae
505 3254 558 3309 qua
580 3237 607 3292 in
628 3253 709 3311 reges
730 3252 874 3309 ungemur,
891 3236 1000 3307 gemina
1050 3236 1227 3293 rificatianem
1242 3245 1304 3309 post
1319 3253 1445 3294 occasum
1470 3238 1590 3310 corporis
1606 3255 1612 3293 :
1628 3246 1772 3311 propterea
1786 3255 1852 3310 per·
1926 3229 1927 3250 ³

202 3334 244 3382 est
266 3327 345 3393 stola,
371 3326 475 3384 scilicet
497 3326 594 3382 animae
618 3333 643 3380 et
659 3326 791 3395 corporis.
809 3324 864 3378 Sed
878 3325 921 3380 lrae
939 3323 1000 3380 duae
1050 3332 1177 3381 severant
1192 3325 1349 3381 constanter
1363 3324 1391 3380 in
1405 3325 1477 3381 bono
1491 3343 1579 3398 usque
1593 3326 1622 3381 in
1634 3325 1726 3383 finem.
1742 3328 1777 3383 Et
1795 3327 1852 3385 hoc
1926 3303 1927 3324 Χ

204 3414 283 3487 quasi
302 3429 353 3486 pro
372 3429 426 3469 una
441 3421 609 3484 reputantur.
625 3411 720 3485 [hug]
735 3412 820 3468 Nobis
834 3427 902 3483 ergo
916 3411 999 3467 modo
1049 3421 1100 3480 est,
1115 3413 1247 3469 Dominus
1261 3413 1310 3468 erit
1324 3412 1484 3469 illuminatio
1499 3429 1571 3481 mea,
1587 3414 1631 3470 vel
1644 3414 1691 3471 lux
1704 3429 1775 3483 mea,
1785 3424 1851 3486 past

200 3509 246 3559 est
267 3501 359 3558 unctio
382 3501 410 3556 in
433 3509 612 3566 sacramento,
637 3515 690 3572 quo
719 3497 910 3572 praeliguratur
934 3498 1000 3570 quid
1048 3501 1119 3556 hanc
1133 3501 1227 3568 vitam,
1244 3508 1270 3556 et
1291 3501 1365 3557 salus
1379 3517 1449 3571 mea,
1467 3500 1617 3558 secundum
1632 3502 1749 3558 animam
1764 3519 1850 3575 quam
1925 3511 1926 3514 ’

121 3593 128 3600 “
202 3590 283 3646 luturi
299 3605 403 3645 sumus.
419 3591 453 3644 lit
467 3588 530 3644 idea
545 3587 652 3652 dicitur,
668 3589 835 3662 priusquam
852 3588 997 3643 liniretur.
1049 3587 1213 3660 glorificabit
1232 3597 1258 3644 et
1278 3589 1450 3655 illuminabit,
1466 3597 1496 3644 ut
1509 3589 1599 3647 rideat
1617 3591 1704 3647 Deum
1725 3590 1795 3648 lacis
1811 3592 1849 3647 ad
1925 3595 1926 3606 ¹

202 3679 238 3734 lit
252 3673 293 3734 e'st
307 3693 403 3733 sensus
419 3677 487 3732 tituli
502 3693 508 3730 :
526 3675 582 3748 [Gt.
598 3674 659 3746 int]
667 3677 795 3748 psalmas
804 3674 864 3740 iste,
876 3674 998 3748 dirigens
1049 3675 1159 3734 faciem.
1179 3675 1265 3746 Quem
1282 3693 1350 3749 ergo
1373 3684 1437 3734 tunc
1456 3676 1581 3734 timebor
1596 3678 1682 3748 Quasi
1696 3679 1767 3736 diest
1782 3680 1850 3735 nul-
1924 3663 1926 3696 ³

202 3781 253 3822 nos
275 3769 308 3823 io
330 3767 417 3836 finem
448 3764 545 3820 luturae
573 3763 822 3828 consummationis,
848 3763 999 3818 attribuitur
1048 3763 1114 3818 lum.
1142 3763 1210 3833 Quis
1225 3765 1298 3820 enim
1314 3773 1354 3820 est
1373 3781 1454 3837 quem
1471 3766 1566 3822 timeat
1579 3767 1669 3822 anima
1683 3767 1711 3822 in
1725 3782 1779 3840 qua
1792 3768 1849 3823 ha-

202 3855 299 3920 Douid,
316 3854 344 3910 id
359 3861 399 3910 est
414 3853 524 3909 cuilibet
539 3851 622 3908 lideli.
637 3851 762 3908 Psalmus
776 3852 850 3920 dico,
862 3866 949 3924 agens
964 3851 998 3906 de
1048 3851 1114 3906 bitat
1129 3850 1220 3907 Deusl
1237 3853 1342 3908 Deinde
1358 3851 1450 3908 subdit
1463 3853 1498 3909 de
1514 3854 1683 3910 sabbatismo
1707 3856 1845 3927 corporis.

200 3943 254 3998 hcc
268 3942 342 4014 quod
355 3949 406 4008 est,
425 3944 593 4014 priusquam
609 3941 755 4004 liniretur,
766 3939 898 4008 secunda,
913 3938 940 3993 id
956 3947 998 3993 est
1048 3939 1082 3995 Et
1096 3940 1226 3996 Dominus
1242 3949 1283 3996 εει
1297 3948 1434 4012 protector
1454 3942 1517 4000 ritas
1530 3959 1608 4011 meae,
1636 3942 1735 4017 [hug]
1761 3943 1790 4000 id
1804 3952 1850 4001 est
1924 3933 1925 3958 ³

202 4031 236 4085 de
252 4045 284 4085 eo
299 4031 372 4101 quod
387 4039 429 4085 est
442 4039 503 4085 ante
518 4029 666 4100 perlectam
681 4029 836 4084 unctionem
850 4034 998 4099 antequam
1047 4037 1171 4102 proteget
1193 4043 1237 4084 me
1261 4029 1314 4084 vita
1328 4029 1548 4086 immortalitatis.
1568 4032 1660 4104 hquo
1674 4047 1743 4105 ergo
1757 4033 1848 4104 trepi-

201 4117 296 4172 hastes
308 4116 411 4171 habuit.
428 4114 521 4188 [hug]
537 4115 614 4171 Unde
626 4116 653 4171 in
675 4125 855 4180 sacramento,
872 4115 899 4170 id
913 4123 954 4170 est
968 4115 996 4169 in
1047 4117 1140 4173 dabo?
1156 4133 1237 4188 quem
1251 4117 1368 4188 trepidet
1382 4133 1519 4176 caracam
1533 4119 1651 4176 induerit
1664 4119 1846 4192 incorruptio-

202 4201 392 4259 sacramentali
415 4203 541 4258 unctione
561 4203 612 4258 iste
637 4201 725 4258 fidelis
745 4219 859 4275 gemens
875 4211 902 4258 et
916 4201 996 4258 laho-
1046 4205 1134 4260 nem?
1147 4205 1267 4260 Nullum.

201 4307 277 4358 rans,
293 4297 321 4345 ut
344 4296 371 4347 tn
392 4305 420 4345 re
437 4289 574 4362 gaudeat:
589 4289 634 4345 bic
647 4290 765 4362 loquitur
779 4289 909 4361 quiddam
924 4289 995 4346 inel—
1082 4292 1168 4348 Vana.
1185 4297 1212 4360 ³,
1229 4321 1264 4334 -
1280 4314 1292 4345 ι
1308 4294 1379 4350 Dum
1393 4295 1556 4367 appropiant
1571 4311 1652 4369 super
1670 4313 1714 4354 me
1737 4313 1845 4356 uacen—
1923 4317 1924 4322 ¹

195 4374 286 4434 'labile
295 4395 325 4434 se
334 4377 502 4443 desiderare,
512 4377 660 4434 ostendens
668 4393 717 4448 pro
728 4377 879 4449 quaomnia
887 4378 993 4434 tolerat.
1009 4373 1036 4434 D
1050 4401 1061 4426 ι
1079 4388 1130 4446 ιεε,
1146 4389 1175 4435 ut
1190 4381 1270 4436 edant
1284 4398 1382 4446 carnes
1397 4399 1482 4440 meas.
1501 4405 1512 4434 ι

143 4537 146 4544 ¹
201 4467 328 4523 Intentio.
351 4467 440 4522 hlonet
463 4481 498 4521 ne
521 4465 582 4538 quis
612 4475 675 4538 post
697 4465 813 4537 primam
840 4465 994 4524 unctionem
1080 4469 1153 4524 Dum
1166 4471 1346 4543 appropiant.
1363 4471 1413 4528 llic
1423 4471 1544 4528 ostendit
1557 4488 1641 4545 quare
1661 4489 1716 4530 nau
1738 4475 1844 4544 timeat,

200 4563 315 4626 torpeat,
332 4555 381 4611 scd
408 4555 444 4610 ad
459 4553 608 4610 secundam
628 4571 657 4610 se
672 4553 819 4627 diligenter
832 4561 917 4624 paret.
933 4555 995 4634 llo-
1045 4563 1071 4611 ει
1082 4556 1206 4629 jungitur
1220 4558 1279 4614 haec
1302 4558 1390 4614 littera
1412 4575 1475 4615 cum
1491 4560 1667 4632 precedenti,
1692 4563 1846 4620 secundum

199 4643 261 4698 dns.
276 4642 422 4714 Bipartitus
436 4649 478 4698 est
491 4641 623 4714 psalmus,
643 4641 773 4714 [Αιειιίιι]
796 4642 875 4696 Prius
889 4641 946 4713 agit
959 4642 995 4697 de
1044 4643 1160 4716 primam
1183 4646 1355 4716 sententiam,
1379 4646 1419 4704 sic
1442 4648 1520 4720 quasi
1543 4649 1616 4706 dicat
1632 4668 1640 4705 ι
1657 4665 1709 4708 nea
1722 4651 1845 4724 aliquem

199 4731 285 4803 prima
299 4731 436 4797 unctione,
448 4746 498 4801 per
512 4729 763 4802 quamcertilicatur
773 4729 902 4786 secunda.
919 4729 994 4803 [Cas-
1044 4748 1095 4789 nec
1111 4732 1213 4804 aliquid
1229 4734 1339 4801 timebo,
1356 4735 1420 4808 quia
1443 4736 1489 4808 qui
1512 4746 1710 4810 persequuntur
1719 4755 1775 4808 me,
1790 4741 1846 4797 sci·

199 4819 287 4893 aiod]
309 4818 434 4874 Secundo
449 4817 522 4872 dicit
544 4817 605 4891 quis
618 4818 696 4874 labor
711 4825 738 4873 et
751 4818 869 4891 gemitus
884 4817 993 4874 sitente
1044 4818 1107 4876 licet
1117 4826 1252 4879 nocentes
1268 4831 1294 4877 et
1309 4823 1411 4880 inimici
1427 4823 1481 4880 mei
1494 4826 1604 4892 cadunt,
1619 4842 1670 4883 nec
1680 4827 1846 4884 tolluntnisi

197 4907 356 4974 secundam,
381 4907 408 4962 ui
431 4906 518 4977 possit
540 4906 645 4972 haberi,
668 4904 706 4960 ibi
722 4904 841 4974 Exaudi,
859 4908 987 4963 Domina.
1042 4922 1161 4976 carnes;
1182 4908 1236 4963 illis
1260 4907 1352 4977 finitis,
1376 4927 1423 4967 ero
1438 4911 1558 4984 spiritus,
1577 4912 1605 4969 id
1620 4921 1662 4970 εει
1676 4914 1839 4986 spiritualis.

198 4996 292 5071 [hug]
313 4995 412 5051 Fidelis
426 5010 492 5068 ergo
505 4993 593 5065 prima
607 4993 762 5050 inunctione
776 4994 911 5062 inunctus,
929 5003 991 5050 tan·
1042 4995 1076 5050 lit
1088 4997 1141 5052 hoc
1154 5004 1196 5052 εει
1209 4997 1282 5069 quod
1296 4998 1342 5068 ait,
1358 4997 1421 5054 dum
1433 5001 1605 5072 appropiant,
1622 5010 1675 5059 etc.
1685 5003 1844 5059 Secundum

196 5100 278 5157 quam
294 5093 352 5156 tyro
367 5083 466 5140 Christi
481 5082 518 5138 ait
535 5099 541 5137 :
933 5120 939 5130 ·
1041 5083 1121 5138 aliam
1135 5085 1297 5141 sententiam
1312 5086 1346 5142 de
1361 5086 1452 5144 futuro
1467 5089 1507 5146 sic
1517 5089 1613 5163 junge,
1628 5090 1761 5147 Dominus
1777 5109 1847 5164 pro·

231 5172 316 5227 vans.
333 5176 358 5226 ι.
374 5203 408 5213 -
425 5195 430 5219 ι
454 5169 586 5227 Dominus
606 5169 767 5226 illuminatio
792 5186 852 5226 mea
869 5178 896 5226 ει
915 5171 990 5226 salus
1040 5179 1114 5244 teget
1128 5189 1171 5228 me
1185 5171 1213 5228 in
1227 5173 1327 5242 lutura,
1343 5175 1437 5250 [Aug]
1453 5184 1480 5233 et
1495 5193 1569 5244 vere,
1586 5177 1717 5250 quiajam
1731 5179 1784 5235 hoc
1798 5178 1844 5236 ia·
1920 5203 1921 5206 ¹

196 5275 286 5315 «mea
302 5277 309 5314 ι
325 5275 404 5331 quem
420 5259 573 5315 timebat»
1039 5260 1086 5330 cit,
1111 5261 1194 5332 quod,
1214 5271 1343 5320 nocentes
1364 5265 1472 5321 cadunt.
1497 5265 1532 5321 Et
1555 5267 1607 5323 hoc
1631 5275 1671 5323 est
1692 5267 1765 5341 quod
1791 5267 1842 5338 ait,
1920 5323 1921 5328 ,

225 5465 279 5532 (20)
292 5466 328 5515 Ex
338 5463 401 5515 Beda
414 5465 439 5514 iu
451 5463 528 5514 tacu.
542 5475 593 5514 au.
612 5461 711 5525 Quodve
724 5462 795 5513 tuerit
805 5461 885 5525 aliqua
902 5461 984 5513 tabula
1003 5475 1045 5525 per
1058 5461 1162 5515 madium
1180 5463 1284 5516 habebar
1294 5479 1325 5519 ea
1335 5467 1448 5533 ioseph,
1462 5469 1505 5520 lib.
1519 5483 1546 5522 m
1559 5471 1690 5537 antiquit,
1701 5485 1755 5538 cap.
1771 5477 1796 5526 ι.
