3930 6066
229 149 281 203 703

921 141 1024 197 PETRI
1039 135 1217 196 tanatum

1820 137 1873 190 'lbi

228 270 429 326 Testamentum
451 277 599 334 servantes,
622 267 732 340 quaudo
751 267 888 321 Abraham
909 281 972 320 cum
987 263 1022 318 li-
1037 259 1220 324 Arniensis,
1237 260 1458 314 solemnitatem.
1476 258 1611 315 Particula
1629 258 1674 314 illa
1689 265 1729 314 est
1743 259 1777 314 iis
1787 258 1872 314 omni-

228 357 265 414 lio
287 358 323 412 ad
346 373 447 429 pueros
471 373 534 413 cum
562 356 639 411 asina
662 362 867 424 exspectantes,
884 353 1023 408 immolata

228 444 310 500 ariete
325 453 473 500 revertetur
487 445 569 511 (Can.
590 443 674 506 xxa).
691 442 741 498 Vel
755 442 793 496 ita
809 439 1022 506 hunchumiliat‚

228 540 256 589 et
268 533 341 588 hunc
354 532 455 587 exaltat
470 551 479 586 .·
494 531 568 602 quod
582 538 680 600 potest,
697 529 758 601 quia
773 528 852 596 calix,
870 528 899 581 id
916 535 955 582 est
970 542 1023 597 po·

227 627 311 675 testas
327 628 353 674 et
369 619 537 689 dispensatio
549 617 701 687 judicandi.
716 617 790 672 Calix
804 615 876 682 dico,
894 614 949 669 vini
964 630 1023 668 me-

227 707 261 772 ri,
278 707 305 762 id
319 714 359 761 est
369 707 434 775 justi
446 706 541 775 judicii
556 713 607 770 εει,
623 706 651 759 in
666 718 748 784 manu
762 702 880 768 Domini,
892 699 1024 774 [alcuin]

227 793 255 849 id
279 801 320 849 est
343 793 453 860 Christi,
479 793 575 863 plenus
589 792 680 860 misto,
695 790 723 845 id
738 801 777 846 cst
793 789 984 845 misericordia
998 795 1024 844 et

225 881 338 950 judicio,
355 881 417 952 quia
436 881 496 935 aliis
510 896 585 935 mors
603 896 652 951 per
663 878 814 947 justitiam3
831 878 891 932 aliis
911 877 964 932 vita
977 893 1025 946 per

160 973 163 981 '
228 969 451 1032 misericordiam,
477 967 550 1041 quod
570 968 678 1022 mistum
704 967 816 1021 inclinat
846 972 873 1020 ει
900 964 1025 1035 ριορὶιιει

228 1057 364 1112 omnibus.
385 1059 419 1111 Et
440 1056 493 1111 hoa
507 1064 548 1110 cst
564 1073 571 1109 ε
586 1056 621 1108 Et
634 1054 742 1110 inclinat
759 1069 792 1108 ex
807 1055 859 1108 hoc
874 1053 902 1107 in
916 1053 977 1118 hac,
998 1051 1025 1106 id

229 1150 271 1198 est
284 1143 409 1199 omuibus
423 1143 598 1216 generaliter.
616 1141 718 1198 Omnes
734 1141 805 1196 euim
819 1139 1025 1195 santieutmise-

228 1230 374 1287 ricordiam
399 1238 425 1286 et
445 1229 587 1299 judicium.
604 1231 637 1284 Et
651 1230 713 1284 licat
727 1229 840 1285 inclinet
858 1228 971 1284 calicem
985 1226 1025 1280 is-

228 1326 294 1384 tum,
312 1325 498 1374 verumtamen
512 1317 563 1372 faex
579 1317 638 1387 ejus
647 1333 701 1372 nou
717 1324 759 1372 est
773 1315 917 1384 exinanita,
932 1315 961 1370 id
984 1323 1026 1370 εει

228 1420 311 1476 poena
338 1405 491 1460 bibentibus
506 1413 624 1472 austera,
641 1421 696 1459 non
711 1403 820 1459 finietur
835 1403 924 1468 malis,
945 1419 977 1456 ex
993 1417 1025 1458 eo

228 1492 312 1548 calice
336 1492 428 1548 bibent
452 1492 548 1548 laecem
572 1508 668 1547 omnes
682 1500 842 1562 peccatores
866 1498 955 1559 terrae,
970 1505 1025 1544 uon

1074 331 1126 386 bus
1150 328 1312 385 communis.
1339 329 1492 384 Verendum
1518 345 1552 384 ιιε
1571 329 1665 398 ριιιιεε
1678 329 1730 384 εἰει
1746 329 1866 400 sapiant.

1110 402 1194 454 vans.
1212 403 1238 453 5.
1249 401 1287 454 al.
1300 402 1326 453 6.
1338 429 1373 439 -
1383 399 1474 454 Nolite
1486 400 1560 471 loqui
1568 399 1702 455 adversus
1714 401 1802 456 Deum
1813 401 1872 454 ini·
1941 432 1944 440 ·

1074 472 1293 555 quitatempmt
1304 477 1397 531 tntu:
1412 482 1553 524 saranum
1567 483 1672 532 arana.
1689 470 1799 524 Hieron.
1817 484 1871 539 pro

1074 559 1206 614 advorsus
1216 559 1305 612 Deum
1320 557 1504 627 iniquitatem
1514 556 1594 612 vertit
1608 557 1640 612 in
1650 557 1756 613 comica
1769 557 1870 612 veteri

1075 628 1229 699 Sequuntur
1254 626 1405 682 Pellicanus
1419 635 1446 680 et
1465 626 1619 682 Nebiensis.
1636 625 1782 690 Prateusis‚
1803 643 1871 682 cum

1075 699 1182 754 cervice
1196 698 1313 761 elatum,
1325 704 1354 750 ut
1368 695 1467 751 elatum
1483 704 1592 767 regatur
1607 711 1623 751 a
1637 696 1722 751 verbo
1737 695 1809 768 loqui
1824 705 1872 750 aut

1074 769 1235 838 loquentes;
1252 765 1374 832 sanctes,
1390 768 1461 822 callo
1477 768 1603 890 pinpun
1618 765 1781 828 blunsterus,
1797 767 1870 822 callo

1094 840 1235 918 refracto.
1264 837 1356 892 Prima
1368 836 1476 907 partica
1488 851 1513 900 a,
1531 845 1580 901 est,
1597 847 1664 896 a'ttr
1678 851 1758 900 rzaa,
1785 835 1871 890 idest

1072 856 1160 972 bortis,
1178 907 1222 978 qui
1238 913 1264 962 ει
1273 907 1331 978 ipse
1340 908 1422 968 Deua,
1438 907 1574 978 quomodo
1585 914 1699 976 apparet
1709 907 1783 961 LXX
1794 923 1869 961 sum·

1074 979 1174 1048 psisse,
1191 991 1253 1031 cum
1272 977 1355 1032 etiam
1369 976 1458 1030 littera
1480 977 1544 1031 heth
1559 976 1722 1032 dictionibus
1737 977 1872 1048 praepasi-

1074 1056 1103 1102 ta
1126 1045 1262 1119 significet
1285 1045 1420 1101 interdum
1453 1047 1596 1102 adversus.
1621 1045 1726 1103 Deinde
1752 1047 1872 1101 secunda

1074 1117 1216 1188 particula,
1233 1124 1288 1171 tum
1304 1115 1468 1186 significavit
1482 1133 1541 1171 rem
1555 1117 1651 1171 duram
1666 1133 1790 1188 gravem,
1813 1123 1870 1169 tum

1075 1188 1225 1258 antiquam,
1250 1203 1311 1258 quar
1330 1187 1459 1241 universa
1474 1186 1608 1258 quadrant
1621 1186 1805 1255 obstinationi,
1821 1201 1873 1242 aa·

1076 1258 1254 1313 commodatae
1274 1255 1423 1329 significata
1445 1272 1494 1328 ρει
1506 1257 1639 1312 ceruicem
1653 1264 1679 1312 et
1693 1255 1793 1313 collum
1806 1255 1870 1327 piu-

1095 1344 1140 1384 uc.

1075 1345 1195 1454 gblatta.
1213 1401 1239 1463 b,
1254 1399 1293 1452 al.
1316 1398 1342 1451 t.
1358 1425 1392 1438 -
1416 1397 1506 1470 licque
1520 1415 1549 1472 Ιιι
1569 1396 1688 1453 desertis
1709 1397 1868 1454 mantibus.

1076 1467 1148 1523 llier.
1162 1466 1317 1535 Nebiensis,
1335 1467 1487 1522 Pellicauus
1497 1475 1526 1522 'et
1534 1467 1681 1522 translator
1691 1467 1726 1522 ad
1740 1467 1876 1537 Campen-

1079 1555 1136 1594 sem
1159 1545 1229 1592 stant
1249 1554 1266 1593 a
1288 1537 1378 1592 nobis.
1394 1537 1491 1592 Caeteri
1512 1544 1619 1592 vertunt
1642 1539 1875 1604 exaltationem,-

228 1579 933 1651 5011111]Ῐῃᾱωίρθῢωῑοηὸὴὼθῃῑ·Εθθαυιθῃΰωῃ
944 1578 1022 1647 meis,
1039 1605 1189 1664 BSanctas
1203 1624 1255 1663 nac
1270 1625 1287 1663 a
1306 1609 1416 1664 desorto
1435 1609 1528 1664 caniet
1546 1607 1695 1672 exaltatio,
1713 1607 1758 1662 ubi
1772 1608 1807 1662 de
1822 1623 1874 1662 suo

227 1667 294 1725 dicit
303 1666 437 1733 Christus,
448 1669 636 1734 annuntiabo,
646 1666 690 1723 vel
699 1665 831 1739 pandebo,
842 1669 872 1723 in
884 1665 1023 1734 saeoulum,

229 1754 349 1812 cantabo
360 1757 416 1813 Dea
424 1756 516 1814 Jacob.

265 1859 350 1918 Vsas.
366 1864 408 1916 ιο.
420 1890 455 1902 -
472 1863 530 1916 ιΕι
541 1861 634 1917 amnia
644 1874 748 1916 cornua
766 1869 941 1930 peccatorum
958 1875 1022 1916 cou-

230 1967 243 1991 ·
258 1947 397 2023 laingam3
413 1955 440 2004 ει
455 1949 644 2005 exaltabuntur
658 1963 760 2004 cornua
771 1949 845 2016 justi.
861 1971 872 1996 ι

264 2055 300 2110 lit
309 2057 406 2111 amnia
415 2070 523 2112 cornua
536 2058 718 2126 pcccatorum
734 2071 795 2126 qum
810 2055 854 2110 hic
872 2053 1025 2127 eriguntur,

229 2141 324 2214 [bug.,
350 2142 485 2208 Cassiod,
510 2142 555 2198 Gl.
577 2142 638 2214 int]
654 2142 756 2200 scilicet
768 2142 916 2216 dignitates
931 2158 1027 2213 super-

228 2229 334 2294 borum,
347 2231 537 2303 consi-inpom,
548 2229 575 2284 in
587 2227 650 2296 line,
663 2247 724 2301 quaa
732 2230 815 2287 modo
824 2229 917 2285 nolunt
927 2230 1025 2302 frangi,

229 2317 282 2372 hac
304 2325 346 2372 est
370 2317 442 2389 quad
463 2324 526 2372 ιιιιιε
539 2317 615 2382 dixit,
633 2317 706 2374 hunc
720 2317 852 2384 humiliat,
869 2323 897 2374 et
920 2334 1027 2376 cornua

224 2405 380 2476 justiquae
394 2420 449 2459 nou
464 2413 528 2460 sunt
541 2405 595 2473 hic,
613 2405 662 2461 aed
677 2404 715 2460 ibi
730 2413 818 2471 erunt,
834 2405 862 2460 id
876 2412 918 2460 εει
932 2420 1027 2461 ιιιιιιιε-

228 2506 259 2546 ιε
274 2491 381 2560 Christi,
406 2509 468 2564 quae
491 2508 546 2548 uon
570 2500 632 2548 sunt
648 2493 701 2559 hic,
719 2494 768 2548 sed
784 2493 822 2546 ihi
838 2501 928 2562 erunt,
944 2493 972 2547 id
985 2501 1028 2548 εει

228 2594 343 2634 ιιιειιειιι
369 2579 478 2645 Christi,
494 2587 633 2653 quaesunt
648 2580 885 2649 sublimitasjusti,
909 2582 1026 2636 enalla-

226 2666 334 2722 buntur
342 2664 370 2720 in
379 2665 527 2735 iutur0,ubi
537 2667 672 2736 superbus
682 2667 906 2734 humiliabitur,et
915 2667 1025 2723 humilis

231 2751 403 2819 exaltabitur,
418 2753 471 2809 hac
484 2760 526 2809 εει
541 2754 614 2825 quod
628 2762 689 2810 ante
702 2754 778 2821 dixit,
794 2755 866 2810 hunc
880 2755 990 2811 exaltat.

227 2897 360 2940 comato
373 2899 403 2940 IN
417 2899 545 2942 estuabat
559 2900 647 2942 11¹le
664 2904 671 2941 :
690 2906 701 2936 t
714 2901 929 2974 conflammati,
943 2907 955 2937 t
971 2895 1023 2944 Θῑῦ.

263 3009 349 3066 Vana.
368 3014 394 3076 t,
409 3013 452 3067 al.
481 3014 507 3069 2.
531 3041 566 3052 -
590 3011 782 3067 laborabimus
804 3027 907 3068 namen
933 3015 1024 3067 tuum.

226 3091 302 3168 'tnta
310 3091 379 3168 ztnp
387 3097 479 3145 canoa
487 3097 611 3136 saauacx
619 3083 808 3154 propinquum
819 3098 922 3138 noman
933 3087 1024 3147 tunm,

228 3176 296 3244 site,
307 3183 337 3232 ut
346 3177 464 3232 traduxit
475 3177 559 3244 ilion,
567 3181 658 3248 juata
668 3181 874 3234 nomentuum.
887 3177 963 3232 Idem
973 3177 1027 3232 sibi

226 3247 294 3303 malt.
310 3247 391 3313 Nam,
412 3264 499 3321 propa
519 3253 560 3303 ast
575 3249 710 3303 Dominus
733 3247 930 3303 invocantibus
949 3263 1024 3314 aum,

226 3317 325 3386 psalm.
349 3332 442 3383 cxurv,
467 3332 621 3389 quanquam
637 3318 676 3372 sia
695 3317 779 3372 velint
792 3316 889 3388 accipi,
905 3325 934 3372 ut
948 3333 1023 3372 sem·

227 3402 277 3457 per
289 3386 435 3442 sentiamus
451 3387 625 3458 praeseutiam
639 3387 702 3442 Dei.

263 3498 349 3555 ans.
368 3503 396 3566 2,
412 3501 451 3555 al.
468 3503 494 3554 3.
511 3529 545 3540 -
563 3500 631 3554 Cum
650 3515 783 3572 accepera
810 3503 1024 3571 tempsanum

226 3583 314 3624 ιιοιιε.
331 3574 440 3641 tempus
451 3567 626 3635 transierunt,
639 3570 763 3638 Hieron,
775 3569 929 3634 Chaldaeus,
946 3569 1026 3625 Pelli-

228 3654 322 3706 asuus,
346 3639 456 3696 sanctes
480 3648 506 3697 et
528 3639 698 3710 Campensis.
722 3640 886 3706 bluusterus,
905 3638 1022 3709 belinus,

228 3718 255 3768 et
267 3710 427 3782 interpretes
439 3725 489 3781 pra
503 3710 638 3780 Caietano,
655 3714 759 3766 caium
771 3726 819 3766 εειι
835 3714 1023 3776 conventam,

1076 1679 1152 1750 ponit
1166 1679 1343 1738 sennanim
1359 1688 1467 1738 aarum
1479 1692 1636 1733 ιιιιιιιιειιιιι
1651 1678 1874 1740 aaatxmcvissi·

1075 1765 1149 1804 mum
1177 1748 1340 1804 vocabulum
1363 1748 1385 1802 si
1400 1748 1497 1804 habeat
1515 1748 1550 1802 he
1572 1747 1689 1802 litteram
1703 1748 1873 1802 substautia-

1075 1819 1129 1874 lem
1144 1818 1280 1891 quamodo
1295 1826 1459 1889 acceperunt
1472 1818 1548 1872 LXX
1569 1824 1596 1872 ει
1610 1817 1655 1890 qui
1669 1817 1730 1872 illos
1748 1834 1874 1889 sequun-

1076 1897 1129 1955 tur,
1154 1896 1227 1944 recte
1249 1892 1358 1944 mantas
1379 1895 1468 1943 sonat.
1483 1887 1535 1942 Alii
1555 1902 1621 1942 vcro
1635 1895 1774 1958 ceperunt,
1791 1895 1820 1942 ut
1839 1889 1875 1942 sit

1076 1959 1199 2014 addititia
1212 1976 1227 2013 a
1243 1959 1339 2014 radiae
1355 1967 1418 2026 ott,
1438 1959 1579 2014 enullavit
1593 1956 1638 2014 uel
1651 1959 1798 2014 annitatur
1813 1963 1868 2013 ast.

1112 2029 1197 2084 Vnus.
1213 2031 1239 2095 t,
1248 2031 1321 2084 al.8.
1331 2059 1366 2070 -
1378 2029 1460 2084 Calin
1470 2031 1501 2083 in
1508 2029 1717 2085 naanultomini
1732 2030 1875 2084 ainimeri

1074 2101 1176 2171 planus
1190 2101 1285 2154 mista
1301 2099 1373 2154 llier.
1384 2098 1470 2154 lerme
1479 2097 1514 2154 ad
1525 2098 1651 2153 eumdem
1662 2099 1781 2166 modum,
1792 2100 1874 2154 calin

1076 2169 1108 2224 in
1122 2186 1211 2225 manu
1221 2171 1344 2234 Domini,
1356 2173 1399 2225 cst
1408 2171 1472 2226 aino
1484 2185 1593 2226 meraco
1608 2183 1694 2241 usqua
1709 2167 1873 2240 adplenum

1077 2240 1196 2295 mistus:
1212 2241 1251 2294 lta
1275 2254 1382 2311 quoque
1405 2239 1560 2295 Nebiensis.
1587 2237 1640 2293 hlii
1669 2237 1778 2310 quidam
1795 2239 1875 2309 juxta

1076 2309 1190 2366 verbum
1212 2308 1336 2365 videntur
1348 2308 1501 2372 dissonare,
1519 2315 1610 2363 ιειιιειι
1624 2323 1736 2364 εειιειιιιι
1748 2324 1802 2365 nan
1818 2323 1873 2364 va-

1076 2379 1154 2448 riant,
1180 2379 1202 2434 si
1224 2379 1356 2435 oculatius
1376 2379 1566 2449 perpendatur.
1584 2379 1728 2444 Prateusis,
1746 2379 1826 2435 colia
1840 2381 1875 2434 in

1078 2465 1168 2505 mann
1179 2451 1299 2514 Domini,
1307 2451 1471 2519 rubefactus
1477 2450 1633 2522 estplcnur
1642 2450 1785 2505 mistione.
1797 2448 1876 2504 Palli-

1078 2535 1172 2585 canus,
1181 2521 1260 2576 calix
1271 2521 1302 2574 in
1310 2536 1409 2584 manu,
1421 2520 1519 2575 vinum
1529 2519 1797 2591 efferbuii,implcait
1807 2521 1878 2575 ιιιίε-

1078 2591 1191 2646 lionam.
1209 2590 1362 2645 blunsterus
1376 2596 1403 2644 et
1421 2589 1542 2655 Sanctes,
1568 2591 1668 2645 uinum
1682 2590 1789 2654 rubuit,
1815 2591 1875 2644 siaa

1077 2661 1209 2726 rubescit,
1225 2660 1310 2732 plano
1324 2660 1408 2716 misto
1423 2667 1470 2714 aut
1489 2660 1622 2714 nutura.
1639 2669 1703 2720 nun
1719 2668 1875 2714 causaest

1077 2731 1173 2786 rubuit
1200 2730 1320 2801 quidem,
1336 2729 1409 2801 quad
1430 2729 1474 2786 hia
1494 2728 1602 2800 legitur,
1619 2728 1668 2784 sed
1682 2728 1746 2785 inde
1761 2729 1875 2785 ducitur

1077 2811 1141 2860 tnl't
1150 2798 1333 2924 uanumqucd
1347 2807 1389 2855 εει
1403 2800 1501 2855 uinum
1516 2800 1618 2856 bonum
1627 2815 1747 2856 marum.
1760 2799 1873 2855 Felinus

1076 2877 1165 2926 autem
1183 2885 1263 2926 mauu
1275 2878 1285 2923 t
1295 2871 1393 2926 vinum
1405 2869 1558 2939 turbidum,
1570 2869 1619 2925 sad
1630 2868 1774 2925 chaldaica
1782 2876 1872 2925 trans-

1043 2940 1142 3013 clatia
1156 2940 1237 2995 habet
1251 2941 1341 2995 vinum
1356 2956 1462 3011 purum.

1117 3016 1203 3064 lon
1215 3013 1333 3075 Vans.8,
1342 3013 1368 3066 9.
1382 3011 1448 3067 Fan
1458 3012 1518 3081 ejtu
1528 3026 1587 3066 nan
1596 3014 1638 3066 eat
1647 3009 1812 3066 exinanita.
1822 3010 1874 3064 Se·

1076 3081 1215 3154 ptuaginta
1238 3096 1348 3136 sensum
1371 3080 1406 3136 de
1429 3096 1512 3136 sensu
1534 3088 1676 3145 eruerunt,
1701 3079 1748 3151 qui
1770 3079 1873 3135 clarius

1076 3151 1206 3218 eminent,
1222 3150 1308 3222 perid
1323 3151 1397 3223 quod
1416 3166 1479 3206 mox
1493 3149 1652 3216 subtexitur,
1669 3149 1762 3205 bibent
1775 3165 1873 3205 omnes

1075 3228 1236 3293 peccatores
1251 3229 1342 3287 terrae,
1355 3221 1406 3344 qui
1420 3221 1443 3275 si
1458 3235 1567 3301 semper
1580 3219 1681 3288 bibant,
1698 3235 1872 3291 consequens

1076 3300 1127 3357 est,
1151 3300 1178 3346 ut
1197 3307 1336 3363 nunquam
1366 3305 1437 3347 aeccs
1451 3290 1543 3347 caliois
1557 3289 1606 3346 irae
1616 3289 1715 3346 divina
1730 3305 1870 3346 evacuen-

1073 3369 1127 3417 tur.
1153 3362 1211 3418 Hoc
1233 3362 1356 3427 dixerim,
1380 3360 1453 3432 quod
1476 3360 1612 3416 Hebraico
1633 3359 1757 3416 rideatur
1786 3363 1868 3432 quasi

1074 3431 1247 3498 contrarium,
1316 3448 1362 3487 um
1399 3431 1458 3486 siue
1494 3430 1640 3500 negatione
1673 3431 1805 3502 scriptum
1834 3431 1871 3484 sit

1073 3511 1143 3563 arnt
1157 3501 1280 3572 iimtzu,i
1317 3509 1369 3568 εει,
1381 3507 1489 3572 sugent,
1517 3501 1680 3572 expriment,
1709 3500 1869 3582 epotabunt,

1074 3571 1114 3627 sic
1137 3579 1229 3627 tamen
1252 3581 1281 3628 ut
1298 3586 1438 3643 nunquam
1460 3585 1516 3625 nou
1539 3577 1621 3626 restet
1641 3569 1781 3642 quidpiam
1800 3587 1872 3625 exu-

1074 3640 1205 3714 gendum.
1229 3643 1338 3701 Pondus
1361 3641 1501 3698 sententie
1520 3641 1588 3696 mire
1613 3641 1786 3697 attenderunt
1802 3640 1872 3711 Sep-

1074 3713 1206 3786 tuaginta.

797 3864 1082 3969 PSALMUS
1107 3867 1308 3970 LXXV.

227 4070 325 4111 Pflbffll
338 4069 453 4110 TlTlibUS
470 4076 481 4105 t
498 4070 528 4110 IN
545 4070 632 4112 rma!
646 4069 677 4110 {N
691 4069 860 4111 exsaturatis
884 4067 1025 4110 chartea!

370 4139 407 4180 bl)
421 4139 563 4193 bassulae,
576 4140 698 4182 assulas
710 4140 811 4181 ASAPH.
833 4147 844 4174 1

263 4230 304 4285 hd
319 4230 445 4301 Assyrios
457 4231 577 4288 additum
591 4238 633 4287 εει
648 4233 682 4287 ab
697 4230 893 4302 interpretibus
908 4229 1023 4298 Graecis,
1038 4199 1065 4261 D

227 4317 388 4376 exconcilia
398 4319 522 4390 Spiritus
531 4322 639 4386 sancti,
650 4320 724 4392 quod
736 4319 861 4392 pluribus
876 4333 957 4390 supra
965 4335 1027 4390 pro

227 4407 319 4462 hatum
333 4412 375 4460 est
390 4405 417 4461 in
433 4407 596 4479 quibusdam
611 4407 752 4462 similibus.

262 4497 387 4554 Naiasin
396 4497 492 4554 ludoea
503 4499 585 4564 Deua,
595 4504 648 4552 etc.
659 4495 763 4551 Titulus
774 4515 781 4551 :
793 4497 824 4552 ln
830 4497 918 4566 finam
926 4499 957 4553 in
967 4512 1027 4552 aar·

227 4587 350 4644 minibus
361 4589 507 4643 canticum
514 4587 550 4642 ad
557 4585 918 4658 Assyriaqpsalmurrlsapb
926 4584 951 4657 (l
958 4583 1023 4654 ιε’).

227 4675 333 4746 Assyrii
355 4676 569 4745 interpretantur
590 4673 744 4745 diripentas
765 4680 791 4730 et
806 4673 961 4746 significant
974 4673 1026 4728 Ju-

226 4763 310 4832 daeos,
336 4763 433 4836 quibus
452 4778 501 4832 per
523 4761 711 4832 antiphrasim,
732 4761 759 4816 id
785 4769 826 4816 εει
843 4777 892 4833 ρει
919 4768 1026 4817 εοιιιιε-

226 4850 297 4907 rium
318 4853 370 4907 hoc
393 4849 527 4916 convenit,
551 4849 614 4920 quia
639 4865 693 4905 non
718 4857 780 4904 sunt
803 4848 960 4920 dirigentes,
977 4849 1025 4904 sed

226 4948 359 4995 errantes.
377 4939 427 4994 Vel
443 4945 558 5010 possunt
581 4935 731 5010 dirigentes
751 4937 805 4993 dici
820 4937 898 5008 quasi
914 4937 1024 5009 erigen-

225 5033 276 5095 tes,
301 5027 365 5100 quia
380 5025 488 5099 erigunt
503 5041 533 5080 se
553 5032 646 5094 contra
662 5025 812 5091 Christum,
827 5040 861 5082 co
878 5025 951 5098 quad
966 5024 1025 5080 sine

226 5115 315 5188 gratia
333 5115 431 5171 Christi
455 5121 579 5186 qaaeruut
602 5113 715 5168 salutem
740 5129 791 5185 per
805 5112 912 5187 legales
926 5112 1025 5169 obser·

226 5203 343 5260 xantius.
359 5204 411 5273 Qui
427 5203 496 5259 bene
511 5202 639 5258 dicuntur
653 5201 766 5272 Assyrii,
783 5201 844 5274 quia
859 5217 1026 5274 persequun-

226 5297 269 5344 tur
281 5291 433 5348 Ecclesiam
449 5291 558 5360 Christi,
574 5297 601 5345 ut
617 5290 683 5346 olim
694 5291 799 5362 Assyrii
813 5291 1025 5362 persequeban-

227 5383 272 5433 tur
293 5379 411 5436 ludstos.
435 5379 537 5436 Contra
559 5379 610 5435 hos
630 5379 747 5451 loquitur
766 5379 926 5450 hichsaph,
943 5378 1025 5434 idest

1075 4055 1164 4113 tidelis
1179 4057 1337 4131 synagoga,
1352 4055 1495 4113 contutans
1513 4072 1561 4113 eos
1576 4056 1629 4118 hic,
1647 4055 1745 4127 quihus
1759 4055 1869 4110 nomina

1076 4143 1169 4216 gloriae
1192 4143 1258 4201 dicit
1277 4143 1376 4200 ablata.
1392 4145 1427 4200 Et
1440 4143 1476 4200 ad
1491 4143 1560 4201 alios
1574 4142 1716 4210 translata,
1732 4158 1793 4213 quae
1808 4151 1872 4198 suut

1075 4231 1179 4298 ludaea,
1196 4232 1287 4300 lsrael,
1304 4230 1404 4296 Salem,
1421 4232 1496 4298 Sion,
1513 4240 1540 4287 et
1557 4231 1624 4286 nihil
1636 4229 1700 4287 honi
1714 4245 1797 4302 posse
1812 4229 1872 4286 sine

1075 4319 1175 4376 Christi
1196 4319 1283 4392 gratia
1305 4321 1464 4392 probantur.
1488 4321 1524 4375 lit
1543 4326 1585 4375 εει
1599 4333 1717 4376 sensus:
1734 4316 1790 4390 [Gt.
1807 4317 1873 4386 int,

1075 4407 1193 4478 blauin,
1210 4408 1345 4482 Cassiodl
1366 4409 1497 4466 Psalmus
1512 4407 1563 4463 iste
1578 4408 1680 4480 Asapb,
1697 4406 1780 4463 idest
1795 4404 1871 4461 lideli

1077 4496 1233 4570 Synagogae
1247 4497 1409 4563 attribuitur,
1426 4512 1487 4569 quae
1496 4495 1540 4552 hia
1554 4495 1672 4567 loquitur
1683 4492 1805 4566 dirigens
1821 4509 1873 4549 uos

1076 4586 1107 4639 in
1121 4585 1218 4655 finem,
1229 4585 1258 4641 id
1272 4593 1313 4642 est
1327 4585 1353 4640 in
1365 4583 1547 4641 Christum.Et
1557 4583 1638 4639 estin
1647 4581 1832 4648 carminibus,
1843 4582 1871 4637 id

1076 4679 1118 4728 εει
1131 4673 1159 4729 in
1174 4673 1309 4730 laudibus.
1327 4673 1361 4728 Et
1374 4679 1416 4728 est
1429 4671 1584 4738 cantuum,
1602 4669 1663 4742 quia
1677 4670 1734 4742 agit
1743 4669 1777 4724 de
1788 4669 1871 4724 bouis

1076 4759 1185 4828 Christi,
1210 4761 1314 4818 scilicet
1329 4759 1400 4833 quad
1415 4767 1505 4828 notus,
1522 4759 1595 4831 quod
1610 4757 1721 4822 habitat,
1739 4755 1813 4829 quad
1838 4756 1872 4811 il-

1075 4849 1197 4917 lumiaat,
1214 4848 1287 4920 quad
1301 4848 1396 4904 salvat.
1412 4848 1447 4902 Et
1460 4855 1502 4904 εει
1516 4847 1552 4903 ad
1566 4845 1700 4919 Διερνὶιιι,
1715 4844 1744 4901 id
1750 4851 1792 4901 est
1801 4859 1866 4902 aan-

1077 4946 1117 4994 tra
1140 4937 1260 5004 ludaeos,
1281 4936 1328 5010 qui
1348 4951 1403 4991 non
1418 4951 1447 5014 se
1460 4934 1583 5008 dirigunt
1595 4935 1635 5014 ad
1645 4934 1741 5002 Deum,
1758 4932 1808 4990 sed
1823 4949 1869 4988 er-

1076 5033 1146 5082 rant.
1162 5024 1213 5082 llel
1227 5040 1257 5081 se
1268 5023 1376 5098 erigamt
1390 5031 1485 5080 contra
1499 5022 1644 5088 Christum,
1656 5037 1734 5076 suem
1749 5027 1871 5077 statuen-

1077 5121 1117 5169 tes
1135 5111 1274 5182 justitiam.
1292 5111 1406 5168 latentia
1423 5129 1430 5166 :
1446 5111 1556 5166 ludaeos
1574 5109 1704 5178 confutat,
1720 5117 1747 5164 ει
1756 5109 1872 5164 ιιειοιοε

1076 5201 1110 5256 ad
1126 5200 1265 5257 reddenda
1294 5209 1355 5256 vota
1374 5206 1475 5256 manet.
1502 5198 1599 5255 hlodus
1625 5215 1632 5252 :
1654 5196 1816 5268 Tripartitus
1830 5205 1871 5251 cst

1076 5288 1204 5362 psalmus.
1222 5289 1313 5344 Primo
1327 5287 1426 5361 frangit
1435 5285 1551 5360 gloriam
1562 5284 1869 5347 ludaeorumseauudc,

1076 5377 1141 5435 dicit
1159 5377 1233 5450 quod
1257 5377 1378 5434 Christus
1392 5375 1534 5442 illuminat,
1556 5374 1630 5450 quad
1644 5372 1741 5438 salvat,
1756 5379 1783 5428 et
1795 5372 1871 5442 judi-

260 5580 341 5648 (tta)
354 5583 390 5634 Er
402 5583 514 5634 cassiod.
526 5585 551 5632 in
565 5583 635 5648 prat.
651 5587 675 5634 at
687 5585 842 5636 conclusione
853 5583 951 5646 psalmi,
964 5585 988 5633 at
1000 5594 1030 5633 ax
1043 5580 1136 5634 hlauta.
