3882 6064
201 153 254 208 ts't

883 153 986 210 PETRI
1003 152 1183 211 Lountnnt

1802 159 1858 212 488

199 275 288 332 factus
303 281 355 331 est.
370 274 449 331 Unde
466 292 472 329 :
488 275 542 332 Ero
556 291 633 334 mors
649 278 709 347 tun,
726 277 915 348 omors(0se.
928 279 1001 348 xxxx).
1017 279 1124 339 ANam
1161 279 1214 336 hoc
1251 295 1319 352 opus
1356 288 1463 336 castum
1489 279 1517 334 in
1545 281 1690 352 conjunge,
1720 295 1775 336 non
1801 281 1857 336 ha-

199 364 248 421 Vel
267 363 303 419 ita
332 362 368 419 ab
381 363 430 419 illo
443 363 505 420 loco
521 382 528 420 :
548 367 581 423 Ut
591 366 762 437 justificeris
777 369 809 423 in
825 369 1000 424 sermonibus

199 453 267 519 tuis,
284 459 337 508 etc.
354 449 479 508 Ostendit
493 469 555 509 esse
570 469 697 510 veracem
720 456 829 511 Patrem
842 455 871 511 in
885 455 1000 526 promis-

198 539 275 596 sione
306 556 360 613 qua
384 541 547 611 promiserat
573 542 710 598 Christum
738 559 772 600 ex
801 543 885 614 stirpe
913 542 1000 599 Dauid

197 628 373 696 nasciturum,
400 629 473 700 quod
497 629 606 702 quidam
634 639 745 702 propter
778 640 891 702 peccata
914 631 1000 687 David

198 717 286 773 Deum
300 732 355 773 non
370 717 485 788 implere
499 717 648 786 dicebant;
663 727 758 776 contra
771 735 840 792 quos
856 720 943 776 David
958 719 1000 775 di·

198 805 234 861 cit
257 805 373 878 loquens
395 805 430 861 ad
455 807 542 861 Deum
565 808 684 874 Patrem,
709 808 774 864 Ideo
787 809 898 879 munda,
914 817 942 863 ut
956 823 1000 863 mc

197 893 329 949 mundato
341 891 509 966 justificeris,
525 895 605 951 idest
620 911 702 952 verax
717 896 872 968 reperiaris,
896 896 923 952 in
937 913 999 953 ser·

197 982 323 1037 monibus
339 981 400 1049 tuis,
417 983 463 1055 qui
478 991 541 1038 sunt
555 984 590 1040 de
604 984 787 1056 promissione
796 985 906 1052 Christi,
919 1002 999 1058 quam

198 1069 264 1126 mihi
282 1069 379 1126 fecisti.
396 1071 429 1126 Et
443 1071 549 1141 macas,
564 1072 592 1127 id
608 1080 650 1128 est
664 1075 793 1129 ostendas
808 1073 870 1128 illos
884 1075 1000 1129 menda-

198 1173 255 1226 ces,
271 1173 334 1214 cum
346 1158 486 1229 judicaris,
503 1160 604 1230 abeis,
620 1177 676 1218 non
694 1161 785 1218 facere
801 1162 874 1234 quod
893 1161 1000 1233 promi-

199 1334 286 1391 David
307 1351 362 1390 non
386 1334 537 1408 indulgere,
562 1353 595 1394 eo
617 1337 689 1410 quod
705 1347 759 1393 tam
774 1338 897 1410 graviter
912 1340 1000 1394 Deum

198 1421 355 1478 offenderat.
382 1424 511 1480 Precatur
533 1440 602 1499 ergo
626 1426 714 1481 David
735 1435 764 1481 ut
787 1433 890 1497 parcat,
917 1435 946 1482 ut
961 1426 1000 1482 sic

198 1510 308 1582 impleat
317 1511 390 1582 quod
398 1513 522 1582 promisit
531 1513 565 1568 dc
574 1515 652 1571 venia
662 1514 998 1586 ingemiscentis,dicens:

199 1599 369 1672 Quocunque
384 1602 453 1658 horn
462 1607 594 1674 peccator
608 1605 789 1675 ingemuerit,
802 1605 931 1660 omnium
941 1603 999 1658 ini-

200 1776 279 1843 dicat,
292 1776 354 1833 ideo
375 1777 485 1846 munda,
502 1786 531 1834 ut
543 1777 703 1849 justificeris
719 1780 747 1834 in
761 1781 933 1836 sermonibus
952 1779 1005 1836 tuis

200 1864 246 1936 qui
261 1874 324 1921 sunt
337 1866 372 1921 de
388 1867 571 1937 promissione
587 1867 674 1924 veniae
688 1868 893 1941 ingemiscentis
909 1875 936 1923 ut
946 1869 1006 1925 vin-

202 1967 258 2019 cas,
274 1952 301 2008 id
315 1962 358 2009 est
372 1954 520 2011 convincas
533 1971 591 2023 eos,
608 1972 669 2012 cum
683 1957 824 2027 judicaris,
841 1956 876 2012 ab
891 1956 931 2012 eis
951 1972 1006 2012 non

156 2077 158 2080 -
205 2055 321 2112 parcere
331 2043 408 2098 mihi.

239 2199 323 2255 Vens.
340 2201 366 2254 6.
383 2228 418 2240 -
436 2221 447 2248 ι
464 2199 537 2255 Εεεε
553 2199 669 2255 enimin
692 2183 880 2273 iniquitatibus
903 2215 1006 2256 conce-

209 2307 304 2371 ·ptus
332 2315 402 2368 sum,
442 2308 468 2356 et
496 2300 524 2354 in
550 2301 668 2371 peccatis
695 2302 820 2375 concepit
848 2316 893 2356 me
921 2308 1006 2356 mater

205 2403 307 2444 «mea.
328 2407 340 2439 ι

236 2503 306 2560 Ecce
320 2503 407 2559 onim.
426 2503 519 2576 [hug.,
538 2503 583 2560 Gl.
600 2504 661 2571 int,
679 2507 769 2578 hug„
780 2505 918 2562 Cassiod..
931 2508 1003 2580 hug.

202 2590 275 2646 Dixit
289 2589 428 2646 Christum
443 2592 547 2661 justum
561 2599 587 2648 et
610 2593 638 2648 in
654 2593 761 2663 justitia
783 2593 852 2650 alios
874 2594 1004 2663 vincere;

203 2678 254 2733 sed
267 2693 303 2734 nc
316 2686 423 2749 putetur
437 2695 485 2735 eos
500 2681 612 2736 vincere
622 2688 725 2737 tantum
741 2681 786 2752 qui
801 2682 915 2755 grandia
931 2697 1005 2738 com·

201 2767 343 2831 miserunt,
365 2773 391 2823 et
406 2783 461 2823 non
477 2783 525 2822 eos
553 2767 599 2841 qui
623 2785 656 2824 ex
680 2785 734 2842 quo
758 2769 815 2824 nati
841 2777 913 2841 sunt,
937 2769 1005 2826 nihil

201 2854 257 2910 talc
273 2854 477 2912 commisemnt.
492 2857 660 2912 Personnam
675 2857 756 2913 totius
770 2859 880 2913 humani
895 2858 1005 2931 generis

203 2941 232 2998 in
242 2942 426 2998 senstendens
437 2943 529 2998 subdit
540 2959 546 2999 :
559 2945 628 3001 lione
638 2946 724 3000 enim,
737 2943 820 3015 Quasi
830 2945 917 3002 dicat:
936 2948 1005 3002 Vere

202 3031 301 3087 vincis.
326 3031 400 3088 Ecce
421 3031 504 3088 enim.
531 3031 581 3089 Vel
604 3033 642 3088 ita
664 3034 794 3090 continua
817 3052 824 3089 ε
850 3036 965 3092 Peccavi
981 3043 1007 3092 ct

204 3133 259 3175 nnn
270 3118 379 3186 mimm,
393 3120 456 3192 quia
471 3135 536 3178 ecee
550 3125 702 3194 conceptus
717 3123 825 3179 cumin
840 3124 1007 3197 iniquitati·

203 3209 253 3264 bees
278 3207 457 3281 originalibus
477 3217 504 3265 et
526 3210 686 3278 actualibus,
711 3209 740 3267 id
754 3219 796 3267 est
810 3211 846 3267 lta
859 3221 1008 3283 conceptus

205 3311 275 3360 sum,
303 3297 374 3368 quod
397 3305 424 3352 et
445 3297 550 3354 macula
573 3299 715 3371 originalis
737 3300 844 3372 peccati
860 3308 963 3368 teneor,
981 3307 1009 3356 et

205 3384 241 3440 ad
260 3385 378 3441 actualia
398 3402 502 3457 pronus
523 3385 618 3442 existo.
651 3388 678 3442 ln
692 3387 879 3461 iniquitatibus
894 3405 924 3444 sc
940 3405 1008 3446 con-

204 3480 314 3543 ceptum
328 3471 402 3543 dicit,
420 3490 474 3530 non
490 3475 554 3546 quia
568 3483 710 3547 peccatum
725 3475 760 3532 sit
774 3476 885 3534 misceri
910 3477 1008 3547 conju-

204 3561 294 3634 gibus,
311 3577 375 3618 cum
390 3561 426 3617 sit
440 3578 524 3618 causa
538 3562 643 3634 prolis3
658 3564 707 3619 sed
723 3552 785 3621 ideo
800 3565 864 3637 quia
880 3566 952 3638 quod
968 3563 1006 3635 lit,

205 3648 288 3706 idest
312 3649 463 3722 concipitur
485 3651 520 3706 de
543 3665 626 3709 came
648 3651 751 3724 poenali
771 3651 818 3721 fin
835 3661 862 3709 et
886 3651 960 3725 quod
974 3654 1009 3710 de

132 3777 136 3785 ‚
205 3752 322 3810 corpore
341 3745 448 3796 mortuo
465 3756 516 3810 per
530 3748 675 3811 peccatum
691 3741 851 3809 seminatur,
868 3756 931 3799 cum
946 3742 1009 3798 vin·

205 3826 268 3884 culo
281 3827 387 3899 peccati
401 3827 544 3902 originalis
558 3830 699 3898 nescitum
715 3837 741 3886 et
754 3831 849 3886 mortis
866 3837 1008 3902 tempora-

205 3913 239 3970 lis
254 3923 282 3972 et
294 3923 414 3972 aeternae.
430 3917 493 3974 Non
512 3916 596 3990 igitur
610 3935 640 3974 se
655 3925 818 3990 conceptum
834 3919 862 3974 in
877 3919 1009 3992 iniquita-

204 4002 278 4058 tihus
297 4003 373 4069 dicit,
400 4019 433 4060 co
459 4005 532 4078 quod
545 4006 580 4062 de
595 4005 728 4063 adulterio
743 4007 777 4062 sit
796 4014 887 4075 natus,
905 4008 961 4063 imo
975 4007 1009 4064 de

207 4098 303 4148 sancto
317 4090 406 4160 lesse,
421 4100 448 4147 et
463 4095 582 4167 conjuge
596 4094 682 4165 ipsius
698 4096 747 4151 sed
763 4093 825 4152 ideo
840 4095 905 4168 quia
915 4096 1010 4152 inom-

206 4178 286 4234 nibus
300 4179 417 4234 trahitur
429 4179 557 4253 iniquitas
572 4198 605 4237 ex
622 4182 720 4253 Adam,
738 4190 764 4239 et
779 4182 918 4240 duculum
931 4200 1009 4240 mor·

1053 367 1097 423 bet
1125 368 1242 439 culpam,
1273 369 1322 424 sed
1346 369 1434 442 origo
1461 369 1567 440 peccati
1596 369 1624 423 in
1652 368 1730 439 prole
1757 385 1856 424 secum

1051 454 1129 511 trahit
1151 456 1269 512 debitam
1293 473 1411 530 poenam.
1433 457 1498 514 ldeo
1512 457 1550 513 ita
1565 457 1654 513 fateor
1668 473 1713 512 me
1727 473 1855 529 pecasse,

1052 561 1113 616 quur

1086 669 1172 724 Vnus.
1187 669 1215 724 i.
1233 699 1267 710 -
1284 690 1296 719 ι
1313 669 1386 725 Εεεε
1402 668 1474 724 ειιίιιι
1489 668 1630 726 veritatem
1646 668 1787 724 dilexisti:
1808 668 1856 724 in-

1053 777 1064 806 ι
1082 764 1157 812 certa
1171 764 1198 812 ει
1208 755 1316 813 occulta
1330 757 1471 828 sapientise
1486 765 1539 813 tuae
1553 757 1732 813 manifestasti
1746 757 1826 812 mihi.
1843 781 1856 806 s

1086 863 1189 918 Eccein
1199 862 1317 920 evidenti
1327 864 1478 920 ueritatem
1484 863 1622 920 dilexisti.
1632 862 1686 936 [Cf.
1696 863 1756 930 int,
1769 865 1855 936 Aug,

1051 950 1187 1017 Cassiod„
1200 950 1319 1025 dicuin]
1337 949 1423 1020 Quasi
1437 951 1510 1008 dicat
1525 969 1532 1006 ε
1548 953 1610 1007 Non
1621 951 1648 1006 in
1660 951 1802 1022 teculpam
1812 967 1859 1006 re·

1051 1036 1145 1106 fundo,
1164 1039 1213 1094 sed
1223 1039 1363 1096 veritatem
1375 1038 1513 1110 profiteor.
1527 1055 1609 1112 quam
1620 1038 1720 1112 diligis.
1736 1039 1786 1095 Hic
1796 1055 1860 1110 pce-

1050 1126 1149 1196 nitens,
1163 1127 1260 1200 quiain
1269 1127 1425 1186 confitendo
1435 1128 1502 1183 dixit
1511 1127 1774 1199 inveritatemquam
1781 1128 1861 1183 Deus

198 1245 267 1302 sisti.
285 1247 334 1303 Vel
352 1247 389 1302 ita
406 1263 412 1303 :
429 1249 492 1321 Agit
511 1257 604 1304 contra
625 1248 687 1305 illos
711 1250 756 1321 qui
770 1249 899 1306 dicebant
912 1252 1000 1306 Deum
1047 1231 1130 1312 §uper
1144 1215 1278 1314 mmm
1303 1215 1406 1314 ΨΜ
1425 1215 1561 1287 suppliffl
1576 1215 1627 1270 ΒΜ
1642 1214 1789 1314 Μωίή·
1806 1215 1862 1314 vil

1051 1309 1086 1358 xta
1104 1321 1111 1357 :
1128 1303 1192 1358 fdeo
1206 1311 1242 1358 xta
1256 1319 1339 1375 punio
1359 1311 1504 1376 peccatum
1532 1318 1633 1369 meum,
1651 1319 1722 1374 quta,
1745 1319 1814 1359 ecce
1829 1317 1860 1358 un

1049 1389 1205 1458 manifesto,
1221 1391 1362 1448 veritatem
1380 1390 1507 1457 dilexisti,
1525 1399 1730 1463 quapeocatum
1745 1389 1858 1462 punias,

1051 1476 1115 1534 licet
1129 1479 1167 1534 sis
1182 1479 1243 1551 pius
1272 1479 1402 1535 indultor.
1429 1480 1474 1536 Sic
1487 1479 1559 1536 enim
1579 1479 1795 1546 misericordiam
1809 1479 1860 1534 dat

1052 1567 1136 1632 Deus,
1153 1575 1181 1622 ut
1205 1575 1294 1624 servet
1313 1567 1467 1636 veritatem,
1491 1575 1520 1623 ut
1532 1583 1584 1624 nec
1598 1574 1712 1638 peccata
1726 1568 1787 1637 ejus
1803 1567 1861 1622 sint

199 1690 343 1761 quitatum
358 1691 419 1761 ejus
432 1692 664 1749 nonrcccrdodor
683 1691 794 1760 (Ezeoh.
816 1693 908 1762 xvtn).
922 1631 1042 1760 QuasiB
1056 1655 1189 1754 ¹¹3¹p¹¹¹¹i¹³
1210 1655 1253 1712 ⁰¹¹i
1274 1655 1401 1728 igmsffl'
1424 1655 1544 1729 ¹3⁰⁰⁵⁰i²
1571 1656 1644 1712 enim
1670 1656 1792 1727 seipsum
1806 1671 1862 1726 ΡΨ

1056 1743 1150 1800 menti.
1177 1743 1364 1800 Misericordia
1391 1759 1456 1817 ergo
1472 1744 1600 1816 estquod
1614 1745 1695 1800 homo
1710 1743 1860 1810 liberatur,

1056 1832 1157 1888 veritas
1171 1839 1213 1888 est
1228 1833 1300 1904 quod
1314 1833 1442 1904 punietur
1457 1840 1609 1904 peccatum.
1627 1832 1740 1888 lnccrtu
1754 1847 1861 1887 secun-

1057 1920 1092 1975 da
1106 1937 1170 1990 pars
1184 1922 1334 1976 secundum
1350 1921 1493 1993 quosdam,
1514 1921 1561 1974 ubi
1575 1937 1609 1976 ex
1629 1919 1791 1976 auctoritate
1806 1919 1862 1975 Dei

1056 2007 1253 2064 manifestantis
1276 2008 1382 2066 occulta
1405 2008 1558 2064 ostenditur
1581 2007 1746 2065 confidentia
1774 2008 1861 2062 ablu·

1056 2096 1146 2152 tionis.
1170 2095 1256 2165 Quasi
1277 2097 1350 2153 dicat
1366 2113 1373 2151 ι
1389 2096 1444 2152 Oro
1458 2103 1488 2152 ut
1511 2096 1578 2152 mihi
1595 2111 1701 2167 parcas,
1717 2096 1779 2167 quia
1797 2096 1861 2165 jam

1056 2184 1161 2241 incerta
1176 2189 1204 2240 ct
1219 2187 1330 2242 occulto
1351 2186 1500 2257 sapientie
1525 2189 1593 2250 tun,
1602 2185 1630 2240 id
1643 2191 1684 2240 est
1705 2184 1861 2240 adventum

1056 2269 1115 2323 filii
1131 2269 1179 2336 tui,
1197 2269 1245 2340 qui
1259 2269 1321 2324 aliis
1335 2269 1466 2336 incertus,
1484 2268 1544 2324 aliis
1558 2267 1680 2325 occultus
1698 2275 1764 2334 erat,
1789 2284 1859 2324 nto-

1055 2357 1190 2428 nife‘rtuti
1218 2357 1299 2423 mibi,
1324 2373 1375 2428 per
1389 2357 1513 2429 spiritum
1529 2357 1687 2429 prophetin.
1703 2355 1857 2429 [Cassiod.,

1056 2445 1141 2512 Ilien,
1158 2445 1248 2518 hug]
1261 2446 1380 2514 Perhoc
1394 2445 1467 2500 enirn
1479 2445 1649 2517 prophetiam
1659 2450 1745 2512 notat,
1757 2459 1812 2516 qua
1829 2444 1858 2500 ei

1056 2534 1207 2590 revelatum
1228 2540 1280 2602 est,
1305 2541 1334 2588 ut
1358 2533 1440 2590 sciret
1462 2534 1536 2605 quod
1554 2536 1628 2590 Deus
1649 2533 1746 2589 Ftlium
1768 2533 1860 2589 habe-

1057 2629 1109 2690 ret,
1126 2630 1154 2678 et
1169 2622 1203 2678 de
1216 2638 1266 2678 suo
1280 2621 1384 2678 semina
1395 2630 1561 2692 nasceretur,
1577 2621 1731 2678 undesibia
1743 2629 1862 2692 peccato

1055 2711 1145 2782 magis
1166 2719 1227 2767 erat
1247 2712 1410 2768 cavendum.
1435 2711 1484 2767 Vel
1504 2711 1542 2766 ita
1558 2729 1565 2766 ι
1583 2711 1690 2767 lncerta
1705 2717 1732 2766 at
1746 2709 1862 2766 occulta

1056 2799 1198 2870 sapientiae
1212 2807 1275 2866 tuae,
1291 2799 1319 2854 id
1334 2807 1375 2855 est
1388 2798 1553 2871 cognitionis
1567 2807 1629 2864 tuse,
1645 2797 1673 2862 id
1687 2805 1728 2853 est
1744 2814 1807 2870 quae
1821 2798 1861 2854 de

1056 2888 1212 2962 cognitione
1235 2895 1280 2943 tua
1304 2887 1365 2943 aliis
1389 2895 1450 2942 sunt
1465 2886 1570 2944 occulta
1585 2885 1764 2942 manifestasti
1778 2886 1862 2942 mihi.

1020 2987 1045 3050 (2
1059 2977 1108 3032 Vel
1130 2976 1232 3032 incerta
1256 2984 1283 3032 et
1306 2976 1413 3032 occulta
1427 2975 1568 3047 sapientiae
1585 2983 1646 3040 tuae,
1660 2975 1688 3030 id
1702 2983 1744 3030 est
1758 2975 1864 3031 remis·

1058 3065 1143 3121 sionis
1166 3072 1339 3137 peccatorum
1362 3064 1428 3120 mihi
1452 3079 1503 3136 per
1531 3063 1692 3136 sapientiam
1716 3063 1861 3130 revelatae,

1058 3153 1235 3210 manifestasti
1249 3152 1325 3210 mihi.
1352 3154 1405 3209 Par
1418 3153 1528 3208 Nathan
1542 3151 1713 3224 prophetant,
1729 3152 1776 3224 qui
1791 3151 1864 3207 dixit

1058 3240 1124 3297 mihi
1138 3240 1295 3313 poenitenti;
1312 3241 1465 3298 transtulit
1477 3259 1496 3296 o
1513 3244 1539 3296 tc
1554 3243 1690 3298 Dominus
1710 3244 1864 3312 peccatum

1060 3335 1141 3387 tuum
1157 3331 1194 3400 (ff
1217 3333 1281 3402 llop.
1304 3331 1367 3400 ιιι).
1393 3329 1499 3386 incerta
1520 3337 1609 3385 autam
1624 3338 1651 3385 et
1664 3327 1769 3384 occulta
1783 3336 1861 3400 sunt,

1059 3418 1131 3491 quod
1155 3418 1254 3474 talibus
1273 3418 1392 3491 ignoscit
1421 3419 1506 3474 Deus.
1529 3417 1585 3474 Sub
1614 3418 1665 3474 hac
1686 3416 1863 3474 incertudine

1058 3507 1184 3563 Ninivitae
1198 3506 1391 3577 poenituerunt,
1403 3506 1525 3564 dicentes
1540 3523 1548 3560 ι
1566 3506 1732 3576 Qnissoitsi
1741 3521 1864 3562 convcr-

1060 3599 1141 3651 tctur
1157 3598 1185 3650 et
1204 3596 1331 3668 moreat
1349 3598 1423 3652 Deus
1436 3600 1447 3651 ι
1462 3595 1558 3662 (lonas
1576 3595 1629 3666 ιιι.)
1645 3593 1700 3650 Sed
1714 3594 1766 3650 hoc
1779 3593 1863 3649 novit

1059 3683 1157 3752 David,
1187 3681 1294 3739 dicente
1318 3682 1371 3738 sibi
1399 3681 1537 3740 confitenti
1565 3682 1671 3738 Nathan
1695 3682 1862 3753 propheta:

1058 3772 1199 3828 dimisum
1215 3775 1259 3828 est
1272 3773 1481 3845 tibipcccotum
1499 3776 1582 3827 tuum
1592 3772 1630 3843 (11
1642 3773 1705 3843 fleg.
1716 3771 1779 3841 ιιι).
1792 3770 1862 3827 ldeo

1060 3859 1228 3917 confidenter
1243 3859 1330 3932 inquit
1350 3877 1357 3914 ε

1095 3980 1181 4037 Vnus.
1198 3983 1257 4034 8-
1270 3999 1280 4030 ι
1294 3981 1434 4052 hsperges
1444 3979 1627 4050 mehyssopo,
1643 3986 1670 4034 ct
1685 3977 1860 4046 mundabor:

1062 4090 1074 4119 ι
1091 4067 1197 4125 lavabis
1206 4084 1251 4124 me
1266 4075 1293 4123 et
1306 4085 1389 4140 super
1402 4068 1494 4124 nivem
1508 4067 1669 4123 dealbabor.
1688 4088 1700 4115 ι

1096 4184 1231 4256 diperges
1253 4200 1298 4239 mo
1323 4181 1468 4256 [Cassiod.,
1495 4185 1578 4256 hug,
1607 4181 1860 4249 Hier.,.Cassiod.,

206 4267 252 4321 tis.
267 4266 356 4323 Nemo
370 4267 442 4322 enim
456 4269 586 4337 nascitur,
603 4269 656 4325 nisi
671 4273 781 4327 trahens
796 4288 904 4344 poenam
918 4281 945 4328 et
959 4281 1012 4329 tra·
1061 4273 1144 4343 hug„
1167 4270 1251 4344 hug]
1275 4270 1325 4326 llic
1349 4271 1498 4327 secundum
1512 4270 1644 4342 quosdam
1659 4277 1796 4336 auctores,
1814 4286 1863 4325 se·

207 4355 277 4411 heus
291 4355 419 4412 meritum
432 4372 532 4428 poenae,
546 4357 599 4412 nisi
613 4363 642 4414 tu
664 4359 728 4432 quid
748 4361 782 4416 de
797 4360 899 4432 Spiritu
914 4370 1009 4418 sancto
1023 4339 1150 4415 Dcunda
1174 4359 1283 4431 partitio
1311 4360 1390 4428 hujus
1411 4358 1508 4430 psalmi
1530 4358 1629 4415 dicitur
1653 4374 1724 4425 esse,
1740 4373 1802 4430 quae
1817 4366 1864 4413 est

208 4447 356 4516 conceptus
380 4461 420 4500 es.
448 4445 524 4520 Ergo
545 4445 627 4502 etiam
651 4447 678 4510 in
693 4447 736 4502 his
751 4448 870 4520 imputas
883 4459 1007 4522 peccata,
1059 4445 1223 4505 confidentia
1237 4447 1432 4503 misericordiae
1447 4447 1509 4513 Dei,
1527 4463 1588 4518 quae
1603 4447 1716 4501 multum
1731 4453 1773 4501 est
1786 4445 1865 4502 utilis

208 4533 255 4605 qui
270 4531 372 4589 nullum
389 4533 495 4592 actuale
511 4543 651 4606 peccatum
673 4537 877 4594 commiserunt.
903 4541 933 4595 ln
948 4556 1026 4606 om·¹
1060 4551 1094 4592 ne
1116 4537 1246 4607 subrepat
1268 4535 1435 4607 desperatio,
1462 4552 1524 4606 quae
1538 4535 1665 4591 omnibus
1683 4533 1805 4606 peccatis
1820 4543 1866 4589 est

208 4621 288 4676 nibus
304 4623 377 4677 enim
391 4631 454 4678 sunt
468 4623 578 4680 vincula
590 4625 707 4695 peccati,
721 4628 965 4701 pmpagomortis3
982 4636 1010 4685 tu
1060 4624 1181 4696 gravior.
1198 4623 1283 4692 Quasi
1299 4624 1372 4680 dicat
1388 4642 1395 4679 :
1412 4623 1516 4679 incerta
1525 4633 1551 4680 et
1560 4623 1667 4680 occulta
1680 4621 1865 4678 manifestasti

209 4710 284 4766 Deus
306 4709 403 4779 vincis,
429 4712 475 4784 qui
498 4713 532 4768 dc
549 4713 652 4784 Spiritu
676 4723 771 4772 sancto
795 4733 826 4771 es
851 4725 1008 4788 conceptus.
1060 4711 1126 4767 mihi
1142 4729 1150 4766 :
1166 4719 1192 4767 ει
1206 4712 1243 4768 ita
1261 4720 1352 4770 certus
1367 4729 1427 4768 sum
1442 4713 1718 4786 ειιοάαερενριιιιθι
1732 4711 1862 4778 Omitte,
1924 4777 1925 4782 ,

209 4797 383 4854 Advertendtt
398 4808 441 4856 est
453 4801 592 4856 humilitas
608 4802 775 4874 poenitentis,
793 4804 838 4876 qui
849 4805 1012 4862 omuiaeon-
1061 4801 1187 4873 hyssopo,
1198 4800 1227 4856 id
1243 4808 1284 4856 est
1299 4801 1433 4874 sanguine
1448 4800 1557 4867 Christi,
1574 4809 1601 4856 ει
1615 4799 1756 4856 charitatis
1770 4799 1865 4853 humi-

208 4883 332 4943 fitetura
351 4889 510 4959 parentibus
534 4889 665 4960 traducta,
689 4892 761 4948 unde
785 4892 915 4948 minuitur
939 4893 1011 4950 invi-
1060 4888 1143 4957 litate,
1175 4887 1280 4946 scilicet
1307 4896 1336 4944 ut
1365 4889 1456 4946 radice
1483 4888 1620 4946 charitalis
1648 4887 1700 4944 sim
1733 4887 1803 4942 fixus
1828 4887 1863 4942 in

208 4971 254 5030 dia
276 4976 380 5046 peccati
398 4993 405 5031 :
421 4977 444 5032 si
457 4992 473 5032 a
486 4977 580 5034 radice
599 4988 728 5051 peccator
752 4987 803 5047 est,
820 4981 903 5037 idest
920 4983 1012 5054 quina
1061 4976 1181 5033 Christo.
1201 4977 1343 5048 Hyssopus
1358 4977 1431 5033 enim
1444 4977 1531 5034 herba
1547 4985 1589 5034 cst
1603 4975 1721 5042 humilis,
1738 4974 1786 5031 sed
1802 4991 1864 5030 me-

209 5063 301 5120 mdioe
315 5080 345 5120 se
355 5072 529 5136 peccatorem
544 5066 695 5135 confitetur,
714 5075 741 5124 et
755 5075 811 5124 tam
825 5069 934 5126 humilis
949 5087 1013 5127 con·
1060 5063 1195 5132 dicinalis‚
1212 5066 1288 5136 cujus
1303 5065 1382 5121 radix
1396 5074 1479 5138 petrae
1492 5067 1599 5122 haerere
1613 5065 1718 5130 dicitur,
1729 5063 1766 5119 ita
1776 5063 1862 5120 homo

210 5149 295 5207 fessio
309 5159 347 5208 tot
368 5161 542 5224 peccatorum
564 5155 780 5212 misericordiam
804 5158 842 5228 pii
857 5167 1011 5216 commovet
1060 5154 1112 5211 hnc
1126 5155 1154 5208 in
1167 5153 1297 5226 mysterio
1313 5170 1441 5226 aspersus
1461 5153 1490 5209 fut
1503 5153 1613 5209 humilis
1632 5151 1726 5209 radice
1741 5152 1864 5208 charita-

207 5237 328 5307 judicis3
344 5241 379 5298 de
394 5258 448 5299 uno
462 5244 595 5316 arguitur,
612 5251 639 5300 ει
653 5245 744 5300 omnia
760 5244 912 5303 confitetur.
930 5251 966 5305 Et
979 5251 1011 5304 ιιι
1062 5243 1104 5309 tis,
1129 5241 1200 5299 fixus
1223 5243 1250 5297 in
1263 5242 1358 5298 humili
1383 5243 1501 5311 Christo,
1517 5249 1543 5298 ει
1559 5242 1599 5298 sic
1613 5241 1765 5296 mundatur.
1782 5239 1864 5297 Dici-

210 5417 304 5470 motor
324 5433 396 5482 men,
420 5417 448 5472 id
473 5427 523 5489 est,
551 5422 775 5492 concupiscentia
797 5423 916 5479 libidinis
950 5442 1012 5497 quae
1062 5426 1104 5475 ast
1123 5417 1227 5476 inflatio
1244 5436 1250 5475 :
1267 5419 1307 5476 sio
1331 5420 1477 5487 humilitas,
1503 5419 1657 5492 superbiam
1681 5416 1803 5490 depellit.
1826 5420 1864 5474 Et

211 5512 351 5572 peccatum
375 5513 426 5570 est,
458 5507 510 5562 nisi
543 5518 686 5566 excusetur
712 5527 763 5583 per
786 5501 1010 5586 bonu'coujugti.
1062 5516 1101 5572 sic
1113 5517 1271 5576 mundabor
1284 5525 1311 5574 et
1322 5517 1451 5591 supponit
1465 5517 1591 5591 qualiter.
1601 5516 1863 5588 tnoubismeaqua
