<?xml version="1.0" encoding="UTF-8"?>
<!DOCTYPE html PUBLIC "-//W3C//DTD XHTML 1.0 Transitional//EN"
    "http://www.w3.org/TR/xhtml1/DTD/xhtml1-transitional.dtd">
<html xmlns="http://www.w3.org/1999/xhtml" xml:lang="en" lang="en">
 <head>
  <title>
</title>
<meta http-equiv="Content-Type" content="text/html;charset=utf-8" />
  <meta name='ocr-system' content='tesseract 3.04.00' />
  <meta name='ocr-capabilities' content='ocr_page ocr_carea ocr_par ocr_line ocrx_word'/>
</head>
<body>
  <div class='ocr_page' id='page_1' title='image "./patrologiaecurs122unkngoog_0829.png"; bbox 0 0 3878 6322; ppageno 0'>
   <div class='ocr_carea' id='block_1_1' title="bbox 173 168 1826 235">
    <p class='ocr_par' dir='ltr' id='par_1_1' title="bbox 173 168 1826 235">
     <span class='ocr_line' id='line_1_1' title="bbox 173 168 1826 235; baseline -0.001 -6"><span class='ocrx_word' id='word_1_1' title='bbox 173 169 239 235; x_wconf 83' lang='lat' dir='ltr'><strong>toci</strong></span> <span class='ocrx_word' id='word_1_2' title='bbox 500 203 504 214; x_wconf 50' lang='grc' dir='ltr'><em>ν</em></span> <span class='ocrx_word' id='word_1_3' title='bbox 846 171 948 230; x_wconf 71' lang='lat' dir='ltr'><strong>retal</strong></span> <span class='ocrx_word' id='word_1_4' title='bbox 961 168 1142 228; x_wconf 73' lang='lat' dir='ltr'><strong>LOMBARDI</strong></span> <span class='ocrx_word' id='word_1_5' title='bbox 1751 175 1826 228; x_wconf 71' lang='lat'><strong>1652</strong></span> 
     </span>
    </p>
   </div>
   <div class='ocr_carea' id='block_1_2' title="bbox 173 293 1828 551">
    <p class='ocr_par' dir='ltr' id='par_1_2' title="bbox 173 293 1828 551">
     <span class='ocr_line' id='line_1_2' title="bbox 173 293 1828 372; baseline -0.001 -18"><span class='ocrx_word' id='word_1_6' title='bbox 173 300 239 358; x_wconf 90' lang='lat' dir='ltr'><strong>dicit</strong></span> <span class='ocrx_word' id='word_1_7' title='bbox 259 302 339 358; x_wconf 84' lang='lat' dir='ltr'><strong>lesus</strong></span> <span class='ocrx_word' id='word_1_8' title='bbox 362 309 404 357; x_wconf 88' lang='lat' dir='ltr'><strong>est</strong></span> <span class='ocrx_word' id='word_1_9' title='bbox 428 300 571 372; x_wconf 81' lang='lat' dir='ltr'>Dominus,</span> <span class='ocrx_word' id='word_1_10' title='bbox 596 300 679 356; x_wconf 89' lang='lat' dir='ltr'><strong>nisia</strong></span> <span class='ocrx_word' id='word_1_11' title='bbox 701 299 803 371; x_wconf 75' lang='lat' dir='ltr'>Spiritu</span> <span class='ocrx_word' id='word_1_12' title='bbox 828 305 933 357; x_wconf 83' lang='lat' dir='ltr'><strong>sancto.</strong></span> <span class='ocrx_word' id='word_1_13' title='bbox 959 293 1010 355; x_wconf 80' lang='lat' dir='ltr'><strong>aa</strong></span> <span class='ocrx_word' id='word_1_14' title='bbox 1024 293 1115 364; x_wconf 90' lang='lat' dir='ltr'><strong>nimis,</strong></span> <span class='ocrx_word' id='word_1_15' title='bbox 1132 301 1158 350; x_wconf 91' lang='grc' dir='ltr'><strong>ει</strong></span> <span class='ocrx_word' id='word_1_16' title='bbox 1178 294 1374 366; x_wconf 87' lang='lat' dir='ltr'><strong>operationum.</strong></span> <span class='ocrx_word' id='word_1_17' title='bbox 1391 297 1493 352; x_wconf 88' lang='lat' dir='ltr'><strong>Earum</strong></span> <span class='ocrx_word' id='word_1_18' title='bbox 1518 296 1589 352; x_wconf 92' lang='lat' dir='ltr'><strong>enirn</strong></span> <span class='ocrx_word' id='word_1_19' title='bbox 1613 296 1724 354; x_wconf 81' lang='lat' dir='ltr'><strong>allectus</strong></span> <span class='ocrx_word' id='word_1_20' title='bbox 1749 305 1828 362; x_wconf 89' lang='lat' dir='ltr'><strong>sunt,</strong></span> 
     </span>
     <span class='ocr_line' id='line_1_3' title="bbox 173 384 1827 460; baseline -0.001 -17"><span class='ocrx_word' id='word_1_21' title='bbox 173 404 227 460; x_wconf 88' lang='lat' dir='ltr'><strong>quo</strong></span> <span class='ocrx_word' id='word_1_22' title='bbox 242 397 282 444; x_wconf 88' lang='lat' dir='ltr'><strong>est</strong></span> <span class='ocrx_word' id='word_1_23' title='bbox 296 405 377 446; x_wconf 92' lang='lat' dir='ltr'><strong>omne</strong></span> <span class='ocrx_word' id='word_1_24' title='bbox 391 407 496 447; x_wconf 90' lang='lat' dir='ltr'><strong>verum.</strong></span> <span class='ocrx_word' id='word_1_25' title='bbox 513 389 601 446; x_wconf 85' lang='lat' dir='ltr'>Omne</span> <span class='ocrx_word' id='word_1_26' title='bbox 621 387 693 446; x_wconf 92' lang='lat' dir='ltr'><strong>enim</strong></span> <span class='ocrx_word' id='word_1_27' title='bbox 707 404 801 445; x_wconf 89' lang='lat' dir='ltr'><strong>verum</strong></span> <span class='ocrx_word' id='word_1_28' title='bbox 816 403 833 443; x_wconf 90' lang='lat' dir='ltr'><strong>a</strong></span> <span class='ocrx_word' id='word_1_29' title='bbox 849 401 971 458; x_wconf 90' lang='lat' dir='ltr'><strong>quocun·</strong></span> <span class='ocrx_word' id='word_1_30' title='bbox 1021 391 1151 455; x_wconf 88' lang='lat' dir='ltr'><strong>quantum</strong></span> <span class='ocrx_word' id='word_1_31' title='bbox 1165 384 1200 439; x_wconf 88' lang='lat' dir='ltr'><strong>ad</strong></span> <span class='ocrx_word' id='word_1_32' title='bbox 1222 384 1362 455; x_wconf 90' lang='lat' dir='ltr'><strong>proximos</strong></span> <span class='ocrx_word' id='word_1_33' title='bbox 1385 385 1557 453; x_wconf 75' lang='lat' dir='ltr'><strong>ministratio,</strong></span> <span class='ocrx_word' id='word_1_34' title='bbox 1582 396 1710 458; x_wconf 86' lang='lat' dir='ltr'><strong>quantum</strong></span> <span class='ocrx_word' id='word_1_35' title='bbox 1730 387 1827 454; x_wconf 88' lang='lat' dir='ltr'><strong>adse,</strong></span> 
     </span>
     <span class='ocr_line' id='line_1_4' title="bbox 174 471 1827 551; baseline -0.002 -20"><span class='ocrx_word' id='word_1_36' title='bbox 174 492 226 548; x_wconf 90' lang='lat' dir='ltr'><strong>que</strong></span> <span class='ocrx_word' id='word_1_37' title='bbox 240 477 355 546; x_wconf 89' lang='lat' dir='ltr'><strong>dicatur,</strong></span> <span class='ocrx_word' id='word_1_38' title='bbox 372 494 389 534; x_wconf 92' lang='lat' dir='ltr'><strong>a</strong></span> <span class='ocrx_word' id='word_1_39' title='bbox 404 479 505 551; x_wconf 75' lang='lat' dir='ltr'><strong>Spiritu</strong></span> <span class='ocrx_word' id='word_1_40' title='bbox 528 487 621 535; x_wconf 86' lang='lat' dir='ltr'><strong>sancto</strong></span> <span class='ocrx_word' id='word_1_41' title='bbox 636 487 686 534; x_wconf 88' lang='lat' dir='ltr'><strong>est.</strong></span> <span class='ocrx_word' id='word_1_42' title='bbox 703 479 765 534; x_wconf 92' lang='lat' dir='ltr'><strong>Non</strong></span> <span class='ocrx_word' id='word_1_43' title='bbox 780 478 852 533; x_wconf 89' lang='lat' dir='ltr'><strong>enim</strong></span> <span class='ocrx_word' id='word_1_44' title='bbox 875 474 971 529; x_wconf 85' lang='lat' dir='ltr'><strong>adula—</strong></span> <span class='ocrx_word' id='word_1_45' title='bbox 1021 472 1154 541; x_wconf 89' lang='lat' dir='ltr'><strong>operatio.</strong></span> <span class='ocrx_word' id='word_1_46' title='bbox 1186 471 1266 542; x_wconf 87' lang='lat' dir='ltr'><strong>Quod</strong></span> <span class='ocrx_word' id='word_1_47' title='bbox 1291 489 1357 530; x_wconf 90' lang='lat' dir='ltr'><strong>vero</strong></span> <span class='ocrx_word' id='word_1_48' title='bbox 1378 471 1444 530; x_wconf 91' lang='lat' dir='ltr'><strong>dicit</strong></span> <span class='ocrx_word' id='word_1_49' title='bbox 1473 474 1667 547; x_wconf 76' lang='lat' dir='ltr'><strong>singulariter,</strong></span> <span class='ocrx_word' id='word_1_50' title='bbox 1693 475 1827 546; x_wconf 85' lang='lat' dir='ltr'><strong>Spiritus,</strong></span> 
     </span>
    </p>
   </div>
   <div class='ocr_carea' id='block_1_3' title="bbox 171 560 1930 634">
    <p class='ocr_par' dir='ltr' id='par_1_3' title="bbox 171 560 1930 634">
     <span class='ocr_line' id='line_1_5' title="bbox 171 560 1930 634; baseline 0 -16"><span class='ocrx_word' id='word_1_51' title='bbox 171 564 246 622; x_wconf 87' lang='lat' dir='ltr'><strong>tione</strong></span> <span class='ocrx_word' id='word_1_52' title='bbox 270 567 410 624; x_wconf 92' lang='lat' dir='ltr'><strong>hominum</strong></span> <span class='ocrx_word' id='word_1_53' title='bbox 433 569 512 623; x_wconf 85' lang='lat' dir='ltr'><strong>lesus</strong></span> <span class='ocrx_word' id='word_1_54' title='bbox 536 566 634 624; x_wconf 88' lang='lat' dir='ltr'><strong>dicitur</strong></span> <span class='ocrx_word' id='word_1_55' title='bbox 658 567 799 634; x_wconf 88' lang='lat' dir='ltr'><strong>Dominus,</strong></span> <span class='ocrx_word' id='word_1_56' title='bbox 824 571 854 619; x_wconf 90' lang='lat' dir='ltr'><strong>ut</strong></span> <span class='ocrx_word' id='word_1_57' title='bbox 875 570 917 620; x_wconf 92' lang='grc' dir='ltr'><strong>εει</strong></span> <span class='ocrx_word' id='word_1_58' title='bbox 944 561 971 616; x_wconf 93' lang='lat' dir='ltr'><strong>in</strong></span> <span class='ocrx_word' id='word_1_59' title='bbox 1022 560 1163 629; x_wconf 84' lang='lat' dir='ltr'><strong>Dominus,</strong></span> <span class='ocrx_word' id='word_1_60' title='bbox 1180 562 1262 628; x_wconf 89' lang='lat' dir='ltr'><strong>Deus,</strong></span> <span class='ocrx_word' id='word_1_61' title='bbox 1286 562 1381 617; x_wconf 89' lang='lat' dir='ltr'><strong>eadem</strong></span> <span class='ocrx_word' id='word_1_62' title='bbox 1405 577 1518 633; x_wconf 88' lang='lat' dir='ltr'><strong>prorsus</strong></span> <span class='ocrx_word' id='word_1_63' title='bbox 1542 564 1690 619; x_wconf 89' lang='lat' dir='ltr'><strong>substantia</strong></span> <span class='ocrx_word' id='word_1_64' title='bbox 1715 565 1830 619; x_wconf 81' lang='lat' dir='ltr'><strong>deitatis</strong></span> <span class='ocrx_word' id='word_1_65' title='bbox 1929 615 1930 632; x_wconf 78' lang='lat'><strong>,</strong></span> 
     </span>
    </p>
   </div>
   <div class='ocr_carea' id='block_1_4' title="bbox 168 649 1832 2942">
    <p class='ocr_par' dir='ltr' id='par_1_4' title="bbox 170 649 1832 1880">
     <span class='ocr_line' id='line_1_6' title="bbox 170 649 1832 727; baseline 0.001 -20"><span class='ocrx_word' id='word_1_66' title='bbox 170 652 260 720; x_wconf 90' lang='lat' dir='ltr'><strong>idolis,</strong></span> <span class='ocrx_word' id='word_1_67' title='bbox 286 672 347 727; x_wconf 82' lang='lat' dir='ltr'><strong>quae</strong></span> <span class='ocrx_word' id='word_1_68' title='bbox 371 672 404 711; x_wconf 88' lang='lat' dir='ltr'><strong>err</strong></span> <span class='ocrx_word' id='word_1_69' title='bbox 428 655 583 713; x_wconf 88' lang='lat' dir='ltr'><strong>hominihus</strong></span> <span class='ocrx_word' id='word_1_70' title='bbox 603 655 640 711; x_wconf 92' lang='lat' dir='ltr'><strong>dii</strong></span> <span class='ocrx_word' id='word_1_71' title='bbox 663 663 802 721; x_wconf 88' lang='lat' dir='ltr'><strong>vocentur,</strong></span> <span class='ocrx_word' id='word_1_72' title='bbox 833 669 893 709; x_wconf 93' lang='lat' dir='ltr'><strong>cum</strong></span> <span class='ocrx_word' id='word_1_73' title='bbox 918 664 973 706; x_wconf 89' lang='lat' dir='ltr'><strong>non</strong></span> <span class='ocrx_word' id='word_1_74' title='bbox 1021 649 1187 722; x_wconf 82' lang='lat' dir='ltr'><strong>intelligitur,</strong></span> <span class='ocrx_word' id='word_1_75' title='bbox 1213 651 1262 705; x_wconf 89' lang='lat' dir='ltr'><strong>sed</strong></span> <span class='ocrx_word' id='word_1_76' title='bbox 1282 650 1388 705; x_wconf 88' lang='lat' dir='ltr'><strong>trinitas</strong></span> <span class='ocrx_word' id='word_1_77' title='bbox 1402 651 1585 722; x_wconf 84' lang='lat' dir='ltr'><strong>in&#39;personis.</strong></span> <span class='ocrx_word' id='word_1_78' title='bbox 1601 652 1643 708; x_wconf 88' lang='lat' dir='ltr'><strong>Ne</strong></span> <span class='ocrx_word' id='word_1_79' title='bbox 1663 669 1729 708; x_wconf 88' lang='lat' dir='ltr'><strong>vero</strong></span> <span class='ocrx_word' id='word_1_80' title='bbox 1745 654 1832 708; x_wconf 87' lang='lat' dir='ltr'><strong>Pater</strong></span> 
     </span>
     <span class='ocr_line' id='line_1_7' title="bbox 170 738 1829 813; baseline 0.001 -18"><span class='ocrx_word' id='word_1_81' title='bbox 170 741 234 798; x_wconf 88' lang='lat' dir='ltr'><strong>siut.</strong></span> <span class='ocrx_word' id='word_1_82' title='bbox 251 743 420 800; x_wconf 90' lang='lat' dir='ltr'><strong>llomoenim</strong></span> <span class='ocrx_word' id='word_1_83' title='bbox 434 744 545 812; x_wconf 90' lang='lat' dir='ltr'><strong>invenit,</strong></span> <span class='ocrx_word' id='word_1_84' title='bbox 558 744 600 799; x_wconf 91' lang='lat' dir='ltr'><strong>vel</strong></span> <span class='ocrx_word' id='word_1_85' title='bbox 615 743 751 812; x_wconf 89' lang='lat' dir='ltr'><strong>diabolus,</strong></span> <span class='ocrx_word' id='word_1_86' title='bbox 763 749 792 797; x_wconf 89' lang='lat' dir='ltr'><strong>ut</strong></span> <span class='ocrx_word' id='word_1_87' title='bbox 807 742 880 797; x_wconf 89' lang='lat' dir='ltr'><strong>Deus</strong></span> <span class='ocrx_word' id='word_1_88' title='bbox 899 739 974 795; x_wconf 90' lang='lat' dir='ltr'><strong>dica·</strong></span> <span class='ocrx_word' id='word_1_89' title='bbox 1022 746 1049 794; x_wconf 91' lang='lat' dir='ltr'><strong>et</strong></span> <span class='ocrx_word' id='word_1_90' title='bbox 1063 738 1146 793; x_wconf 85' lang='lat' dir='ltr'><strong>Filius</strong></span> <span class='ocrx_word' id='word_1_91' title='bbox 1171 747 1198 794; x_wconf 90' lang='lat' dir='ltr'><strong>et</strong></span> <span class='ocrx_word' id='word_1_92' title='bbox 1211 739 1327 810; x_wconf 79' lang='lat' dir='ltr'><strong>Spiritus</strong></span> <span class='ocrx_word' id='word_1_93' title='bbox 1352 747 1471 806; x_wconf 90' lang='lat' dir='ltr'><strong>sanctus,</strong></span> <span class='ocrx_word' id='word_1_94' title='bbox 1487 740 1539 795; x_wconf 85' lang='lat' dir='ltr'><strong>ulia</strong></span> <span class='ocrx_word' id='word_1_95' title='bbox 1554 750 1580 797; x_wconf 87' lang='lat' dir='ltr'><strong>et</strong></span> <span class='ocrx_word' id='word_1_96' title='bbox 1602 741 1654 798; x_wconf 90' lang='lat' dir='ltr'><strong>alia</strong></span> <span class='ocrx_word' id='word_1_97' title='bbox 1677 742 1829 813; x_wconf 86' lang='lat' dir='ltr'><strong>seperatim</strong></span> 
     </span>
     <span class='ocr_line' id='line_1_8' title="bbox 170 827 1830 906; baseline 0.001 -21"><span class='ocrx_word' id='word_1_98' title='bbox 170 835 214 886; x_wconf 89' lang='lat' dir='ltr'><strong>tur</strong></span> <span class='ocrx_word' id='word_1_99' title='bbox 228 832 275 904; x_wconf 90' lang='lat' dir='ltr'><strong>qui</strong></span> <span class='ocrx_word' id='word_1_100' title='bbox 296 848 352 888; x_wconf 92' lang='lat' dir='ltr'><strong>uon</strong></span> <span class='ocrx_word' id='word_1_101' title='bbox 374 839 425 900; x_wconf 90' lang='lat' dir='ltr'><strong>est,</strong></span> <span class='ocrx_word' id='word_1_102' title='bbox 452 833 500 889; x_wconf 89' lang='lat' dir='ltr'><strong>sed</strong></span> <span class='ocrx_word' id='word_1_103' title='bbox 522 833 595 906; x_wconf 88' lang='lat' dir='ltr'><strong>quod</strong></span> <span class='ocrx_word' id='word_1_104' title='bbox 615 835 694 888; x_wconf 85' lang='lat' dir='ltr'><strong>lesus</strong></span> <span class='ocrx_word' id='word_1_105' title='bbox 719 831 818 888; x_wconf 92' lang='lat' dir='ltr'><strong>dicitur</strong></span> <span class='ocrx_word' id='word_1_106' title='bbox 840 829 973 884; x_wconf 90' lang='lat' dir='ltr'><strong>Dominus</strong></span> <span class='ocrx_word' id='word_1_107' title='bbox 1022 827 1127 898; x_wconf 88' lang='lat' dir='ltr'><strong>operari</strong></span> <span class='ocrx_word' id='word_1_108' title='bbox 1149 827 1317 898; x_wconf 91' lang='lat' dir='ltr'><strong>viderentur,</strong></span> <span class='ocrx_word' id='word_1_109' title='bbox 1335 845 1366 884; x_wconf 89' lang='lat' dir='ltr'><strong>ex</strong></span> <span class='ocrx_word' id='word_1_110' title='bbox 1387 845 1420 885; x_wconf 93' lang='lat' dir='ltr'><strong>eo</strong></span> <span class='ocrx_word' id='word_1_111' title='bbox 1442 827 1514 901; x_wconf 92' lang='lat' dir='ltr'><strong>quod</strong></span> <span class='ocrx_word' id='word_1_112' title='bbox 1537 829 1647 901; x_wconf 91' lang='lat' dir='ltr'><strong>Spiritui</strong></span> <span class='ocrx_word' id='word_1_113' title='bbox 1669 830 1781 902; x_wconf 83' lang='lat' dir='ltr'><strong>gratias,</strong></span> <span class='ocrx_word' id='word_1_114' title='bbox 1799 839 1830 886; x_wconf 86' lang='lat' dir='ltr'><strong>et</strong></span> 
     </span>
     <span class='ocr_line' id='line_1_9' title="bbox 172 916 1829 993; baseline -0.001 -17"><span class='ocrx_word' id='word_1_115' title='bbox 172 919 288 991; x_wconf 89' lang='lat' dir='ltr'><strong>Spiritus</strong></span> <span class='ocrx_word' id='word_1_116' title='bbox 311 929 421 979; x_wconf 85' lang='lat' dir='ltr'><strong>sanctus</strong></span> <span class='ocrx_word' id='word_1_117' title='bbox 453 921 567 978; x_wconf 88' lang='lat' dir='ltr'><strong>veritate</strong></span> <span class='ocrx_word' id='word_1_118' title='bbox 597 920 751 993; x_wconf 90' lang='lat' dir='ltr'><strong>pmlessum</strong></span> <span class='ocrx_word' id='word_1_119' title='bbox 772 927 823 975; x_wconf 90' lang='lat' dir='ltr'><strong>est.</strong></span> <span class='ocrx_word' id='word_1_120' title='bbox 846 919 908 974; x_wconf 92' lang='lat' dir='ltr'><strong>Non</strong></span> <span class='ocrx_word' id='word_1_121' title='bbox 933 925 974 973; x_wconf 89' lang='lat' dir='ltr'><strong>est</strong></span> <span class='ocrx_word' id='word_1_122' title='bbox 1022 916 1138 972; x_wconf 91' lang='lat' dir='ltr'><strong>Domino</strong></span> <span class='ocrx_word' id='word_1_123' title='bbox 1159 916 1382 992; x_wconf 81' lang='lat' dir='ltr'><strong>ministrationes,</strong></span> <span class='ocrx_word' id='word_1_124' title='bbox 1399 925 1426 973; x_wconf 88' lang='lat' dir='ltr'><strong>et</strong></span> <span class='ocrx_word' id='word_1_125' title='bbox 1439 919 1498 974; x_wconf 93' lang='lat' dir='ltr'><strong>Deo</strong></span> <span class='ocrx_word' id='word_1_126' title='bbox 1520 920 1694 990; x_wconf 84' lang='lat' dir='ltr'><strong>operationes</strong></span> <span class='ocrx_word' id='word_1_127' title='bbox 1717 936 1829 990; x_wconf 90' lang='lat' dir='ltr'><strong>suppo-</strong></span> 
     </span>
     <span class='ocr_line' id='line_1_10' title="bbox 173 1005 1828 1081; baseline -0.002 -14"><span class='ocrx_word' id='word_1_128' title='bbox 173 1023 241 1081; x_wconf 86' lang='lat' dir='ltr'><strong>crgo</strong></span> <span class='ocrx_word' id='word_1_129' title='bbox 255 1008 335 1066; x_wconf 89' lang='lat' dir='ltr'><strong>favor</strong></span> <span class='ocrx_word' id='word_1_130' title='bbox 348 1009 488 1067; x_wconf 90' lang='lat' dir='ltr'><strong>hominum</strong></span> <span class='ocrx_word' id='word_1_131' title='bbox 503 1018 531 1065; x_wconf 86' lang='lat' dir='ltr'><strong>et</strong></span> <span class='ocrx_word' id='word_1_132' title='bbox 545 1009 707 1066; x_wconf 81' lang='lat' dir='ltr'><strong>beneficium</strong></span> <span class='ocrx_word' id='word_1_133' title='bbox 732 1009 805 1081; x_wconf 90' lang='lat' dir='ltr'><strong>quod</strong></span> <span class='ocrx_word' id='word_1_134' title='bbox 819 1009 900 1064; x_wconf 85' lang='lat' dir='ltr'><strong>lesus</strong></span> <span class='ocrx_word' id='word_1_135' title='bbox 914 1007 973 1062; x_wconf 93' lang='lat' dir='ltr'><strong>Do·</strong></span> <span class='ocrx_word' id='word_1_136' title='bbox 1023 1013 1122 1072; x_wconf 89' lang='lat' dir='ltr'><strong>suerat,</strong></span> <span class='ocrx_word' id='word_1_137' title='bbox 1139 1006 1231 1061; x_wconf 87' lang='lat' dir='ltr'><strong>omnia</strong></span> <span class='ocrx_word' id='word_1_138' title='bbox 1244 1005 1368 1062; x_wconf 85' lang='lat' dir='ltr'><strong>relexens</strong></span> <span class='ocrx_word' id='word_1_139' title='bbox 1383 1006 1516 1062; x_wconf 88' lang='lat' dir='ltr'><strong>adunam</strong></span> <span class='ocrx_word' id='word_1_140' title='bbox 1530 1008 1628 1074; x_wconf 91' lang='lat' dir='ltr'><strong>Deum,</strong></span> <span class='ocrx_word' id='word_1_141' title='bbox 1644 1007 1734 1063; x_wconf 83' lang='lat' dir='ltr'><strong>subdit</strong></span> <span class='ocrx_word' id='word_1_142' title='bbox 1749 1009 1828 1080; x_wconf 90' lang='lat' dir='ltr'><strong>quod</strong></span> 
     </span>
     <span class='ocr_line' id='line_1_11' title="bbox 172 1095 1828 1170; baseline 0.001 -20"><span class='ocrx_word' id='word_1_143' title='bbox 172 1096 262 1152; x_wconf 88' lang='lat' dir='ltr'><strong>minus</strong></span> <span class='ocrx_word' id='word_1_144' title='bbox 276 1097 385 1167; x_wconf 89' lang='lat' dir='ltr'><strong>dicitur,</strong></span> <span class='ocrx_word' id='word_1_145' title='bbox 402 1097 451 1154; x_wconf 86' lang='lat' dir='ltr'><strong>sed</strong></span> <span class='ocrx_word' id='word_1_146' title='bbox 466 1097 567 1154; x_wconf 94' lang='lat' dir='ltr'><strong>donum</strong></span> <span class='ocrx_word' id='word_1_147' title='bbox 582 1097 643 1162; x_wconf 89' lang='lat' dir='ltr'><strong>Dei,</strong></span> <span class='ocrx_word' id='word_1_148' title='bbox 660 1098 705 1170; x_wconf 89' lang='lat' dir='ltr'><strong>qui</strong></span> <span class='ocrx_word' id='word_1_149' title='bbox 720 1095 877 1169; x_wconf 88' lang='lat' dir='ltr'><strong>mysterium</strong></span> <span class='ocrx_word' id='word_1_150' title='bbox 895 1110 974 1150; x_wconf 90' lang='lat' dir='ltr'><strong>suurn</strong></span> <span class='ocrx_word' id='word_1_151' title='bbox 1023 1095 1343 1166; x_wconf 85' lang='lat' dir='ltr'><strong>Deusaperaturamnia</strong></span> <span class='ocrx_word' id='word_1_152' title='bbox 1353 1095 1509 1152; x_wconf 80' lang='lat' dir='ltr'><strong>necessaria</strong></span> <span class='ocrx_word' id='word_1_153' title='bbox 1519 1097 1550 1152; x_wconf 90' lang='lat' dir='ltr'><strong>in</strong></span> <span class='ocrx_word' id='word_1_154' title='bbox 1561 1097 1701 1163; x_wconf 82' lang='lat' dir='ltr'><strong>amnibus,</strong></span> <span class='ocrx_word' id='word_1_155' title='bbox 1712 1113 1768 1152; x_wconf 91' lang='lat' dir='ltr'><strong>non</strong></span> <span class='ocrx_word' id='word_1_156' title='bbox 1778 1097 1828 1151; x_wconf 90' lang='lat' dir='ltr'><strong>uni</strong></span> 
     </span>
     <span class='ocr_line' id='line_1_12' title="bbox 171 1182 1830 1259; baseline -0.001 -19"><span class='ocrx_word' id='word_1_157' title='bbox 171 1184 328 1241; x_wconf 90' lang='lat' dir='ltr'><strong>hominibus</strong></span> <span class='ocrx_word' id='word_1_158' title='bbox 355 1186 505 1242; x_wconf 84' lang='lat' dir='ltr'><strong>declaravit</strong></span> <span class='ocrx_word' id='word_1_159' title='bbox 525 1205 532 1254; x_wconf 89' lang='lat'>;</span> <span class='ocrx_word' id='word_1_160' title='bbox 555 1202 606 1242; x_wconf 92' lang='lat' dir='ltr'><strong>nec</strong></span> <span class='ocrx_word' id='word_1_161' title='bbox 630 1185 675 1259; x_wconf 88' lang='lat' dir='ltr'><strong>qui</strong></span> <span class='ocrx_word' id='word_1_162' title='bbox 699 1187 751 1243; x_wconf 92' lang='lat' dir='ltr'><strong>hoc</strong></span> <span class='ocrx_word' id='word_1_163' title='bbox 774 1185 840 1241; x_wconf 89' lang='lat' dir='ltr'><strong>dicit</strong></span> <span class='ocrx_word' id='word_1_164' title='bbox 863 1191 975 1257; x_wconf 84' lang='lat' dir='ltr'><strong>proestat</strong></span> <span class='ocrx_word' id='word_1_165' title='bbox 1023 1182 1113 1238; x_wconf 88' lang='lat' dir='ltr'><strong>omnia</strong></span> <span class='ocrx_word' id='word_1_166' title='bbox 1137 1183 1241 1250; x_wconf 88' lang='lat' dir='ltr'><strong>tribuit,</strong></span> <span class='ocrx_word' id='word_1_167' title='bbox 1258 1183 1306 1240; x_wconf 90' lang='lat' dir='ltr'><strong>sed</strong></span> <span class='ocrx_word' id='word_1_168' title='bbox 1330 1184 1359 1238; x_wconf 94' lang='lat' dir='ltr'><strong>in</strong></span> <span class='ocrx_word' id='word_1_169' title='bbox 1381 1184 1507 1241; x_wconf 90' lang='lat' dir='ltr'><strong>omnibus</strong></span> <span class='ocrx_word' id='word_1_170' title='bbox 1528 1185 1620 1242; x_wconf 90' lang='lat' dir='ltr'><strong>omnia</strong></span> <span class='ocrx_word' id='word_1_171' title='bbox 1641 1193 1781 1257; x_wconf 87' lang='lat' dir='ltr'><strong>operatur,</strong></span> <span class='ocrx_word' id='word_1_172' title='bbox 1797 1193 1830 1239; x_wconf 92' lang='lat' dir='ltr'><strong>ut</strong></span> 
     </span>
     <span class='ocr_line' id='line_1_13' title="bbox 170 1271 1831 1348; baseline 0.002 -21"><span class='ocrx_word' id='word_1_173' title='bbox 170 1271 337 1330; x_wconf 70' lang='lat' dir='ltr'><strong>‘heneficium</strong></span> <span class='ocrx_word' id='word_1_174' title='bbox 361 1274 497 1348; x_wconf 81' lang='lat' dir='ltr'><strong>religioni,</strong></span> <span class='ocrx_word' id='word_1_175' title='bbox 522 1275 571 1331; x_wconf 93' lang='lat' dir='ltr'><strong>sed</strong></span> <span class='ocrx_word' id='word_1_176' title='bbox 595 1275 703 1346; x_wconf 84' lang='lat' dir='ltr'><strong>ancipit,</strong></span> <span class='ocrx_word' id='word_1_177' title='bbox 720 1281 750 1328; x_wconf 93' lang='lat' dir='ltr'><strong>ut</strong></span> <span class='ocrx_word' id='word_1_178' title='bbox 773 1273 862 1346; x_wconf 87' lang='lat' dir='ltr'><strong>gratia</strong></span> <span class='ocrx_word' id='word_1_179' title='bbox 882 1271 973 1328; x_wconf 91' lang='lat' dir='ltr'><strong>homi·</strong></span> <span class='ocrx_word' id='word_1_180' title='bbox 1024 1272 1097 1344; x_wconf 91' lang='lat' dir='ltr'><strong>quod</strong></span> <span class='ocrx_word' id='word_1_181' title='bbox 1118 1287 1174 1328; x_wconf 92' lang='lat' dir='ltr'><strong>non</strong></span> <span class='ocrx_word' id='word_1_182' title='bbox 1195 1272 1276 1328; x_wconf 89' lang='lat' dir='ltr'><strong>habet</strong></span> <span class='ocrx_word' id='word_1_183' title='bbox 1296 1274 1358 1345; x_wconf 89' lang='lat' dir='ltr'><strong>quis</strong></span> <span class='ocrx_word' id='word_1_184' title='bbox 1381 1273 1409 1328; x_wconf 90' lang='lat' dir='ltr'><strong>in</strong></span> <span class='ocrx_word' id='word_1_185' title='bbox 1434 1289 1473 1343; x_wconf 89' lang='lat' dir='ltr'><strong>se,</strong></span> <span class='ocrx_word' id='word_1_186' title='bbox 1490 1274 1590 1330; x_wconf 90' lang='lat' dir='ltr'><strong>habeat</strong></span> <span class='ocrx_word' id='word_1_187' title='bbox 1612 1275 1640 1330; x_wconf 92' lang='lat' dir='ltr'><strong>in</strong></span> <span class='ocrx_word' id='word_1_188' title='bbox 1664 1274 1728 1341; x_wconf 88' lang='lat' dir='ltr'><strong>alic,</strong></span> <span class='ocrx_word' id='word_1_189' title='bbox 1746 1274 1831 1331; x_wconf 85' lang='lat' dir='ltr'><strong>etsie</strong></span> 
     </span>
     <span class='ocr_line' id='line_1_14' title="bbox 170 1360 1828 1436; baseline -0.001 -19"><span class='ocrx_word' id='word_1_190' title='bbox 170 1378 245 1428; x_wconf 89' lang='lat' dir='ltr'><strong>uum,</strong></span> <span class='ocrx_word' id='word_1_191' title='bbox 263 1378 323 1418; x_wconf 89' lang='lat' dir='ltr'><strong>cum</strong></span> <span class='ocrx_word' id='word_1_192' title='bbox 348 1365 421 1436; x_wconf 84' lang='lat' dir='ltr'><strong>quod</strong></span> <span class='ocrx_word' id='word_1_193' title='bbox 436 1363 509 1420; x_wconf 89' lang='lat' dir='ltr'><strong>idola</strong></span> <span class='ocrx_word' id='word_1_194' title='bbox 522 1363 562 1418; x_wconf 92' lang='lat' dir='ltr'><strong>&#39;dii</strong></span> <span class='ocrx_word' id='word_1_195' title='bbox 585 1361 720 1430; x_wconf 89' lang='lat' dir='ltr'><strong>dicuntur,</strong></span> <span class='ocrx_word' id='word_1_196' title='bbox 744 1379 807 1419; x_wconf 88' lang='lat' dir='ltr'><strong>cum</strong></span> <span class='ocrx_word' id='word_1_197' title='bbox 833 1377 887 1417; x_wconf 94' lang='lat' dir='ltr'><strong>non</strong></span> <span class='ocrx_word' id='word_1_198' title='bbox 910 1361 973 1418; x_wconf 90' lang='lat' dir='ltr'><strong>sint.</strong></span> <span class='ocrx_word' id='word_1_199' title='bbox 1023 1369 1131 1417; x_wconf 89' lang='lat' dir='ltr'><strong>maneat</strong></span> <span class='ocrx_word' id='word_1_200' title='bbox 1152 1360 1271 1417; x_wconf 91' lang='lat' dir='ltr'><strong>charitas</strong></span> <span class='ocrx_word' id='word_1_201' title='bbox 1285 1369 1311 1418; x_wconf 90' lang='lat' dir='ltr'><strong>et</strong></span> <span class='ocrx_word' id='word_1_202' title='bbox 1330 1362 1468 1418; x_wconf 89' lang='lat' dir='ltr'><strong>humilitas</strong></span> <span class='ocrx_word' id='word_1_203' title='bbox 1490 1363 1557 1434; x_wconf 86' lang='grc'>(68).</span> <span class='ocrx_word' id='word_1_204' title='bbox 1574 1362 1602 1418; x_wconf 91' lang='lat' dir='ltr'><strong>Si</strong></span> <span class='ocrx_word' id='word_1_205' title='bbox 1618 1364 1690 1418; x_wconf 92' lang='lat' dir='ltr'><strong>enim</strong></span> <span class='ocrx_word' id='word_1_206' title='bbox 1714 1363 1828 1418; x_wconf 91' lang='lat' dir='ltr'><strong>humilis</strong></span> 
     </span>
     <span class='ocr_line' id='line_1_15' title="bbox 171 1450 1828 1524; baseline -0.001 -16"><span class='ocrx_word' id='word_1_207' title='bbox 171 1450 249 1508; x_wconf 90' lang='lat' dir='ltr'><strong>Unde</strong></span> <span class='ocrx_word' id='word_1_208' title='bbox 265 1459 290 1506; x_wconf 91' lang='lat' dir='ltr'><strong>et</strong></span> <span class='ocrx_word' id='word_1_209' title='bbox 304 1451 438 1508; x_wconf 88' lang='lat' dir='ltr'><strong>antistites</strong></span> <span class='ocrx_word' id='word_1_210' title='bbox 462 1467 558 1508; x_wconf 89' lang='lat' dir='ltr'><strong>eorum</strong></span> <span class='ocrx_word' id='word_1_211' title='bbox 581 1451 737 1507; x_wconf 90' lang='lat' dir='ltr'><strong>hominihus</strong></span> <span class='ocrx_word' id='word_1_212' title='bbox 762 1450 874 1520; x_wconf 88' lang='lat' dir='ltr'><strong>subjecti</strong></span> <span class='ocrx_word' id='word_1_213' title='bbox 895 1456 970 1504; x_wconf 90' lang='lat' dir='ltr'><strong>suut.</strong></span> <span class='ocrx_word' id='word_1_214' title='bbox 1023 1464 1055 1505; x_wconf 86' lang='lat' dir='ltr'><strong>es</strong></span> <span class='ocrx_word' id='word_1_215' title='bbox 1082 1456 1109 1504; x_wconf 92' lang='lat' dir='ltr'><strong>et</strong></span> <span class='ocrx_word' id='word_1_216' title='bbox 1130 1464 1208 1505; x_wconf 89' lang='lat' dir='ltr'><strong>amas</strong></span> <span class='ocrx_word' id='word_1_217' title='bbox 1236 1450 1382 1516; x_wconf 89' lang='lat' dir='ltr'><strong>unitatem,</strong></span> <span class='ocrx_word' id='word_1_218' title='bbox 1406 1450 1454 1506; x_wconf 92' lang='lat' dir='ltr'><strong>tihi</strong></span> <span class='ocrx_word' id='word_1_219' title='bbox 1477 1451 1560 1506; x_wconf 88' lang='lat' dir='ltr'><strong>hahet</strong></span> <span class='ocrx_word' id='word_1_220' title='bbox 1580 1451 1703 1524; x_wconf 83' lang='lat' dir='ltr'><strong>quisquis</strong></span> <span class='ocrx_word' id='word_1_221' title='bbox 1727 1452 1758 1506; x_wconf 92' lang='lat' dir='ltr'><strong>in</strong></span> <span class='ocrx_word' id='word_1_222' title='bbox 1778 1451 1828 1507; x_wconf 89' lang='lat' dir='ltr'><strong>illa</strong></span> 
     </span>
     <span class='ocr_line' id='line_1_16' title="bbox 171 1537 1825 1613; baseline 0 -19"><span class='ocrx_word' id='word_1_223' title='bbox 171 1541 202 1595; x_wconf 93' lang='lat' dir='ltr'><strong>ln</strong></span> <span class='ocrx_word' id='word_1_224' title='bbox 217 1540 311 1611; x_wconf 82' lang='lat' dir='ltr'><strong>regula</strong></span> <span class='ocrx_word' id='word_1_225' title='bbox 325 1555 391 1596; x_wconf 91' lang='lat' dir='ltr'><strong>vero</strong></span> <span class='ocrx_word' id='word_1_226' title='bbox 415 1540 565 1596; x_wconf 87' lang='lat' dir='ltr'><strong>Christiana</strong></span> <span class='ocrx_word' id='word_1_227' title='bbox 584 1541 661 1596; x_wconf 87' lang='lat' dir='ltr'><strong>aliter</strong></span> <span class='ocrx_word' id='word_1_228' title='bbox 674 1549 725 1608; x_wconf 91' lang='lat' dir='ltr'><strong>est,</strong></span> <span class='ocrx_word' id='word_1_229' title='bbox 741 1539 804 1612; x_wconf 88' lang='lat' dir='ltr'><strong>quia</strong></span> <span class='ocrx_word' id='word_1_230' title='bbox 825 1555 880 1594; x_wconf 94' lang='lat' dir='ltr'><strong>non</strong></span> <span class='ocrx_word' id='word_1_231' title='bbox 895 1555 967 1611; x_wconf 83' lang='lat' dir='ltr'><strong>prae-</strong></span> <span class='ocrx_word' id='word_1_232' title='bbox 1024 1537 1127 1610; x_wconf 88' lang='lat' dir='ltr'><strong>aliquid</strong></span> <span class='ocrx_word' id='word_1_233' title='bbox 1151 1538 1242 1604; x_wconf 90' lang='lat' dir='ltr'><strong>habet,</strong></span> <span class='ocrx_word' id='word_1_234' title='bbox 1258 1538 1322 1594; x_wconf 94' lang='lat' dir='ltr'><strong>tolle</strong></span> <span class='ocrx_word' id='word_1_235' title='bbox 1346 1539 1474 1595; x_wconf 91' lang='lat' dir='ltr'><strong>invidiam</strong></span> <span class='ocrx_word' id='word_1_236' title='bbox 1490 1548 1518 1596; x_wconf 91' lang='lat' dir='ltr'><strong>et</strong></span> <span class='ocrx_word' id='word_1_237' title='bbox 1533 1548 1606 1595; x_wconf 88' lang='lat' dir='ltr'><strong>tuum</strong></span> <span class='ocrx_word' id='word_1_238' title='bbox 1627 1541 1757 1613; x_wconf 89' lang='lat' dir='ltr'><strong>estquod</strong></span> <span class='ocrx_word' id='word_1_239' title='bbox 1777 1539 1825 1594; x_wconf 91' lang='lat' dir='ltr'><strong>ha·</strong></span> 
     </span>
     <span class='ocr_line' id='line_1_17' title="bbox 172 1626 1827 1714; baseline 0 -31"><span class='ocrx_word' id='word_1_240' title='bbox 172 1636 243 1683; x_wconf 86' lang='lat' dir='ltr'><strong>stant</strong></span> <span class='ocrx_word' id='word_1_241' title='bbox 258 1627 385 1700; x_wconf 81' lang='lat' dir='ltr'><strong>religioni</strong></span> <span class='ocrx_word' id='word_1_242' title='bbox 409 1628 583 1697; x_wconf 83' lang='lat' dir='ltr'><strong>beneficium,</strong></span> <span class='ocrx_word' id='word_1_243' title='bbox 599 1630 720 1688; x_wconf 88' lang='lat' dir='ltr'><strong>diceutes</strong></span> <span class='ocrx_word' id='word_1_244' title='bbox 744 1631 831 1684; x_wconf 92' lang='lat' dir='ltr'><strong>Deum</strong></span> <span class='ocrx_word' id='word_1_245' title='bbox 852 1644 913 1684; x_wconf 91' lang='lat' dir='ltr'><strong>esse</strong></span> <span class='ocrx_word' id='word_1_246' title='bbox 927 1629 1004 1714; x_wconf 63' lang='lat' dir='ltr'><strong>Je&#39;B</strong></span> <span class='ocrx_word' id='word_1_247' title='bbox 1025 1626 1077 1682; x_wconf 91' lang='lat' dir='ltr'><strong>bec</strong></span> <span class='ocrx_word' id='word_1_248' title='bbox 1090 1645 1097 1692; x_wconf 92' lang='lat'>;</span> <span class='ocrx_word' id='word_1_249' title='bbox 1112 1627 1180 1683; x_wconf 92' lang='lat' dir='ltr'><strong>livor</strong></span> <span class='ocrx_word' id='word_1_250' title='bbox 1195 1637 1311 1698; x_wconf 89' lang='lat' dir='ltr'><strong>separat,</strong></span> <span class='ocrx_word' id='word_1_251' title='bbox 1328 1628 1448 1685; x_wconf 84' lang='lat' dir='ltr'><strong>charitas</strong></span> <span class='ocrx_word' id='word_1_252' title='bbox 1469 1629 1572 1702; x_wconf 87' lang='lat' dir='ltr'><strong>jungit.</strong></span> <span class='ocrx_word' id='word_1_253' title='bbox 1592 1629 1667 1686; x_wconf 87' lang='lat' dir='ltr'><strong>Sicut</strong></span> <span class='ocrx_word' id='word_1_254' title='bbox 1681 1630 1709 1684; x_wconf 92' lang='lat' dir='ltr'><strong>iu</strong></span> <span class='ocrx_word' id='word_1_255' title='bbox 1723 1630 1827 1684; x_wconf 89' lang='lat' dir='ltr'><strong>huma-</strong></span> 
     </span>
     <span class='ocr_line' id='line_1_18' title="bbox 170 1714 1829 1790; baseline -0.001 -18"><span class='ocrx_word' id='word_1_256' title='bbox 170 1732 243 1787; x_wconf 87' lang='lat' dir='ltr'><strong>sum,</strong></span> <span class='ocrx_word' id='word_1_257' title='bbox 261 1717 311 1774; x_wconf 88' lang='lat' dir='ltr'><strong>sed</strong></span> <span class='ocrx_word' id='word_1_258' title='bbox 333 1717 468 1790; x_wconf 87' lang='lat' dir='ltr'><strong>accipiunt</strong></span> <span class='ocrx_word' id='word_1_259' title='bbox 492 1719 565 1775; x_wconf 90' lang='lat' dir='ltr'><strong>uude</strong></span> <span class='ocrx_word' id='word_1_260' title='bbox 589 1717 727 1774; x_wconf 91' lang='lat' dir='ltr'><strong>humiliari</strong></span> <span class='ocrx_word' id='word_1_261' title='bbox 750 1718 860 1784; x_wconf 90' lang='lat' dir='ltr'><strong>debent,</strong></span> <span class='ocrx_word' id='word_1_262' title='bbox 877 1723 906 1772; x_wconf 91' lang='lat' dir='ltr'><strong>ut</strong></span> <span class='ocrx_word' id='word_1_263' title='bbox 920 1732 971 1787; x_wconf 91' lang='lat' dir='ltr'><strong>pa·</strong></span> <span class='ocrx_word' id='word_1_264' title='bbox 1021 1730 1056 1770; x_wconf 92' lang='lat' dir='ltr'><strong>no</strong></span> <span class='ocrx_word' id='word_1_265' title='bbox 1075 1714 1193 1771; x_wconf 70' lang='lat'><strong>102</strong></span> <span class='ocrx_word' id='word_1_266' title='bbox 1210 1731 1323 1787; x_wconf 90' lang='lat' dir='ltr'><strong>corpore</strong></span> <span class='ocrx_word' id='word_1_267' title='bbox 1338 1717 1434 1773; x_wconf 91' lang='lat' dir='ltr'><strong>oculus</strong></span> <span class='ocrx_word' id='word_1_268' title='bbox 1450 1717 1524 1772; x_wconf 90' lang='lat' dir='ltr'><strong>solus</strong></span> <span class='ocrx_word' id='word_1_269' title='bbox 1538 1718 1622 1784; x_wconf 90' lang='lat' dir='ltr'><strong>videt,</strong></span> <span class='ocrx_word' id='word_1_270' title='bbox 1640 1718 1686 1773; x_wconf 91' lang='lat' dir='ltr'><strong>sed</strong></span> <span class='ocrx_word' id='word_1_271' title='bbox 1702 1718 1829 1773; x_wconf 88' lang='lat' dir='ltr'><strong>nonsibi</strong></span> 
     </span>
     <span class='ocr_line' id='line_1_19' title="bbox 174 1803 1826 1880; baseline -0.001 -19"><span class='ocrx_word' id='word_1_272' title='bbox 174 1805 276 1861; x_wconf 88' lang='lat' dir='ltr'><strong>tiantur</strong></span> <span class='ocrx_word' id='word_1_273' title='bbox 285 1822 315 1862; x_wconf 90' lang='lat' dir='ltr'><strong>se</strong></span> <span class='ocrx_word' id='word_1_274' title='bbox 324 1807 413 1880; x_wconf 89' lang='lat' dir='ltr'><strong>argui,</strong></span> <span class='ocrx_word' id='word_1_275' title='bbox 430 1823 485 1862; x_wconf 91' lang='lat' dir='ltr'><strong>non</strong></span> <span class='ocrx_word' id='word_1_276' title='bbox 497 1814 621 1879; x_wconf 83' lang='lat' dir='ltr'><strong>quaerant</strong></span> <span class='ocrx_word' id='word_1_277' title='bbox 636 1806 837 1862; x_wconf 89' lang='lat' dir='ltr'><strong>adulationibus</strong></span> <span class='ocrx_word' id='word_1_278' title='bbox 851 1804 971 1861; x_wconf 89' lang='lat' dir='ltr'><strong>deliniri.</strong></span> <span class='ocrx_word' id='word_1_279' title='bbox 1021 1803 1092 1870; x_wconf 88' lang='lat' dir='ltr'><strong>soli,</strong></span> <span class='ocrx_word' id='word_1_280' title='bbox 1121 1803 1162 1860; x_wconf 91' lang='lat' dir='ltr'><strong>sic</strong></span> <span class='ocrx_word' id='word_1_281' title='bbox 1186 1804 1316 1876; x_wconf 89' lang='lat' dir='ltr'><strong>Spiritum</strong></span> <span class='ocrx_word' id='word_1_282' title='bbox 1342 1813 1464 1861; x_wconf 92' lang='lat' dir='ltr'><strong>sanctum</strong></span> <span class='ocrx_word' id='word_1_283' title='bbox 1489 1805 1591 1874; x_wconf 91' lang='lat' dir='ltr'><strong>habes,</strong></span> <span class='ocrx_word' id='word_1_284' title='bbox 1622 1806 1644 1860; x_wconf 92' lang='lat' dir='ltr'><strong>si</strong></span> <span class='ocrx_word' id='word_1_285' title='bbox 1670 1807 1826 1862; x_wconf 86' lang='lat' dir='ltr'><strong>Ecclesiam</strong></span> 
     </span>
    </p>

    <p class='ocr_par' dir='ltr' id='par_1_5' title="bbox 168 1892 1828 2942">
     <span class='ocr_line' id='line_1_20' title="bbox 207 1892 1828 1967; baseline 0.001 -17"><span class='ocrx_word' id='word_1_286' title='bbox 207 1896 293 1951; x_wconf 79' lang='lat' dir='ltr'><strong>Vens.</strong></span> <span class='ocrx_word' id='word_1_287' title='bbox 309 1897 384 1950; x_wconf 85' lang='lat' dir='ltr'><strong>t-to.</strong></span> <span class='ocrx_word' id='word_1_288' title='bbox 399 1927 434 1937; x_wconf 93' lang='lat'><em>-</em></span> <span class='ocrx_word' id='word_1_289' title='bbox 448 1897 607 1952; x_wconf 84' lang='lat' dir='ltr'><strong>Diuisiones</strong></span> <span class='ocrx_word' id='word_1_290' title='bbox 628 1911 692 1952; x_wconf 85' lang='lat' dir='ltr'><strong>uera</strong></span> <span class='ocrx_word' id='word_1_291' title='bbox 717 1897 877 1966; x_wconf 77' lang='lat' dir='ltr'><strong>gratiarum</strong></span> <span class='ocrx_word' id='word_1_292' title='bbox 891 1898 969 1961; x_wconf 85' lang='lat' dir='ltr'><strong>sunt,</strong></span> <span class='ocrx_word' id='word_1_293' title='bbox 1020 1908 1107 1948; x_wconf 89' lang='lat' dir='ltr'><strong>amas.</strong></span> <span class='ocrx_word' id='word_1_294' title='bbox 1123 1892 1208 1947; x_wconf 77' lang='lat' dir='ltr'><strong>Amas</strong></span> <span class='ocrx_word' id='word_1_295' title='bbox 1223 1901 1324 1960; x_wconf 89' lang='lat' dir='ltr'><strong>autem,</strong></span> <span class='ocrx_word' id='word_1_296' title='bbox 1341 1893 1363 1948; x_wconf 92' lang='lat' dir='ltr'><strong>si</strong></span> <span class='ocrx_word' id='word_1_297' title='bbox 1379 1893 1406 1948; x_wconf 88' lang='lat' dir='ltr'><strong>iu</strong></span> <span class='ocrx_word' id='word_1_298' title='bbox 1422 1895 1480 1964; x_wconf 90' lang='lat' dir='ltr'><strong>ejus</strong></span> <span class='ocrx_word' id='word_1_299' title='bbox 1503 1911 1637 1967; x_wconf 80' lang='lat' dir='ltr'><strong>compage</strong></span> <span class='ocrx_word' id='word_1_300' title='bbox 1653 1895 1784 1952; x_wconf 88' lang='lat' dir='ltr'><strong>consistis</strong></span> <span class='ocrx_word' id='word_1_301' title='bbox 1798 1905 1828 1951; x_wconf 87' lang='lat' dir='ltr'><strong>et</strong></span> 
     </span>
     <span class='ocr_line' id='line_1_21' title="bbox 169 1981 1825 2057; baseline 0 -18"><span class='ocrx_word' id='word_1_302' title='bbox 169 1982 246 2039; x_wconf 83' lang='lat' dir='ltr'><strong>idem</strong></span> <span class='ocrx_word' id='word_1_303' title='bbox 260 1987 356 2040; x_wconf 85' lang='lat' dir='ltr'><strong>autem</strong></span> <span class='ocrx_word' id='word_1_304' title='bbox 368 1983 500 2057; x_wconf 80' lang='lat' dir='ltr'><strong>Spiritus.</strong></span> <span class='ocrx_word' id='word_1_305' title='bbox 515 1987 550 2040; x_wconf 80' lang='lat' dir='ltr'><strong>lit</strong></span> <span class='ocrx_word' id='word_1_306' title='bbox 560 1985 710 2041; x_wconf 74' lang='lat' dir='ltr'><strong>divisiones</strong></span> <span class='ocrx_word' id='word_1_307' title='bbox 721 1985 971 2040; x_wconf 86' lang='lat' dir='ltr'><strong>ministrationum</strong></span> <span class='ocrx_word' id='word_1_308' title='bbox 1021 1981 1160 2038; x_wconf 88' lang='lat' dir='ltr'><strong>charitate.</strong></span> <span class='ocrx_word' id='word_1_309' title='bbox 1185 1981 1249 2037; x_wconf 78' lang='lat' dir='ltr'><strong>llaec</strong></span> <span class='ocrx_word' id='word_1_310' title='bbox 1274 1982 1391 2038; x_wconf 89' lang='lat' dir='ltr'><strong>charitas</strong></span> <span class='ocrx_word' id='word_1_311' title='bbox 1406 1991 1446 2039; x_wconf 90' lang='grc' dir='ltr'><strong>εει</strong></span> <span class='ocrx_word' id='word_1_312' title='bbox 1461 1983 1562 2039; x_wconf 90' lang='lat' dir='ltr'><strong>donum</strong></span> <span class='ocrx_word' id='word_1_313' title='bbox 1584 1983 1698 2055; x_wconf 89' lang='lat' dir='ltr'><strong>Spiritus</strong></span> <span class='ocrx_word' id='word_1_314' title='bbox 1722 1985 1825 2052; x_wconf 85' lang='lat' dir='ltr'><strong>sancti,</strong></span> 
     </span>
     <span class='ocr_line' id='line_1_22' title="bbox 170 2069 1824 2147; baseline -0.001 -18"><span class='ocrx_word' id='word_1_315' title='bbox 170 2075 251 2140; x_wconf 82' lang='lat' dir='ltr'><strong>sunt,</strong></span> <span class='ocrx_word' id='word_1_316' title='bbox 267 2072 341 2127; x_wconf 86' lang='lat' dir='ltr'><strong>idem</strong></span> <span class='ocrx_word' id='word_1_317' title='bbox 355 2076 452 2129; x_wconf 88' lang='lat' dir='ltr'><strong>autem</strong></span> <span class='ocrx_word' id='word_1_318' title='bbox 463 2074 609 2130; x_wconf 83' lang='lat' dir='ltr'><strong>Dominus.</strong></span> <span class='ocrx_word' id='word_1_319' title='bbox 627 2075 663 2129; x_wconf 82' lang='lat' dir='ltr'><strong>Et</strong></span> <span class='ocrx_word' id='word_1_320' title='bbox 671 2074 821 2130; x_wconf 81' lang='lat' dir='ltr'><strong>divisiones</strong></span> <span class='ocrx_word' id='word_1_321' title='bbox 831 2073 972 2144; x_wconf 86' lang='lat' dir='ltr'><strong>operatio·</strong></span> <span class='ocrx_word' id='word_1_322' title='bbox 1021 2069 1212 2142; x_wconf 88' lang='lat' dir='ltr'><strong>quodsuperat</strong></span> <span class='ocrx_word' id='word_1_323' title='bbox 1224 2071 1316 2126; x_wconf 92' lang='lat' dir='ltr'><strong>omnia</strong></span> <span class='ocrx_word' id='word_1_324' title='bbox 1328 2077 1356 2126; x_wconf 91' lang='lat' dir='ltr'><strong>ut</strong></span> <span class='ocrx_word' id='word_1_325' title='bbox 1371 2079 1433 2142; x_wconf 90' lang='lat' dir='ltr'><strong>post</strong></span> <span class='ocrx_word' id='word_1_326' title='bbox 1448 2072 1530 2128; x_wconf 90' lang='lat' dir='ltr'><strong>dicet.</strong></span> <span class='ocrx_word' id='word_1_327' title='bbox 1549 2074 1703 2147; x_wconf 82' lang='lat' dir='ltr'><strong>Unicuique</strong></span> <span class='ocrx_word' id='word_1_328' title='bbox 1712 2079 1824 2130; x_wconf 75' lang='lat' dir='ltr'><strong>autem</strong></span> 
     </span>
     <span class='ocr_line' id='line_1_23' title="bbox 171 2157 1826 2236; baseline 0.001 -21"><span class='ocrx_word' id='word_1_329' title='bbox 171 2164 330 2227; x_wconf 75' lang='lat' dir='ltr'><strong>cumcunl,</strong></span> <span class='ocrx_word' id='word_1_330' title='bbox 345 2161 420 2217; x_wconf 69' lang='lat' dir='ltr'><strong>Mem</strong></span> <span class='ocrx_word' id='word_1_331' title='bbox 435 2177 498 2219; x_wconf 86' lang='lat' dir='ltr'><strong>uero</strong></span> <span class='ocrx_word' id='word_1_332' title='bbox 517 2163 591 2219; x_wconf 88' lang='lat' dir='ltr'><strong>Deus</strong></span> <span class='ocrx_word' id='word_1_333' title='bbox 608 2165 655 2236; x_wconf 87' lang='lat' dir='ltr'><strong>qut</strong></span> <span class='ocrx_word' id='word_1_334' title='bbox 672 2166 807 2235; x_wconf 83' lang='lat' dir='ltr'><strong>operatur</strong></span> <span class='ocrx_word' id='word_1_335' title='bbox 824 2161 920 2217; x_wconf 91' lang='lat' dir='ltr'><strong>omnia</strong></span> <span class='ocrx_word' id='word_1_336' title='bbox 939 2162 971 2216; x_wconf 89' lang='lat' dir='ltr'><strong>in</strong></span> <span class='ocrx_word' id='word_1_337' title='bbox 1021 2157 1203 2231; x_wconf 75' lang='lat' dir='ltr'><strong>[Ambrosius]</strong></span> <span class='ocrx_word' id='word_1_338' title='bbox 1233 2157 1317 2227; x_wconf 85' lang='lat' dir='ltr'><strong>Quasi</strong></span> <span class='ocrx_word' id='word_1_339' title='bbox 1345 2160 1416 2216; x_wconf 90' lang='lat' dir='ltr'><strong>dicat</strong></span> <span class='ocrx_word' id='word_1_340' title='bbox 1432 2161 1569 2217; x_wconf 89' lang='lat' dir='ltr'><strong>:Diversa</strong></span> <span class='ocrx_word' id='word_1_341' title='bbox 1590 2170 1653 2216; x_wconf 84' lang='lat' dir='ltr'><strong>sunt</strong></span> <span class='ocrx_word' id='word_1_342' title='bbox 1688 2162 1771 2230; x_wconf 83' lang='lat' dir='ltr'><strong>dona,</strong></span> <span class='ocrx_word' id='word_1_343' title='bbox 1798 2170 1826 2216; x_wconf 88' lang='lat' dir='ltr'><strong>et</strong></span> 
     </span>
     <span class='ocr_line' id='line_1_24' title="bbox 172 2247 1825 2324; baseline -0.001 -18"><span class='ocrx_word' id='word_1_344' title='bbox 172 2249 311 2306; x_wconf 83' lang='lat' dir='ltr'><strong>erunibus.</strong></span> <span class='ocrx_word' id='word_1_345' title='bbox 327 2251 479 2324; x_wconf 80' lang='lat' dir='ltr'><strong>Unicuique</strong></span> <span class='ocrx_word' id='word_1_346' title='bbox 490 2255 586 2307; x_wconf 87' lang='lat' dir='ltr'><strong>autem</strong></span> <span class='ocrx_word' id='word_1_347' title='bbox 597 2251 683 2307; x_wconf 87' lang='lat' dir='ltr'><strong>datur</strong></span> <span class='ocrx_word' id='word_1_348' title='bbox 699 2251 895 2322; x_wconf 77' lang='lat' dir='ltr'><strong>manifestatio</strong></span> <span class='ocrx_word' id='word_1_349' title='bbox 906 2249 971 2322; x_wconf 86' lang='lat' dir='ltr'><strong>Spi-</strong></span> <span class='ocrx_word' id='word_1_350' title='bbox 1021 2263 1076 2302; x_wconf 89' lang='lat' dir='ltr'><strong>aon</strong></span> <span class='ocrx_word' id='word_1_351' title='bbox 1091 2248 1125 2302; x_wconf 90' lang='lat' dir='ltr'><strong>ad</strong></span> <span class='ocrx_word' id='word_1_352' title='bbox 1139 2247 1265 2302; x_wconf 89' lang='lat' dir='ltr'><strong>meritum</strong></span> <span class='ocrx_word' id='word_1_353' title='bbox 1290 2248 1405 2318; x_wconf 89' lang='lat' dir='ltr'><strong>alicujus</strong></span> <span class='ocrx_word' id='word_1_354' title='bbox 1420 2249 1538 2305; x_wconf 88' lang='lat' dir='ltr'><strong>hominis</strong></span> <span class='ocrx_word' id='word_1_355' title='bbox 1561 2251 1735 2323; x_wconf 79' lang='lat' dir='ltr'><strong>singulariter</strong></span> <span class='ocrx_word' id='word_1_356' title='bbox 1749 2251 1825 2306; x_wconf 90' lang='lat' dir='ltr'><strong>dan-</strong></span> 
     </span>
     <span class='ocr_line' id='line_1_25' title="bbox 168 2337 1826 2413; baseline -0.001 -18"><span class='ocrx_word' id='word_1_357' title='bbox 168 2340 245 2395; x_wconf 85' lang='lat' dir='ltr'><strong>ritua</strong></span> <span class='ocrx_word' id='word_1_358' title='bbox 255 2338 292 2393; x_wconf 87' lang='lat' dir='ltr'><strong>ad</strong></span> <span class='ocrx_word' id='word_1_359' title='bbox 300 2339 469 2395; x_wconf 87' lang='lat' dir='ltr'><strong>utilitatem.</strong></span> <span class='ocrx_word' id='word_1_360' title='bbox 482 2339 540 2395; x_wconf 78' lang='lat' dir='ltr'><strong>dlii</strong></span> <span class='ocrx_word' id='word_1_361' title='bbox 549 2340 661 2413; x_wconf 83' lang='lat' dir='ltr'><strong>quidem</strong></span> <span class='ocrx_word' id='word_1_362' title='bbox 669 2357 721 2413; x_wconf 89' lang='lat' dir='ltr'><strong>per</strong></span> <span class='ocrx_word' id='word_1_363' title='bbox 730 2339 870 2412; x_wconf 87' lang='lat' dir='ltr'><strong>Spiritum</strong></span> <span class='ocrx_word' id='word_1_364' title='bbox 886 2339 973 2394; x_wconf 87' lang='lat' dir='ltr'><strong>datur</strong></span> <span class='ocrx_word' id='word_1_365' title='bbox 1021 2344 1074 2403; x_wconf 89' lang='lat' dir='ltr'><strong>tur,</strong></span> <span class='ocrx_word' id='word_1_366' title='bbox 1090 2337 1139 2391; x_wconf 88' lang='lat' dir='ltr'><strong>sed</strong></span> <span class='ocrx_word' id='word_1_367' title='bbox 1153 2337 1188 2391; x_wconf 90' lang='lat' dir='ltr'><strong>ad</strong></span> <span class='ocrx_word' id='word_1_368' title='bbox 1205 2337 1347 2393; x_wconf 89' lang='lat' dir='ltr'><strong>utilitatem</strong></span> <span class='ocrx_word' id='word_1_369' title='bbox 1360 2337 1489 2395; x_wconf 79' lang='lat' dir='ltr'><strong>Ecclesiae</strong></span> <span class='ocrx_word' id='word_1_370' title='bbox 1505 2338 1681 2405; x_wconf 70' lang='lat' dir='ltr'><strong>aediircandse</strong></span> <span class='ocrx_word' id='word_1_371' title='bbox 1698 2340 1776 2413; x_wconf 89' lang='lat' dir='ltr'><strong>quod</strong></span> <span class='ocrx_word' id='word_1_372' title='bbox 1789 2340 1826 2394; x_wconf 88' lang='lat' dir='ltr'><strong>ita</strong></span> 
     </span>
     <span class='ocr_line' id='line_1_26' title="bbox 170 2424 1823 2502; baseline 0.001 -19"><span class='ocrx_word' id='word_1_373' title='bbox 170 2442 262 2483; x_wconf 88' lang='lat' dir='ltr'><strong>sermo</strong></span> <span class='ocrx_word' id='word_1_374' title='bbox 271 2428 429 2500; x_wconf 73' lang='lat' dir='ltr'><strong>sapientiae,</strong></span> <span class='ocrx_word' id='word_1_375' title='bbox 448 2429 500 2483; x_wconf 86' lang='lat' dir='ltr'><strong>alii</strong></span> <span class='ocrx_word' id='word_1_376' title='bbox 510 2432 607 2484; x_wconf 88' lang='lat' dir='ltr'><strong>autem</strong></span> <span class='ocrx_word' id='word_1_377' title='bbox 624 2445 715 2485; x_wconf 85' lang='lat' dir='ltr'><strong>serrua</strong></span> <span class='ocrx_word' id='word_1_378' title='bbox 726 2429 854 2484; x_wconf 82' lang='lat' dir='ltr'><strong>scientim</strong></span> <span class='ocrx_word' id='word_1_379' title='bbox 869 2444 970 2483; x_wconf 88' lang='lat' dir='ltr'><strong>secun·</strong></span> <span class='ocrx_word' id='word_1_380' title='bbox 1021 2424 1058 2479; x_wconf 91' lang='lat' dir='ltr'><strong>ait</strong></span> <span class='ocrx_word' id='word_1_381' title='bbox 1070 2440 1076 2478; x_wconf 96' lang='lat'><strong>:</strong></span> <span class='ocrx_word' id='word_1_382' title='bbox 1090 2427 1243 2499; x_wconf 83' lang='lat' dir='ltr'><strong>Unicuique</strong></span> <span class='ocrx_word' id='word_1_383' title='bbox 1259 2429 1356 2482; x_wconf 86' lang='lat' dir='ltr'><strong>autem</strong></span> <span class='ocrx_word' id='word_1_384' title='bbox 1371 2427 1458 2483; x_wconf 84' lang='lat' dir='ltr'><strong>datur</strong></span> <span class='ocrx_word' id='word_1_385' title='bbox 1468 2430 1666 2500; x_wconf 77' lang='lat' dir='ltr'><strong>manifestatio</strong></span> <span class='ocrx_word' id='word_1_386' title='bbox 1683 2431 1823 2502; x_wconf 83' lang='lat' dir='ltr'><strong>Spiritus,</strong></span> 
     </span>
     <span class='ocr_line' id='line_1_27' title="bbox 171 2513 1826 2590; baseline 0.001 -19"><span class='ocrx_word' id='word_1_387' title='bbox 171 2515 374 2572; x_wconf 87' lang='lat' dir='ltr'><strong>dumeumdcm</strong></span> <span class='ocrx_word' id='word_1_388' title='bbox 386 2517 536 2588; x_wconf 86' lang='lat' dir='ltr'><strong>Spiritum,</strong></span> <span class='ocrx_word' id='word_1_389' title='bbox 548 2518 635 2573; x_wconf 83' lang='lat' dir='ltr'><strong>alteri</strong></span> <span class='ocrx_word' id='word_1_390' title='bbox 643 2517 712 2587; x_wconf 75' lang='lat' dir='ltr'><strong>fides</strong></span> <span class='ocrx_word' id='word_1_391' title='bbox 729 2519 760 2572; x_wconf 92' lang='lat' dir='ltr'><strong>in</strong></span> <span class='ocrx_word' id='word_1_392' title='bbox 772 2517 866 2574; x_wconf 87' lang='lat' dir='ltr'><strong>eadem</strong></span> <span class='ocrx_word' id='word_1_393' title='bbox 877 2517 970 2589; x_wconf 89' lang='lat' dir='ltr'><strong>Spiri-</strong></span> <span class='ocrx_word' id='word_1_394' title='bbox 1021 2513 1047 2568; x_wconf 94' lang='lat' dir='ltr'><strong>id</strong></span> <span class='ocrx_word' id='word_1_395' title='bbox 1064 2519 1105 2568; x_wconf 89' lang='lat' dir='ltr'><strong>est</strong></span> <span class='ocrx_word' id='word_1_396' title='bbox 1120 2514 1216 2586; x_wconf 88' lang='lat' dir='ltr'><strong>gratia,</strong></span> <span class='ocrx_word' id='word_1_397' title='bbox 1233 2531 1282 2585; x_wconf 91' lang='lat' dir='ltr'><strong>per</strong></span> <span class='ocrx_word' id='word_1_398' title='bbox 1305 2531 1387 2586; x_wconf 91' lang='lat' dir='ltr'><strong>quam</strong></span> <span class='ocrx_word' id='word_1_399' title='bbox 1400 2523 1476 2586; x_wconf 90' lang='lat' dir='ltr'><strong>patet</strong></span> <span class='ocrx_word' id='word_1_400' title='bbox 1497 2517 1611 2589; x_wconf 89' lang='lat' dir='ltr'><strong>quadiu</strong></span> <span class='ocrx_word' id='word_1_401' title='bbox 1624 2532 1658 2574; x_wconf 90' lang='lat' dir='ltr'><strong>eo</strong></span> <span class='ocrx_word' id='word_1_402' title='bbox 1677 2527 1720 2574; x_wconf 87' lang='lat' dir='ltr'><strong>est</strong></span> <span class='ocrx_word' id='word_1_403' title='bbox 1735 2519 1826 2590; x_wconf 89' lang='lat' dir='ltr'><strong>Spiri-</strong></span> 
     </span>
     <span class='ocr_line' id='line_1_28' title="bbox 171 2603 1826 2679; baseline 0 -17"><span class='ocrx_word' id='word_1_404' title='bbox 171 2609 212 2673; x_wconf 89' lang='lat' dir='ltr'><strong>tu,</strong></span> <span class='ocrx_word' id='word_1_405' title='bbox 224 2605 550 2676; x_wconf 80' lang='lat' dir='ltr'><strong>aliiprutiasuuitatum</strong></span> <span class='ocrx_word' id='word_1_406' title='bbox 561 2606 592 2660; x_wconf 86' lang='lat' dir='ltr'><strong>in</strong></span> <span class='ocrx_word' id='word_1_407' title='bbox 609 2622 665 2661; x_wconf 90' lang='lat' dir='ltr'><strong>una</strong></span> <span class='ocrx_word' id='word_1_408' title='bbox 675 2606 795 2678; x_wconf 88' lang='lat' dir='ltr'><strong>Spiritu,</strong></span> <span class='ocrx_word' id='word_1_409' title='bbox 808 2605 860 2661; x_wconf 87' lang='lat' dir='ltr'><strong>aiii</strong></span> <span class='ocrx_word' id='word_1_410' title='bbox 869 2621 971 2678; x_wconf 90' lang='lat' dir='ltr'><strong>opera·</strong></span> <span class='ocrx_word' id='word_1_411' title='bbox 1020 2607 1064 2656; x_wconf 90' lang='lat' dir='ltr'><strong>tus</strong></span> <span class='ocrx_word' id='word_1_412' title='bbox 1078 2608 1197 2657; x_wconf 89' lang='lat' dir='ltr'><strong>sanctus.</strong></span> <span class='ocrx_word' id='word_1_413' title='bbox 1213 2603 1255 2658; x_wconf 80' lang='lat' dir='ltr'><strong>aa</strong></span> <span class='ocrx_word' id='word_1_414' title='bbox 1268 2605 1426 2660; x_wconf 87' lang='lat' dir='ltr'><strong>utilitatem</strong></span> <span class='ocrx_word' id='word_1_415' title='bbox 1442 2605 1582 2671; x_wconf 76' lang='lat' dir='ltr'><strong>Ecclesiae,</strong></span> <span class='ocrx_word' id='word_1_416' title='bbox 1595 2607 1660 2679; x_wconf 86' lang='lat' dir='ltr'><strong>quia</strong></span> <span class='ocrx_word' id='word_1_417' title='bbox 1673 2607 1757 2662; x_wconf 90' lang='lat' dir='ltr'><strong>etiam</strong></span> <span class='ocrx_word' id='word_1_418' title='bbox 1774 2608 1826 2662; x_wconf 91' lang='lat' dir='ltr'><strong>rni-</strong></span> 
     </span>
     <span class='ocr_line' id='line_1_29' title="bbox 171 2689 1824 2767; baseline 0.001 -17"><span class='ocrx_word' id='word_1_419' title='bbox 171 2694 210 2750; x_wconf 89' lang='lat' dir='ltr'><strong>tia</strong></span> <span class='ocrx_word' id='word_1_420' title='bbox 227 2694 377 2759; x_wconf 88' lang='lat' dir='ltr'><strong>virtutum,</strong></span> <span class='ocrx_word' id='word_1_421' title='bbox 403 2693 454 2748; x_wconf 87' lang='lat' dir='ltr'><strong>alit</strong></span> <span class='ocrx_word' id='word_1_422' title='bbox 473 2694 631 2766; x_wconf 85' lang='lat' dir='ltr'><strong>prophetia,</strong></span> <span class='ocrx_word' id='word_1_423' title='bbox 650 2695 703 2749; x_wconf 86' lang='lat' dir='ltr'><strong>alii</strong></span> <span class='ocrx_word' id='word_1_424' title='bbox 727 2694 859 2750; x_wconf 82' lang='lat' dir='ltr'><strong>discretio</strong></span> <span class='ocrx_word' id='word_1_425' title='bbox 884 2694 971 2766; x_wconf 85' lang='lat' dir='ltr'><strong>spiri·</strong></span> <span class='ocrx_word' id='word_1_426' title='bbox 1021 2704 1072 2757; x_wconf 83' lang='lat' dir='ltr'><strong>nor</strong></span> <span class='ocrx_word' id='word_1_427' title='bbox 1085 2689 1130 2761; x_wconf 87' lang='lat' dir='ltr'><strong>qui</strong></span> <span class='ocrx_word' id='word_1_428' title='bbox 1154 2691 1243 2745; x_wconf 88' lang='lat' dir='ltr'><strong>estin</strong></span> <span class='ocrx_word' id='word_1_429' title='bbox 1264 2707 1295 2746; x_wconf 92' lang='lat' dir='ltr'><strong>ea</strong></span> <span class='ocrx_word' id='word_1_430' title='bbox 1326 2693 1438 2763; x_wconf 88' lang='lat' dir='ltr'><strong>prodest</strong></span> <span class='ocrx_word' id='word_1_431' title='bbox 1466 2693 1533 2764; x_wconf 80' lang='grc'>(69).</span> <span class='ocrx_word' id='word_1_432' title='bbox 1561 2695 1630 2749; x_wconf 84' lang='lat' dir='ltr'><strong>Nota</strong></span> <span class='ocrx_word' id='word_1_433' title='bbox 1646 2696 1720 2767; x_wconf 87' lang='lat' dir='ltr'><strong>quad</strong></span> <span class='ocrx_word' id='word_1_434' title='bbox 1735 2697 1824 2762; x_wconf 86' lang='lat' dir='ltr'><strong>Deus,</strong></span> 
     </span>
     <span class='ocr_line' id='line_1_30' title="bbox 171 2779 1824 2855; baseline 0.001 -18"><span class='ocrx_word' id='word_1_435' title='bbox 171 2785 262 2846; x_wconf 91' lang='lat' dir='ltr'><strong>tuum,</strong></span> <span class='ocrx_word' id='word_1_436' title='bbox 283 2781 336 2836; x_wconf 88' lang='lat' dir='ltr'><strong>alii</strong></span> <span class='ocrx_word' id='word_1_437' title='bbox 358 2795 463 2852; x_wconf 77' lang='lat' dir='ltr'><strong>penem</strong></span> <span class='ocrx_word' id='word_1_438' title='bbox 487 2781 660 2854; x_wconf 74' lang='lat' dir='ltr'><strong>linguarum,</strong></span> <span class='ocrx_word' id='word_1_439' title='bbox 683 2781 737 2837; x_wconf 86' lang='lat' dir='ltr'><strong>aiii</strong></span> <span class='ocrx_word' id='word_1_440' title='bbox 769 2783 971 2855; x_wconf 81' lang='lat' dir='ltr'><strong>interpretatio</strong></span> <span class='ocrx_word' id='word_1_441' title='bbox 1021 2793 1082 2835; x_wconf 92' lang='lat' dir='ltr'><strong>cum</strong></span> <span class='ocrx_word' id='word_1_442' title='bbox 1099 2779 1132 2833; x_wconf 93' lang='lat' dir='ltr'><strong>sit</strong></span> <span class='ocrx_word' id='word_1_443' title='bbox 1147 2787 1239 2834; x_wconf 89' lang='lat' dir='ltr'><strong>natura</strong></span> <span class='ocrx_word' id='word_1_444' title='bbox 1253 2779 1415 2852; x_wconf 90' lang='lat' dir='ltr'><strong>incorporea</strong></span> <span class='ocrx_word' id='word_1_445' title='bbox 1430 2790 1456 2837; x_wconf 90' lang='lat' dir='ltr'><strong>et</strong></span> <span class='ocrx_word' id='word_1_446' title='bbox 1477 2782 1733 2839; x_wconf 88' lang='lat' dir='ltr'><strong>incommutabiliter</strong></span> <span class='ocrx_word' id='word_1_447' title='bbox 1749 2785 1824 2850; x_wconf 80' lang='lat' dir='ltr'><strong>viva,</strong></span> 
     </span>
     <span class='ocr_line' id='line_1_31' title="bbox 171 2868 1827 2942; baseline 0.002 -15"><span class='ocrx_word' id='word_1_448' title='bbox 171 2884 343 2928; x_wconf 73' lang='lat' dir='ltr'><strong>tentanum.</strong></span> <span class='ocrx_word' id='word_1_449' title='bbox 1020 2875 1123 2924; x_wconf 79' lang='lat' dir='ltr'><strong>aeterna</strong></span> <span class='ocrx_word' id='word_1_450' title='bbox 1152 2868 1296 2925; x_wconf 87' lang='lat' dir='ltr'><strong>stabilitate</strong></span> <span class='ocrx_word' id='word_1_451' title='bbox 1322 2870 1351 2924; x_wconf 94' lang='lat' dir='ltr'><strong>in</strong></span> <span class='ocrx_word' id='word_1_452' title='bbox 1379 2871 1470 2942; x_wconf 90' lang='lat' dir='ltr'><strong>seipso</strong></span> <span class='ocrx_word' id='word_1_453' title='bbox 1494 2887 1620 2938; x_wconf 88' lang='lat' dir='ltr'><strong>manens,</strong></span> <span class='ocrx_word' id='word_1_454' title='bbox 1646 2881 1718 2928; x_wconf 91' lang='lat' dir='ltr'><strong>totus</strong></span> <span class='ocrx_word' id='word_1_455' title='bbox 1745 2875 1827 2931; x_wconf 85' lang='lat' dir='ltr'><strong>adest</strong></span> 
     </span>
    </p>
   </div>
   <div class='ocr_carea' id='block_1_5' title="bbox 205 2956 1930 3034">
    <p class='ocr_par' dir='ltr' id='par_1_6' title="bbox 205 2956 1930 3034">
     <span class='ocr_line' id='line_1_32' title="bbox 205 2956 1930 3034; baseline 0.003 -20"><span class='ocrx_word' id='word_1_456' title='bbox 205 2958 368 3024; x_wconf 81' lang='lat' dir='ltr'><strong>Diuisioucs,</strong></span> <span class='ocrx_word' id='word_1_457' title='bbox 394 2965 445 3015; x_wconf 88' lang='lat' dir='ltr'><strong>etc.</strong></span> <span class='ocrx_word' id='word_1_458' title='bbox 463 2957 608 3014; x_wconf 73' lang='lat' dir='ltr'><strong>l’raemisso</strong></span> <span class='ocrx_word' id='word_1_459' title='bbox 631 2958 705 3015; x_wconf 87' lang='lat' dir='ltr'><strong>lonte</strong></span> <span class='ocrx_word' id='word_1_460' title='bbox 729 2959 880 3033; x_wconf 83' lang='lat' dir='ltr'><strong>gratiarum</strong></span> <span class='ocrx_word' id='word_1_461' title='bbox 896 2959 970 3031; x_wconf 89' lang='lat' dir='ltr'><strong>ipsas</strong></span> <span class='ocrx_word' id='word_1_462' title='bbox 1020 2956 1105 3013; x_wconf 90' lang='lat' dir='ltr'><strong>rebus</strong></span> <span class='ocrx_word' id='word_1_463' title='bbox 1120 2958 1255 3026; x_wconf 88' lang='lat' dir='ltr'><strong>omnibus,</strong></span> <span class='ocrx_word' id='word_1_464' title='bbox 1272 2966 1298 3014; x_wconf 91' lang='lat' dir='ltr'><strong>et</strong></span> <span class='ocrx_word' id='word_1_465' title='bbox 1313 2959 1429 3031; x_wconf 90' lang='lat' dir='ltr'><strong>singulis</strong></span> <span class='ocrx_word' id='word_1_466' title='bbox 1445 2967 1527 3028; x_wconf 89' lang='lat' dir='ltr'><strong>totus,</strong></span> <span class='ocrx_word' id='word_1_467' title='bbox 1545 2961 1635 3017; x_wconf 89' lang='lat' dir='ltr'><strong>sedin</strong></span> <span class='ocrx_word' id='word_1_468' title='bbox 1655 2961 1756 3034; x_wconf 84' lang='lat' dir='ltr'><strong>quibus</strong></span> <span class='ocrx_word' id='word_1_469' title='bbox 1771 2965 1826 3018; x_wconf 85' lang='lat' dir='ltr'><strong>ha·</strong></span> <span class='ocrx_word' id='word_1_470' title='bbox 1929 3013 1930 3020; x_wconf 72' lang='grc'>,</span> 
     </span>
    </p>
   </div>
   <div class='ocr_carea' id='block_1_6' title="bbox 169 3045 1823 3122">
    <p class='ocr_par' dir='ltr' id='par_1_7' title="bbox 169 3045 1930 3126">
     <span class='ocr_line' id='line_1_33' title="bbox 169 3045 1823 3122; baseline 0.002 -19"><span class='ocrx_word' id='word_1_471' title='bbox 169 3046 272 3122; x_wconf 82' lang='lat' dir='ltr'><strong>gratias</strong></span> <span class='ocrx_word' id='word_1_472' title='bbox 286 3046 387 3102; x_wconf 90' lang='lat' dir='ltr'><strong>divisas</strong></span> <span class='ocrx_word' id='word_1_473' title='bbox 401 3047 527 3103; x_wconf 88' lang='lat' dir='ltr'><strong>ostendit.</strong></span> <span class='ocrx_word' id='word_1_474' title='bbox 546 3045 631 3116; x_wconf 88' lang='lat' dir='ltr'><strong>Quasi</strong></span> <span class='ocrx_word' id='word_1_475' title='bbox 655 3049 726 3105; x_wconf 91' lang='lat' dir='ltr'><strong>dicat</strong></span> <span class='ocrx_word' id='word_1_476' title='bbox 743 3049 823 3105; x_wconf 88' lang='lat' dir='ltr'><strong>:lloc</strong></span> <span class='ocrx_word' id='word_1_477' title='bbox 837 3056 878 3104; x_wconf 90' lang='lat' dir='ltr'><strong>est</strong></span> <span class='ocrx_word' id='word_1_478' title='bbox 891 3065 969 3104; x_wconf 85' lang='lat' dir='ltr'><strong>com·</strong></span> <span class='ocrx_word' id='word_1_479' title='bbox 1020 3046 1093 3116; x_wconf 89' lang='lat' dir='ltr'><strong>bitat,</strong></span> <span class='ocrx_word' id='word_1_480' title='bbox 1116 3047 1217 3103; x_wconf 90' lang='lat' dir='ltr'><strong>babent</strong></span> <span class='ocrx_word' id='word_1_481' title='bbox 1238 3063 1299 3103; x_wconf 88' lang='lat' dir='ltr'><strong>eum</strong></span> <span class='ocrx_word' id='word_1_482' title='bbox 1322 3065 1373 3120; x_wconf 90' lang='lat' dir='ltr'><strong>pro</strong></span> <span class='ocrx_word' id='word_1_483' title='bbox 1397 3066 1453 3105; x_wconf 82' lang='lat' dir='ltr'><strong>suae</strong></span> <span class='ocrx_word' id='word_1_484' title='bbox 1475 3049 1630 3121; x_wconf 86' lang='lat' dir='ltr'><strong>capacitatis</strong></span> <span class='ocrx_word' id='word_1_485' title='bbox 1653 3051 1823 3118; x_wconf 80' lang='lat' dir='ltr'><strong>diversitate,</strong></span> 
     </span>
    </p>
   </div>
   <div class='ocr_carea' id='block_1_7' title="bbox 164 3135 1827 4454">
    <p class='ocr_par' dir='ltr' id='par_1_8' title="bbox 164 3135 1827 4454">
     <span class='ocr_line' id='line_1_34' title="bbox 169 3135 1824 3210; baseline 0.003 -19"><span class='ocrx_word' id='word_1_486' title='bbox 169 3151 251 3191; x_wconf 91' lang='lat' dir='ltr'><strong>mune</strong></span> <span class='ocrx_word' id='word_1_487' title='bbox 266 3135 392 3192; x_wconf 91' lang='lat' dir='ltr'><strong>omnibus</strong></span> <span class='ocrx_word' id='word_1_488' title='bbox 416 3136 490 3209; x_wconf 89' lang='lat' dir='ltr'><strong>quod</strong></span> <span class='ocrx_word' id='word_1_489' title='bbox 513 3153 595 3192; x_wconf 90' lang='lat' dir='ltr'><strong>nemo</strong></span> <span class='ocrx_word' id='word_1_490' title='bbox 606 3144 695 3208; x_wconf 87' lang='lat' dir='ltr'><strong>potest</strong></span> <span class='ocrx_word' id='word_1_491' title='bbox 716 3137 803 3193; x_wconf 88' lang='lat' dir='ltr'><strong>vitare</strong></span> <span class='ocrx_word' id='word_1_492' title='bbox 826 3137 928 3193; x_wconf 88' lang='lat' dir='ltr'><strong>malurn</strong></span> <span class='ocrx_word' id='word_1_493' title='bbox 943 3145 970 3194; x_wconf 88' lang='lat' dir='ltr'><strong>et</strong></span> <span class='ocrx_word' id='word_1_494' title='bbox 1020 3135 1064 3189; x_wconf 91' lang='lat' dir='ltr'><strong>alii</strong></span> <span class='ocrx_word' id='word_1_495' title='bbox 1079 3136 1151 3207; x_wconf 92' lang='lat' dir='ltr'><strong>plus,</strong></span> <span class='ocrx_word' id='word_1_496' title='bbox 1167 3135 1213 3190; x_wconf 88' lang='lat' dir='ltr'><strong>alii</strong></span> <span class='ocrx_word' id='word_1_497' title='bbox 1237 3136 1337 3207; x_wconf 90' lang='lat' dir='ltr'><strong>minus,</strong></span> <span class='ocrx_word' id='word_1_498' title='bbox 1365 3152 1432 3210; x_wconf 87' lang='lat' dir='ltr'><strong>qrros</strong></span> <span class='ocrx_word' id='word_1_499' title='bbox 1456 3139 1515 3210; x_wconf 91' lang='lat' dir='ltr'><strong>ipse</strong></span> <span class='ocrx_word' id='word_1_500' title='bbox 1541 3139 1591 3194; x_wconf 90' lang='lat' dir='ltr'><strong>sibi</strong></span> <span class='ocrx_word' id='word_1_501' title='bbox 1615 3139 1824 3196; x_wconf 89' lang='lat' dir='ltr'><strong>dilectissimum</strong></span> 
     </span>
     <span class='ocr_line' id='line_1_35' title="bbox 168 3221 1825 3301; baseline 0.004 -23"><span class='ocrx_word' id='word_1_502' title='bbox 168 3221 257 3280; x_wconf 85' lang='lat' dir='ltr'><strong>lacere</strong></span> <span class='ocrx_word' id='word_1_503' title='bbox 286 3224 387 3280; x_wconf 90' lang='lat' dir='ltr'><strong>bonum</strong></span> <span class='ocrx_word' id='word_1_504' title='bbox 414 3224 467 3280; x_wconf 89' lang='lat' dir='ltr'><strong>nisi</strong></span> <span class='ocrx_word' id='word_1_505' title='bbox 495 3241 546 3296; x_wconf 92' lang='lat' dir='ltr'><strong>per</strong></span> <span class='ocrx_word' id='word_1_506' title='bbox 571 3225 708 3297; x_wconf 89' lang='lat' dir='ltr'><strong>Spiritum.</strong></span> <span class='ocrx_word' id='word_1_507' title='bbox 740 3225 795 3281; x_wconf 87' lang='lat' dir='ltr'><strong>Sed</strong></span> <span class='ocrx_word' id='word_1_508' title='bbox 821 3226 970 3283; x_wconf 88' lang='lat' dir='ltr'><strong>divisiones</strong></span> <span class='ocrx_word' id='word_1_509' title='bbox 1020 3224 1150 3295; x_wconf 90' lang='lat' dir='ltr'><strong>templum</strong></span> <span class='ocrx_word' id='word_1_510' title='bbox 1172 3224 1260 3298; x_wconf 88' lang='lat' dir='ltr'><strong>gratia</strong></span> <span class='ocrx_word' id='word_1_511' title='bbox 1284 3242 1341 3281; x_wconf 78' lang='lat' dir='ltr'><strong>sure</strong></span> <span class='ocrx_word' id='word_1_512' title='bbox 1364 3227 1491 3282; x_wconf 90' lang='lat' dir='ltr'><strong>honitatis</strong></span> <span class='ocrx_word' id='word_1_513' title='bbox 1513 3227 1637 3295; x_wconf 73' lang='lat' dir='ltr'><strong>edificat,</strong></span> <span class='ocrx_word' id='word_1_514' title='bbox 1663 3228 1698 3284; x_wconf 91' lang='lat' dir='ltr'><strong>de</strong></span> <span class='ocrx_word' id='word_1_515' title='bbox 1722 3230 1825 3301; x_wconf 89' lang='lat' dir='ltr'><strong>quibus</strong></span> 
     </span>
     <span class='ocr_line' id='line_1_36' title="bbox 167 3312 1826 3391; baseline 0.005 -25"><span class='ocrx_word' id='word_1_516' title='bbox 167 3313 326 3384; x_wconf 88' lang='lat' dir='ltr'><strong>gratiarum,</strong></span> <span class='ocrx_word' id='word_1_517' title='bbox 355 3312 383 3368; x_wconf 92' lang='lat' dir='ltr'><strong>id</strong></span> <span class='ocrx_word' id='word_1_518' title='bbox 411 3320 453 3369; x_wconf 90' lang='lat' dir='ltr'><strong>cst</strong></span> <span class='ocrx_word' id='word_1_519' title='bbox 476 3313 571 3386; x_wconf 77' lang='lat' dir='ltr'><strong>gratiae</strong></span> <span class='ocrx_word' id='word_1_520' title='bbox 592 3314 686 3370; x_wconf 83' lang='lat' dir='ltr'><strong>divisae</strong></span> <span class='ocrx_word' id='word_1_521' title='bbox 710 3320 782 3369; x_wconf 88' lang='lat' dir='ltr'><strong>sunt.</strong></span> <span class='ocrx_word' id='word_1_522' title='bbox 816 3315 878 3371; x_wconf 89' lang='lat' dir='ltr'><strong>Non</strong></span> <span class='ocrx_word' id='word_1_523' title='bbox 901 3331 969 3389; x_wconf 84' lang='lat' dir='ltr'><strong>ergo</strong></span> <span class='ocrx_word' id='word_1_524' title='bbox 1020 3312 1177 3385; x_wconf 88' lang='lat' dir='ltr'><strong>exsequitur</strong></span> <span class='ocrx_word' id='word_1_525' title='bbox 1193 3314 1340 3385; x_wconf 84' lang='lat' dir='ltr'><strong>Apostolus</strong></span> <span class='ocrx_word' id='word_1_526' title='bbox 1354 3331 1403 3386; x_wconf 89' lang='lat' dir='ltr'><strong>per</strong></span> <span class='ocrx_word' id='word_1_527' title='bbox 1424 3323 1516 3387; x_wconf 89' lang='lat' dir='ltr'><strong>partes</strong></span> <span class='ocrx_word' id='word_1_528' title='bbox 1537 3316 1724 3374; x_wconf 89' lang='lat' dir='ltr'><strong>determinans</strong></span> <span class='ocrx_word' id='word_1_529' title='bbox 1748 3321 1826 3391; x_wconf 89' lang='lat' dir='ltr'><strong>quod</strong></span> 
     </span>
     <span class='ocr_line' id='line_1_37' title="bbox 168 3400 1823 3478; baseline 0.005 -23"><span class='ocrx_word' id='word_1_530' title='bbox 168 3400 259 3455; x_wconf 90' lang='lat' dir='ltr'><strong>minor</strong></span> <span class='ocrx_word' id='word_1_531' title='bbox 282 3401 419 3472; x_wconf 87' lang='lat' dir='ltr'><strong>desperet,</strong></span> <span class='ocrx_word' id='word_1_532' title='bbox 444 3417 495 3458; x_wconf 92' lang='lat' dir='ltr'><strong>nec</strong></span> <span class='ocrx_word' id='word_1_533' title='bbox 519 3402 606 3472; x_wconf 87' lang='lat' dir='ltr'><strong>major</strong></span> <span class='ocrx_word' id='word_1_534' title='bbox 629 3403 778 3474; x_wconf 84' lang='lat' dir='ltr'><strong>superbiat,</strong></span> <span class='ocrx_word' id='word_1_535' title='bbox 807 3401 871 3458; x_wconf 93' lang='lat' dir='ltr'><strong>dum</strong></span> <span class='ocrx_word' id='word_1_536' title='bbox 894 3405 970 3459; x_wconf 90' lang='lat' dir='ltr'><strong>audit</strong></span> <span class='ocrx_word' id='word_1_537' title='bbox 1020 3401 1135 3456; x_wconf 88' lang='lat' dir='ltr'><strong>dixerat.</strong></span> <span class='ocrx_word' id='word_1_538' title='bbox 1151 3403 1210 3458; x_wconf 82' lang='lat' dir='ltr'><strong>Alii</strong></span> <span class='ocrx_word' id='word_1_539' title='bbox 1229 3403 1341 3475; x_wconf 86' lang='lat' dir='ltr'><strong>quidem</strong></span> <span class='ocrx_word' id='word_1_540' title='bbox 1363 3421 1415 3477; x_wconf 87' lang='lat' dir='ltr'><strong>per</strong></span> <span class='ocrx_word' id='word_1_541' title='bbox 1437 3405 1585 3477; x_wconf 86' lang='lat' dir='ltr'><strong>Spiritum,</strong></span> <span class='ocrx_word' id='word_1_542' title='bbox 1603 3422 1657 3462; x_wconf 90' lang='lat' dir='ltr'><strong>non</strong></span> <span class='ocrx_word' id='word_1_543' title='bbox 1672 3409 1823 3478; x_wconf 86' lang='lat' dir='ltr'><strong>permeri-</strong></span> 
     </span>
     <span class='ocr_line' id='line_1_38' title="bbox 170 3487 1825 3566; baseline 0.005 -23"><span class='ocrx_word' id='word_1_544' title='bbox 170 3487 282 3562; x_wconf 83' lang='lat' dir='ltr'><strong>gratias.</strong></span> <span class='ocrx_word' id='word_1_545' title='bbox 299 3487 408 3544; x_wconf 88' lang='lat' dir='ltr'><strong>Gratias</strong></span> <span class='ocrx_word' id='word_1_546' title='bbox 423 3497 512 3546; x_wconf 90' lang='lat' dir='ltr'><strong>autem</strong></span> <span class='ocrx_word' id='word_1_547' title='bbox 525 3490 569 3546; x_wconf 91' lang='lat' dir='ltr'><strong>hic</strong></span> <span class='ocrx_word' id='word_1_548' title='bbox 592 3491 712 3563; x_wconf 90' lang='lat' dir='ltr'><strong>appellat</strong></span> <span class='ocrx_word' id='word_1_549' title='bbox 726 3491 850 3548; x_wconf 89' lang='lat' dir='ltr'><strong>diversos</strong></span> <span class='ocrx_word' id='word_1_550' title='bbox 866 3493 969 3566; x_wconf 87' lang='lat' dir='ltr'><strong>gradus</strong></span> <span class='ocrx_word' id='word_1_551' title='bbox 1019 3497 1086 3558; x_wconf 89' lang='lat' dir='ltr'><strong>tum,</strong></span> <span class='ocrx_word' id='word_1_552' title='bbox 1104 3489 1193 3545; x_wconf 86' lang='lat' dir='ltr'><strong>datur</strong></span> <span class='ocrx_word' id='word_1_553' title='bbox 1208 3507 1299 3548; x_wconf 78' lang='lat' dir='ltr'><strong>scruta</strong></span> <span class='ocrx_word' id='word_1_554' title='bbox 1318 3493 1478 3564; x_wconf 78' lang='lat' dir='ltr'><strong>sapientire,</strong></span> <span class='ocrx_word' id='word_1_555' title='bbox 1508 3495 1561 3549; x_wconf 89' lang='lat' dir='ltr'><strong>alii</strong></span> <span class='ocrx_word' id='word_1_556' title='bbox 1580 3511 1672 3551; x_wconf 81' lang='lat' dir='ltr'><strong>semna</strong></span> <span class='ocrx_word' id='word_1_557' title='bbox 1691 3497 1825 3552; x_wconf 74' lang='lat' dir='ltr'><strong>scientim</strong></span> 
     </span>
     <span class='ocr_line' id='line_1_39' title="bbox 169 3575 1825 3656; baseline 0.004 -24"><span class='ocrx_word' id='word_1_558' title='bbox 169 3584 196 3632; x_wconf 88' lang='lat' dir='ltr'><strong>et</strong></span> <span class='ocrx_word' id='word_1_559' title='bbox 211 3575 320 3634; x_wconf 86' lang='lat' dir='ltr'><strong>ordines</strong></span> <span class='ocrx_word' id='word_1_560' title='bbox 337 3578 383 3650; x_wconf 90' lang='lat' dir='ltr'><strong>qui</strong></span> <span class='ocrx_word' id='word_1_561' title='bbox 398 3585 461 3633; x_wconf 90' lang='lat' dir='ltr'><strong>sunt</strong></span> <span class='ocrx_word' id='word_1_562' title='bbox 479 3577 507 3633; x_wconf 93' lang='lat' dir='ltr'><strong>in</strong></span> <span class='ocrx_word' id='word_1_563' title='bbox 520 3577 615 3635; x_wconf 85' lang='lat' dir='ltr'><strong>officiis</strong></span> <span class='ocrx_word' id='word_1_564' title='bbox 630 3579 770 3637; x_wconf 85' lang='lat' dir='ltr'><strong>Ecclesiae.</strong></span> <span class='ocrx_word' id='word_1_565' title='bbox 787 3579 968 3655; x_wconf 80' lang='lat' dir='ltr'><strong>[hmbmsius]</strong></span> <span class='ocrx_word' id='word_1_566' title='bbox 1020 3579 1176 3634; x_wconf 84' lang='lat' dir='ltr'><strong>secundum</strong></span> <span class='ocrx_word' id='word_1_567' title='bbox 1187 3579 1316 3636; x_wconf 89' lang='lat' dir='ltr'><strong>eumdem</strong></span> <span class='ocrx_word' id='word_1_568' title='bbox 1326 3581 1475 3653; x_wconf 87' lang='lat' dir='ltr'><strong>Spiritum.</strong></span> <span class='ocrx_word' id='word_1_569' title='bbox 1488 3581 1825 3656; x_wconf 79' lang='lat' dir='ltr'><strong>(70)Distingueintersa-</strong></span> 
     </span>
     <span class='ocr_line' id='line_1_40' title="bbox 166 3665 1824 3744; baseline 0.003 -22"><span class='ocrx_word' id='word_1_570' title='bbox 166 3665 210 3722; x_wconf 91' lang='lat' dir='ltr'><strong>Sic</strong></span> <span class='ocrx_word' id='word_1_571' title='bbox 260 3666 333 3722; x_wconf 93' lang='lat' dir='ltr'><strong>enim</strong></span> <span class='ocrx_word' id='word_1_572' title='bbox 384 3667 430 3740; x_wconf 88' lang='lat' dir='ltr'><strong>qui</strong></span> <span class='ocrx_word' id='word_1_573' title='bbox 466 3665 532 3723; x_wconf 92' lang='lat' dir='ltr'><strong>dicit</strong></span> <span class='ocrx_word' id='word_1_574' title='bbox 566 3670 646 3724; x_wconf 84' lang='lat' dir='ltr'><strong>lesus</strong></span> <span class='ocrx_word' id='word_1_575' title='bbox 684 3676 710 3725; x_wconf 90' lang='lat' dir='ltr'><strong>et</strong></span> <span class='ocrx_word' id='word_1_576' title='bbox 747 3670 896 3738; x_wconf 88' lang='lat' dir='ltr'><strong>Dominus,</strong></span> <span class='ocrx_word' id='word_1_577' title='bbox 935 3687 968 3726; x_wconf 92' lang='lat' dir='ltr'><strong>ex</strong></span> <span class='ocrx_word' id='word_1_578' title='bbox 1019 3667 1147 3738; x_wconf 89' lang='lat' dir='ltr'><strong>pientiam</strong></span> <span class='ocrx_word' id='word_1_579' title='bbox 1163 3675 1190 3723; x_wconf 89' lang='lat' dir='ltr'><strong>et</strong></span> <span class='ocrx_word' id='word_1_580' title='bbox 1205 3668 1357 3724; x_wconf 87' lang='lat' dir='ltr'><strong>scientiam.</strong></span> <span class='ocrx_word' id='word_1_581' title='bbox 1384 3669 1521 3741; x_wconf 89' lang='lat' dir='ltr'><strong>Sapientia</strong></span> <span class='ocrx_word' id='word_1_582' title='bbox 1546 3671 1627 3726; x_wconf 91' lang='lat' dir='ltr'><strong>estin</strong></span> <span class='ocrx_word' id='word_1_583' title='bbox 1650 3673 1824 3744; x_wconf 85' lang='lat' dir='ltr'><strong>contempla-</strong></span> 
     </span>
     <span class='ocr_line' id='line_1_41' title="bbox 166 3755 1826 3831; baseline 0.002 -21"><span class='ocrx_word' id='word_1_584' title='bbox 166 3755 254 3828; x_wconf 87' lang='lat' dir='ltr'><strong>gratia</strong></span> <span class='ocrx_word' id='word_1_585' title='bbox 268 3755 359 3825; x_wconf 90' lang='lat' dir='ltr'><strong>habet,</strong></span> <span class='ocrx_word' id='word_1_586' title='bbox 376 3755 415 3811; x_wconf 89' lang='lat' dir='ltr'><strong>ita</strong></span> <span class='ocrx_word' id='word_1_587' title='bbox 429 3756 456 3811; x_wconf 90' lang='lat' dir='ltr'><strong>in</strong></span> <span class='ocrx_word' id='word_1_588' title='bbox 476 3755 570 3812; x_wconf 90' lang='lat' dir='ltr'><strong>officiis</strong></span> <span class='ocrx_word' id='word_1_589' title='bbox 584 3757 726 3825; x_wconf 68' lang='lat' dir='ltr'><strong>aceresia,</strong></span> <span class='ocrx_word' id='word_1_590' title='bbox 743 3759 831 3830; x_wconf 86' lang='lat' dir='ltr'><strong>gratia</strong></span> <span class='ocrx_word' id='word_1_591' title='bbox 853 3767 894 3816; x_wconf 90' lang='grc' dir='ltr'><strong>εει</strong></span> <span class='ocrx_word' id='word_1_592' title='bbox 909 3773 969 3831; x_wconf 75' lang='lat' dir='ltr'><strong>qua</strong></span> <span class='ocrx_word' id='word_1_593' title='bbox 1019 3755 1091 3812; x_wconf 88' lang='lat' dir='ltr'><strong>tione</strong></span> <span class='ocrx_word' id='word_1_594' title='bbox 1106 3763 1279 3814; x_wconf 72' lang='lat' dir='ltr'><strong>aeternorum.</strong></span> <span class='ocrx_word' id='word_1_595' title='bbox 1294 3757 1330 3812; x_wconf 89' lang='lat' dir='ltr'><strong>Et</strong></span> <span class='ocrx_word' id='word_1_596' title='bbox 1344 3757 1408 3830; x_wconf 90' lang='lat' dir='ltr'><strong>quid</strong></span> <span class='ocrx_word' id='word_1_597' title='bbox 1424 3767 1466 3813; x_wconf 91' lang='grc' dir='ltr'><strong>εει</strong></span> <span class='ocrx_word' id='word_1_598' title='bbox 1482 3759 1509 3813; x_wconf 94' lang='lat' dir='ltr'><strong>in</strong></span> <span class='ocrx_word' id='word_1_599' title='bbox 1530 3760 1638 3815; x_wconf 87' lang='lat' dir='ltr'><strong>aetemis</strong></span> <span class='ocrx_word' id='word_1_600' title='bbox 1652 3761 1704 3815; x_wconf 90' lang='lat' dir='ltr'><strong>nisi</strong></span> <span class='ocrx_word' id='word_1_601' title='bbox 1720 3762 1826 3817; x_wconf 74' lang='lat' dir='ltr'><strong>Deus?</strong></span> 
     </span>
     <span class='ocr_line' id='line_1_42' title="bbox 166 3843 1825 3917; baseline 0.004 -18"><span class='ocrx_word' id='word_1_602' title='bbox 166 3860 222 3900; x_wconf 92' lang='lat' dir='ltr'><strong>non</strong></span> <span class='ocrx_word' id='word_1_603' title='bbox 245 3851 287 3900; x_wconf 92' lang='lat' dir='ltr'><strong>est</strong></span> <span class='ocrx_word' id='word_1_604' title='bbox 309 3843 398 3900; x_wconf 90' lang='lat' dir='ltr'><strong>divisa</strong></span> <span class='ocrx_word' id='word_1_605' title='bbox 425 3860 476 3917; x_wconf 91' lang='lat' dir='ltr'><strong>per</strong></span> <span class='ocrx_word' id='word_1_606' title='bbox 499 3852 554 3900; x_wconf 87' lang='lat' dir='ltr'><strong>tres</strong></span> <span class='ocrx_word' id='word_1_607' title='bbox 583 3861 724 3917; x_wconf 89' lang='lat' dir='ltr'><strong>personas,</strong></span> <span class='ocrx_word' id='word_1_608' title='bbox 750 3847 799 3903; x_wconf 90' lang='lat' dir='ltr'><strong>sed</strong></span> <span class='ocrx_word' id='word_1_609' title='bbox 822 3847 968 3904; x_wconf 87' lang='lat' dir='ltr'><strong>indiscrete</strong></span> <span class='ocrx_word' id='word_1_610' title='bbox 1019 3845 1096 3914; x_wconf 88' lang='lat' dir='ltr'><strong>cujus</strong></span> <span class='ocrx_word' id='word_1_611' title='bbox 1110 3843 1194 3900; x_wconf 89' lang='lat' dir='ltr'><strong>solius</strong></span> <span class='ocrx_word' id='word_1_612' title='bbox 1215 3845 1393 3901; x_wconf 90' lang='lat' dir='ltr'><strong>immutabilis</strong></span> <span class='ocrx_word' id='word_1_613' title='bbox 1418 3854 1458 3902; x_wconf 90' lang='lat' dir='ltr'><strong>est</strong></span> <span class='ocrx_word' id='word_1_614' title='bbox 1473 3855 1582 3903; x_wconf 88' lang='lat' dir='ltr'><strong>natura.</strong></span> <span class='ocrx_word' id='word_1_615' title='bbox 1611 3849 1729 3904; x_wconf 88' lang='lat' dir='ltr'><strong>Scientia</strong></span> <span class='ocrx_word' id='word_1_616' title='bbox 1753 3867 1825 3906; x_wconf 88' lang='lat' dir='ltr'><strong>vero</strong></span> 
     </span>
     <span class='ocr_line' id='line_1_43' title="bbox 166 3932 1825 4011; baseline 0.004 -23"><span class='ocrx_word' id='word_1_617' title='bbox 166 3933 249 3988; x_wconf 88' lang='lat' dir='ltr'><strong>trium</strong></span> <span class='ocrx_word' id='word_1_618' title='bbox 273 3947 464 4005; x_wconf 89' lang='lat' dir='ltr'><strong>personarum,</strong></span> <span class='ocrx_word' id='word_1_619' title='bbox 481 3932 509 3989; x_wconf 89' lang='lat' dir='ltr'><strong>id</strong></span> <span class='ocrx_word' id='word_1_620' title='bbox 525 3941 566 3990; x_wconf 89' lang='lat' dir='ltr'><strong>est</strong></span> <span class='ocrx_word' id='word_1_621' title='bbox 591 3935 678 3990; x_wconf 88' lang='lat' dir='ltr'><strong>Patris</strong></span> <span class='ocrx_word' id='word_1_622' title='bbox 693 3943 720 3990; x_wconf 90' lang='lat' dir='ltr'><strong>et</strong></span> <span class='ocrx_word' id='word_1_623' title='bbox 735 3934 795 3990; x_wconf 85' lang='lat' dir='ltr'><strong>Filii</strong></span> <span class='ocrx_word' id='word_1_624' title='bbox 810 3944 837 3992; x_wconf 87' lang='lat' dir='ltr'><strong>et</strong></span> <span class='ocrx_word' id='word_1_625' title='bbox 851 3935 969 4008; x_wconf 88' lang='lat' dir='ltr'><strong>Spiritus</strong></span> <span class='ocrx_word' id='word_1_626' title='bbox 1019 3939 1060 3988; x_wconf 85' lang='lat' dir='ltr'><strong>est</strong></span> <span class='ocrx_word' id='word_1_627' title='bbox 1073 3932 1102 3988; x_wconf 89' lang='lat' dir='ltr'><strong>in</strong></span> <span class='ocrx_word' id='word_1_628' title='bbox 1115 3933 1223 3989; x_wconf 89' lang='lat' dir='ltr'><strong>actione</strong></span> <span class='ocrx_word' id='word_1_629' title='bbox 1239 3934 1439 4006; x_wconf 90' lang='lat' dir='ltr'><strong>temporalium.</strong></span> <span class='ocrx_word' id='word_1_630' title='bbox 1459 3937 1537 3992; x_wconf 88' lang='lat' dir='ltr'><strong>Unda</strong></span> <span class='ocrx_word' id='word_1_631' title='bbox 1552 3937 1602 3992; x_wconf 86' lang='lat' dir='ltr'><strong>lob</strong></span> <span class='ocrx_word' id='word_1_632' title='bbox 1620 3955 1626 3991; x_wconf 94' lang='lat'><strong>:</strong></span> <span class='ocrx_word' id='word_1_633' title='bbox 1641 3939 1710 3994; x_wconf 81' lang='lat' dir='ltr'><strong>Ecce</strong></span> <span class='ocrx_word' id='word_1_634' title='bbox 1723 3940 1825 4011; x_wconf 79' lang='lat' dir='ltr'><strong>pietas</strong></span> 
     </span>
     <span class='ocr_line' id='line_1_44' title="bbox 166 4021 1824 4098; baseline 0.005 -21"><span class='ocrx_word' id='word_1_635' title='bbox 166 4021 263 4088; x_wconf 88' lang='lat' dir='ltr'><strong>sancti,</strong></span> <span class='ocrx_word' id='word_1_636' title='bbox 280 4038 365 4077; x_wconf 91' lang='lat' dir='ltr'><strong>unum</strong></span> <span class='ocrx_word' id='word_1_637' title='bbox 388 4030 429 4078; x_wconf 89' lang='lat' dir='ltr'><strong>est</strong></span> <span class='ocrx_word' id='word_1_638' title='bbox 452 4037 531 4094; x_wconf 90' lang='lat' dir='ltr'><strong>opus,</strong></span> <span class='ocrx_word' id='word_1_639' title='bbox 549 4039 616 4095; x_wconf 89' lang='lat' dir='ltr'><strong>quas</strong></span> <span class='ocrx_word' id='word_1_640' title='bbox 639 4040 770 4095; x_wconf 89' lang='lat' dir='ltr'><strong>personas</strong></span> <span class='ocrx_word' id='word_1_641' title='bbox 794 4026 967 4098; x_wconf 89' lang='lat' dir='ltr'><strong>subsequen·</strong></span> <span class='ocrx_word' id='word_1_642' title='bbox 1019 4024 1062 4077; x_wconf 81' lang='lat' dir='ltr'><strong>cst</strong></span> <span class='ocrx_word' id='word_1_643' title='bbox 1083 4023 1236 4095; x_wconf 85' lang='lat' dir='ltr'><strong>sapientia,</strong></span> <span class='ocrx_word' id='word_1_644' title='bbox 1261 4023 1403 4079; x_wconf 84' lang='lat' dir='ltr'><strong>abstinere</strong></span> <span class='ocrx_word' id='word_1_645' title='bbox 1418 4041 1434 4079; x_wconf 92' lang='lat' dir='ltr'><strong>a</strong></span> <span class='ocrx_word' id='word_1_646' title='bbox 1449 4025 1534 4081; x_wconf 87' lang='lat' dir='ltr'><strong>malis</strong></span> <span class='ocrx_word' id='word_1_647' title='bbox 1557 4027 1677 4082; x_wconf 87' lang='lat' dir='ltr'><strong>scientia</strong></span> <span class='ocrx_word' id='word_1_648' title='bbox 1691 4031 1733 4082; x_wconf 83' lang='lat' dir='ltr'><strong>est</strong></span> <span class='ocrx_word' id='word_1_649' title='bbox 1747 4029 1824 4098; x_wconf 72' lang='lat' dir='ltr'><strong>(lob.</strong></span> 
     </span>
     <span class='ocr_line' id='line_1_45' title="bbox 165 4108 1826 4188; baseline 0.002 -22"><span class='ocrx_word' id='word_1_650' title='bbox 165 4119 207 4166; x_wconf 89' lang='lat' dir='ltr'><strong>ter</strong></span> <span class='ocrx_word' id='word_1_651' title='bbox 228 4108 366 4184; x_wconf 85' lang='lat' dir='ltr'><strong>significat</strong></span> <span class='ocrx_word' id='word_1_652' title='bbox 388 4126 438 4182; x_wconf 91' lang='lat' dir='ltr'><strong>per</strong></span> <span class='ocrx_word' id='word_1_653' title='bbox 458 4109 511 4166; x_wconf 89' lang='lat' dir='ltr'><strong>tria</strong></span> <span class='ocrx_word' id='word_1_654' title='bbox 534 4111 645 4167; x_wconf 90' lang='lat' dir='ltr'><strong>nomina</strong></span> <span class='ocrx_word' id='word_1_655' title='bbox 669 4129 730 4184; x_wconf 83' lang='lat' dir='ltr'><strong>quae</strong></span> <span class='ocrx_word' id='word_1_656' title='bbox 752 4114 837 4184; x_wconf 87' lang='lat' dir='ltr'><strong>ponit,</strong></span> <span class='ocrx_word' id='word_1_657' title='bbox 864 4114 969 4172; x_wconf 90' lang='lat' dir='ltr'><strong>scilicet</strong></span> <span class='ocrx_word' id='word_1_658' title='bbox 1018 4111 1133 4169; x_wconf 79' lang='lat' dir='ltr'><strong>xxvrul.</strong></span> <span class='ocrx_word' id='word_1_659' title='bbox 1150 4110 1278 4166; x_wconf 83' lang='lat' dir='ltr'><strong>Pietatem</strong></span> <span class='ocrx_word' id='word_1_660' title='bbox 1293 4111 1345 4167; x_wconf 88' lang='lat' dir='ltr'><strong>hoc</strong></span> <span class='ocrx_word' id='word_1_661' title='bbox 1368 4113 1429 4169; x_wconf 92' lang='lat' dir='ltr'><strong>loco</strong></span> <span class='ocrx_word' id='word_1_662' title='bbox 1445 4114 1535 4185; x_wconf 90' lang='lat' dir='ltr'><strong>posuit</strong></span> <span class='ocrx_word' id='word_1_663' title='bbox 1556 4113 1607 4169; x_wconf 88' lang='lat' dir='ltr'><strong>Dei</strong></span> <span class='ocrx_word' id='word_1_664' title='bbox 1622 4115 1732 4182; x_wconf 90' lang='lat' dir='ltr'><strong>cultum,</strong></span> <span class='ocrx_word' id='word_1_665' title='bbox 1758 4133 1826 4188; x_wconf 80' lang='lat' dir='ltr'><strong>qum</strong></span> 
     </span>
     <span class='ocr_line' id='line_1_46' title="bbox 166 4197 1827 4278; baseline 0.005 -26"><span class='ocrx_word' id='word_1_666' title='bbox 166 4198 294 4270; x_wconf 86' lang='lat' dir='ltr'><strong>Spiritus,</strong></span> <span class='ocrx_word' id='word_1_667' title='bbox 319 4198 463 4266; x_wconf 90' lang='lat' dir='ltr'><strong>Dominus,</strong></span> <span class='ocrx_word' id='word_1_668' title='bbox 487 4200 571 4256; x_wconf 91' lang='lat' dir='ltr'><strong>Deus.</strong></span> <span class='ocrx_word' id='word_1_669' title='bbox 588 4199 842 4275; x_wconf 76' lang='lat' dir='ltr'><strong>[Augustinus1llel</strong></span> <span class='ocrx_word' id='word_1_670' title='bbox 865 4205 967 4278; x_wconf 84' lang='lat' dir='ltr'><strong>gratias</strong></span> <span class='ocrx_word' id='word_1_671' title='bbox 1020 4197 1116 4255; x_wconf 84' lang='lat' dir='ltr'><strong>Graece</strong></span> <span class='ocrx_word' id='word_1_672' title='bbox 1140 4199 1236 4255; x_wconf 89' lang='lat' dir='ltr'><strong>dicitur</strong></span> <span class='ocrx_word' id='word_1_673' title='bbox 1258 4199 1406 4257; x_wconf 81' lang='lat' dir='ltr'><strong>theosebia.</strong></span> <span class='ocrx_word' id='word_1_674' title='bbox 1432 4201 1466 4257; x_wconf 85' lang='lat' dir='ltr'><strong>Et</strong></span> <span class='ocrx_word' id='word_1_675' title='bbox 1491 4203 1551 4273; x_wconf 88' lang='lat' dir='ltr'><strong>quis</strong></span> <span class='ocrx_word' id='word_1_676' title='bbox 1578 4202 1667 4259; x_wconf 89' lang='lat' dir='ltr'><strong>cultus</strong></span> <span class='ocrx_word' id='word_1_677' title='bbox 1689 4211 1740 4271; x_wconf 92' lang='lat' dir='ltr'><strong>est,</strong></span> <span class='ocrx_word' id='word_1_678' title='bbox 1767 4204 1827 4260; x_wconf 86' lang='lat' dir='ltr'><strong>nisi</strong></span> 
     </span>
     <span class='ocr_line' id='line_1_47' title="bbox 164 4285 1826 4364; baseline 0.004 -23"><span class='ocrx_word' id='word_1_679' title='bbox 164 4286 210 4344; x_wconf 88' lang='lat' dir='ltr'><strong>hie</strong></span> <span class='ocrx_word' id='word_1_680' title='bbox 238 4285 303 4343; x_wconf 87' lang='lat' dir='ltr'><strong>dicit</strong></span> <span class='ocrx_word' id='word_1_681' title='bbox 331 4286 405 4358; x_wconf 84' lang='lat' dir='ltr'><strong>ipses</strong></span> <span class='ocrx_word' id='word_1_682' title='bbox 429 4287 542 4343; x_wconf 89' lang='lat' dir='ltr'><strong>virtutes</strong></span> <span class='ocrx_word' id='word_1_683' title='bbox 566 4289 652 4362; x_wconf 87' lang='lat' dir='ltr'><strong>gratis</strong></span> <span class='ocrx_word' id='word_1_684' title='bbox 670 4305 685 4345; x_wconf 91' lang='lat' dir='ltr'><strong>a</strong></span> <span class='ocrx_word' id='word_1_685' title='bbox 706 4291 764 4346; x_wconf 91' lang='lat' dir='ltr'><strong>Deo</strong></span> <span class='ocrx_word' id='word_1_686' title='bbox 786 4291 873 4360; x_wconf 90' lang='lat' dir='ltr'><strong>datas,</strong></span> <span class='ocrx_word' id='word_1_687' title='bbox 898 4292 969 4350; x_wconf 89' lang='lat' dir='ltr'><strong>sicut</strong></span> <span class='ocrx_word' id='word_1_688' title='bbox 1018 4302 1097 4342; x_wconf 84' lang='lat' dir='ltr'><strong>umor</strong></span> <span class='ocrx_word' id='word_1_689' title='bbox 1119 4295 1145 4342; x_wconf 90' lang='grc' dir='ltr'><strong>ει</strong></span> <span class='ocrx_word' id='word_1_690' title='bbox 1175 4287 1294 4359; x_wconf 83' lang='lat' dir='ltr'><strong>cognitio</strong></span> <span class='ocrx_word' id='word_1_691' title='bbox 1317 4289 1398 4359; x_wconf 73' lang='lat' dir='ltr'><strong>ejus?</strong></span> <span class='ocrx_word' id='word_1_692' title='bbox 1413 4289 1529 4346; x_wconf 90' lang='lat' dir='ltr'><strong>Scientia</strong></span> <span class='ocrx_word' id='word_1_693' title='bbox 1553 4307 1619 4347; x_wconf 88' lang='lat' dir='ltr'><strong>vero</strong></span> <span class='ocrx_word' id='word_1_694' title='bbox 1647 4306 1728 4364; x_wconf 88' lang='lat' dir='ltr'><strong>quarn</strong></span> <span class='ocrx_word' id='word_1_695' title='bbox 1752 4291 1826 4349; x_wconf 81' lang='lat' dir='ltr'><strong>dixit</strong></span> 
     </span>
     <span class='ocr_line' id='line_1_48' title="bbox 165 4371 1827 4454; baseline 0.003 -25"><span class='ocrx_word' id='word_1_696' title='bbox 165 4373 258 4444; x_wconf 85' lang='lat' dir='ltr'><strong>tidem,</strong></span> <span class='ocrx_word' id='word_1_697' title='bbox 274 4391 351 4448; x_wconf 90' lang='lat' dir='ltr'><strong>spem</strong></span> <span class='ocrx_word' id='word_1_698' title='bbox 367 4381 393 4432; x_wconf 93' lang='grc' dir='ltr'><strong>ει</strong></span> <span class='ocrx_word' id='word_1_699' title='bbox 408 4376 573 4446; x_wconf 76' lang='lat' dir='ltr'><strong>huJusmodi.</strong></span> <span class='ocrx_word' id='word_1_700' title='bbox 589 4378 624 4432; x_wconf 87' lang='lat' dir='ltr'><strong>Et</strong></span> <span class='ocrx_word' id='word_1_701' title='bbox 638 4385 679 4434; x_wconf 89' lang='lat' dir='ltr'><strong>cst</strong></span> <span class='ocrx_word' id='word_1_702' title='bbox 694 4396 701 4432; x_wconf 92' lang='lat'><strong>:</strong></span> <span class='ocrx_word' id='word_1_703' title='bbox 719 4380 875 4436; x_wconf 83' lang='lat' dir='ltr'><strong>Diuisiaues</strong></span> <span class='ocrx_word' id='word_1_704' title='bbox 899 4371 1003 4454; x_wconf 75' lang='lat' dir='ltr'><strong>pra-D</strong></span> <span class='ocrx_word' id='word_1_705' title='bbox 1018 4391 1079 4431; x_wconf 89' lang='lat' dir='ltr'><strong>esse</strong></span> <span class='ocrx_word' id='word_1_706' title='bbox 1094 4375 1230 4432; x_wconf 85' lang='lat' dir='ltr'><strong>abstinere</strong></span> <span class='ocrx_word' id='word_1_707' title='bbox 1245 4392 1261 4432; x_wconf 89' lang='lat' dir='ltr'><strong>a</strong></span> <span class='ocrx_word' id='word_1_708' title='bbox 1276 4377 1366 4444; x_wconf 90' lang='lat' dir='ltr'><strong>malis,</strong></span> <span class='ocrx_word' id='word_1_709' title='bbox 1383 4395 1473 4433; x_wconf 90' lang='lat' dir='ltr'><strong>rerum</strong></span> <span class='ocrx_word' id='word_1_710' title='bbox 1495 4379 1685 4450; x_wconf 90' lang='lat' dir='ltr'><strong>proculdubio</strong></span> <span class='ocrx_word' id='word_1_711' title='bbox 1709 4389 1827 4453; x_wconf 89' lang='lat' dir='ltr'><strong>tempo-</strong></span> 
     </span>
    </p>
   </div>
   <div class='ocr_carea' id='block_1_8' title="bbox 166 4462 1930 4541">
    <p class='ocr_par' dir='ltr' id='par_1_9' title="bbox 166 4462 1930 4541">
     <span class='ocr_line' id='line_1_49' title="bbox 166 4462 1930 4541; baseline 0.004 -22"><span class='ocrx_word' id='word_1_712' title='bbox 166 4467 286 4529; x_wconf 87' lang='lat' dir='ltr'><strong>tiaram,</strong></span> <span class='ocrx_word' id='word_1_713' title='bbox 315 4462 344 4520; x_wconf 89' lang='lat' dir='ltr'><strong>id</strong></span> <span class='ocrx_word' id='word_1_714' title='bbox 371 4472 412 4520; x_wconf 90' lang='grc' dir='ltr'><strong>εει</strong></span> <span class='ocrx_word' id='word_1_715' title='bbox 439 4464 574 4521; x_wconf 89' lang='lat' dir='ltr'><strong>donorum</strong></span> <span class='ocrx_word' id='word_1_716' title='bbox 605 4466 720 4538; x_wconf 88' lang='lat' dir='ltr'><strong>Spiritus</strong></span> <span class='ocrx_word' id='word_1_717' title='bbox 743 4468 839 4538; x_wconf 89' lang='lat' dir='ltr'><strong>sancti,</strong></span> <span class='ocrx_word' id='word_1_718' title='bbox 865 4469 969 4527; x_wconf 81' lang='lat' dir='ltr'><strong>seilicet</strong></span> <span class='ocrx_word' id='word_1_719' title='bbox 1018 4463 1180 4535; x_wconf 88' lang='lat' dir='ltr'><strong>raliumest,</strong></span> <span class='ocrx_word' id='word_1_720' title='bbox 1198 4465 1260 4537; x_wconf 90' lang='lat' dir='ltr'><strong>quia</strong></span> <span class='ocrx_word' id='word_1_721' title='bbox 1279 4465 1307 4520; x_wconf 91' lang='lat' dir='ltr'><strong>in</strong></span> <span class='ocrx_word' id='word_1_722' title='bbox 1323 4467 1516 4538; x_wconf 89' lang='lat' dir='ltr'><strong>temporalibus</strong></span> <span class='ocrx_word' id='word_1_723' title='bbox 1540 4469 1611 4523; x_wconf 87' lang='lat' dir='ltr'><strong>mala</strong></span> <span class='ocrx_word' id='word_1_724' title='bbox 1626 4477 1696 4536; x_wconf 89' lang='lat' dir='ltr'><strong>sunt,</strong></span> <span class='ocrx_word' id='word_1_725' title='bbox 1715 4469 1743 4523; x_wconf 91' lang='lat' dir='ltr'><strong>in</strong></span> <span class='ocrx_word' id='word_1_726' title='bbox 1760 4472 1828 4541; x_wconf 88' lang='lat' dir='ltr'><strong>qui·</strong></span> <span class='ocrx_word' id='word_1_727' title='bbox 1929 4465 1930 4470; x_wconf 67' lang='grc'>’</span> 
     </span>
    </p>
   </div>
   <div class='ocr_carea' id='block_1_9' title="bbox 163 4553 1930 5074">
    <p class='ocr_par' dir='ltr' id='par_1_10' title="bbox 163 4553 1930 5074">
     <span class='ocr_line' id='line_1_50' title="bbox 166 4553 1826 4631; baseline 0.004 -23"><span class='ocrx_word' id='word_1_728' title='bbox 166 4553 280 4609; x_wconf 90' lang='lat' dir='ltr'><strong>virtutes</strong></span> <span class='ocrx_word' id='word_1_729' title='bbox 296 4569 357 4626; x_wconf 86' lang='lat' dir='ltr'><strong>quae</strong></span> <span class='ocrx_word' id='word_1_730' title='bbox 371 4553 457 4626; x_wconf 86' lang='lat' dir='ltr'><strong>gratis</strong></span> <span class='ocrx_word' id='word_1_731' title='bbox 482 4553 601 4621; x_wconf 88' lang='lat' dir='ltr'><strong>dautur;</strong></span> <span class='ocrx_word' id='word_1_732' title='bbox 626 4555 701 4611; x_wconf 85' lang='lat' dir='ltr'><strong>idem</strong></span> <span class='ocrx_word' id='word_1_733' title='bbox 722 4561 819 4613; x_wconf 88' lang='lat' dir='ltr'><strong>autem</strong></span> <span class='ocrx_word' id='word_1_734' title='bbox 843 4559 968 4631; x_wconf 78' lang='lat' dir='ltr'><strong>Spiritus</strong></span> <span class='ocrx_word' id='word_1_735' title='bbox 1017 4553 1068 4608; x_wconf 87' lang='lat' dir='ltr'><strong>bus</strong></span> <span class='ocrx_word' id='word_1_736' title='bbox 1085 4561 1161 4608; x_wconf 86' lang='lat' dir='ltr'><strong>caute</strong></span> <span class='ocrx_word' id='word_1_737' title='bbox 1174 4561 1200 4608; x_wconf 91' lang='lat' dir='ltr'><strong>et</strong></span> <span class='ocrx_word' id='word_1_738' title='bbox 1214 4554 1364 4625; x_wconf 86' lang='lat' dir='ltr'><strong>prudenter</strong></span> <span class='ocrx_word' id='word_1_739' title='bbox 1379 4557 1595 4612; x_wconf 87' lang='lat' dir='ltr'><strong>conversandum</strong></span> <span class='ocrx_word' id='word_1_740' title='bbox 1617 4565 1667 4612; x_wconf 88' lang='lat' dir='ltr'><strong>est.</strong></span> <span class='ocrx_word' id='word_1_741' title='bbox 1693 4555 1741 4613; x_wconf 75' lang='lat' dir='ltr'><strong>¹lui</strong></span> <span class='ocrx_word' id='word_1_742' title='bbox 1770 4575 1826 4614; x_wconf 85' lang='lat' dir='ltr'><strong>au-</strong></span> 
     </span>
     <span class='ocr_line' id='line_1_51' title="bbox 165 4640 1824 4720; baseline 0.004 -24"><span class='ocrx_word' id='word_1_743' title='bbox 165 4640 547 4714; x_wconf 86' lang='lat' dir='ltr'><strong>estdatoromnium,aeque</strong></span> <span class='ocrx_word' id='word_1_744' title='bbox 570 4651 700 4715; x_wconf 89' lang='lat' dir='ltr'><strong>quantum</strong></span> <span class='ocrx_word' id='word_1_745' title='bbox 723 4645 809 4701; x_wconf 86' lang='lat' dir='ltr'><strong>adse</strong></span> <span class='ocrx_word' id='word_1_746' title='bbox 833 4645 968 4718; x_wconf 77' lang='lat' dir='ltr'><strong>benignus</strong></span> <span class='ocrx_word' id='word_1_747' title='bbox 1016 4649 1072 4697; x_wconf 91' lang='lat' dir='ltr'><strong>tem</strong></span> <span class='ocrx_word' id='word_1_748' title='bbox 1100 4643 1180 4697; x_wconf 88' lang='lat' dir='ltr'><strong>datur</strong></span> <span class='ocrx_word' id='word_1_749' title='bbox 1210 4642 1353 4714; x_wconf 88' lang='lat' dir='ltr'><strong>sapientia,</strong></span> <span class='ocrx_word' id='word_1_750' title='bbox 1383 4644 1459 4716; x_wconf 88' lang='lat' dir='ltr'><strong>quasi</strong></span> <span class='ocrx_word' id='word_1_751' title='bbox 1485 4645 1526 4701; x_wconf 94' lang='lat' dir='ltr'><strong>sol</strong></span> <span class='ocrx_word' id='word_1_752' title='bbox 1554 4645 1670 4715; x_wconf 86' lang='lat' dir='ltr'><strong>ast;cui</strong></span> <span class='ocrx_word' id='word_1_753' title='bbox 1692 4647 1824 4720; x_wconf 83' lang='lat' dir='ltr'><strong>scientia,</strong></span> 
     </span>
     <span class='ocr_line' id='line_1_52' title="bbox 167 4729 1824 4808; baseline 0.006 -24"><span class='ocrx_word' id='word_1_754' title='bbox 167 4730 303 4785; x_wconf 90' lang='lat' dir='ltr'><strong>omnibus.</strong></span> <span class='ocrx_word' id='word_1_755' title='bbox 315 4731 351 4786; x_wconf 84' lang='lat' dir='ltr'><strong>Et</strong></span> <span class='ocrx_word' id='word_1_756' title='bbox 361 4730 857 4802; x_wconf 85' lang='lat' dir='ltr'><strong>diuisiauesministratianumsuut,</strong></span> <span class='ocrx_word' id='word_1_757' title='bbox 869 4735 967 4807; x_wconf 89' lang='lat' dir='ltr'><strong>quibus</strong></span> <span class='ocrx_word' id='word_1_758' title='bbox 1015 4729 1079 4784; x_wconf 83' lang='grc'><strong>1111111</strong></span> <span class='ocrx_word' id='word_1_759' title='bbox 1101 4731 1130 4785; x_wconf 85' lang='lat' dir='ltr'><strong>in</strong></span> <span class='ocrx_word' id='word_1_760' title='bbox 1154 4739 1232 4787; x_wconf 77' lang='lat' dir='ltr'><strong>nocte</strong></span> <span class='ocrx_word' id='word_1_761' title='bbox 1262 4731 1365 4787; x_wconf 69' lang='lat' dir='ltr'><strong>saeculi.</strong></span> <span class='ocrx_word' id='word_1_762' title='bbox 1394 4732 1434 4788; x_wconf 87' lang='lat' dir='ltr'><strong>llli</strong></span> <span class='ocrx_word' id='word_1_763' title='bbox 1462 4732 1561 4806; x_wconf 84' lang='lat' dir='ltr'><strong>quibus</strong></span> <span class='ocrx_word' id='word_1_764' title='bbox 1585 4743 1683 4790; x_wconf 68' lang='lat' dir='ltr'><strong>cal-era</strong></span> <span class='ocrx_word' id='word_1_765' title='bbox 1706 4735 1824 4808; x_wconf 79' lang='lat' dir='ltr'><strong>dantur,</strong></span> 
     </span>
     <span class='ocr_line' id='line_1_53' title="bbox 165 4817 1824 4894; baseline 0.002 -18"><span class='ocrx_word' id='word_1_766' title='bbox 165 4818 211 4876; x_wconf 91' lang='lat' dir='ltr'><strong>alii</strong></span> <span class='ocrx_word' id='word_1_767' title='bbox 227 4819 288 4874; x_wconf 90' lang='lat' dir='ltr'><strong>aliis</strong></span> <span class='ocrx_word' id='word_1_768' title='bbox 299 4817 482 4887; x_wconf 86' lang='lat' dir='ltr'><strong>subserviant,</strong></span> <span class='ocrx_word' id='word_1_769' title='bbox 498 4819 572 4876; x_wconf 84' lang='lat' dir='ltr'><strong>idem</strong></span> <span class='ocrx_word' id='word_1_770' title='bbox 588 4825 685 4877; x_wconf 89' lang='lat' dir='ltr'><strong>autem</strong></span> <span class='ocrx_word' id='word_1_771' title='bbox 700 4824 846 4894; x_wconf 85' lang='lat' dir='ltr'><strong>Dominus,</strong></span> <span class='ocrx_word' id='word_1_772' title='bbox 863 4824 967 4882; x_wconf 89' lang='lat' dir='ltr'><strong>scilicet</strong></span> <span class='ocrx_word' id='word_1_773' title='bbox 1017 4818 1102 4874; x_wconf 76' lang='lat' dir='ltr'><strong>stellae</strong></span> <span class='ocrx_word' id='word_1_774' title='bbox 1125 4827 1197 4888; x_wconf 90' lang='lat' dir='ltr'><strong>sunt,</strong></span> <span class='ocrx_word' id='word_1_775' title='bbox 1219 4819 1281 4892; x_wconf 78' lang='lat' dir='ltr'><strong>quia</strong></span> <span class='ocrx_word' id='word_1_776' title='bbox 1297 4827 1324 4875; x_wconf 84' lang='lat' dir='ltr'><strong>et</strong></span> <span class='ocrx_word' id='word_1_777' title='bbox 1338 4821 1397 4877; x_wconf 81' lang='lat' dir='ltr'><strong>haec</strong></span> <span class='ocrx_word' id='word_1_778' title='bbox 1417 4821 1445 4875; x_wconf 90' lang='lat' dir='ltr'><strong>in</strong></span> <span class='ocrx_word' id='word_1_779' title='bbox 1460 4830 1539 4878; x_wconf 88' lang='lat' dir='ltr'><strong>nocte</strong></span> <span class='ocrx_word' id='word_1_780' title='bbox 1563 4823 1717 4879; x_wconf 87' lang='lat' dir='ltr'><strong>necessaria</strong></span> <span class='ocrx_word' id='word_1_781' title='bbox 1741 4835 1824 4880; x_wconf 88' lang='lat' dir='ltr'><strong>sunt.</strong></span> 
     </span>
     <span class='ocr_line' id='line_1_54' title="bbox 163 4906 1930 4988; baseline 0.007 -25"><span class='ocrx_word' id='word_1_782' title='bbox 163 4907 249 4964; x_wconf 84' lang='lat' dir='ltr'><strong>Filius</strong></span> <span class='ocrx_word' id='word_1_783' title='bbox 264 4909 334 4964; x_wconf 92' lang='lat' dir='ltr'><strong>dans</strong></span> <span class='ocrx_word' id='word_1_784' title='bbox 349 4907 464 4981; x_wconf 86' lang='lat' dir='ltr'><strong>singulis</strong></span> <span class='ocrx_word' id='word_1_785' title='bbox 480 4924 531 4980; x_wconf 89' lang='lat' dir='ltr'><strong>pro</strong></span> <span class='ocrx_word' id='word_1_786' title='bbox 556 4909 668 4965; x_wconf 87' lang='lat' dir='ltr'><strong>arbitrio</strong></span> <span class='ocrx_word' id='word_1_787' title='bbox 683 4927 743 4966; x_wconf 91' lang='lat' dir='ltr'><strong>suo.</strong></span> <span class='ocrx_word' id='word_1_788' title='bbox 759 4914 793 4967; x_wconf 85' lang='lat' dir='ltr'><strong>Et</strong></span> <span class='ocrx_word' id='word_1_789' title='bbox 816 4911 966 4972; x_wconf 84' lang='lat' dir='ltr'><strong>divisiones</strong></span> <span class='ocrx_word' id='word_1_790' title='bbox 1015 4907 1093 4962; x_wconf 68' lang='lat' dir='ltr'><strong>Unde</strong></span> <span class='ocrx_word' id='word_1_791' title='bbox 1108 4906 1135 4961; x_wconf 74' lang='lat' dir='ltr'><strong>in</strong></span> <span class='ocrx_word' id='word_1_792' title='bbox 1149 4906 1257 4964; x_wconf 70' lang='lat' dir='ltr'><strong>Psalmo</strong></span> <span class='ocrx_word' id='word_1_793' title='bbox 1274 4923 1281 4963; x_wconf 94' lang='lat'><strong>:</strong></span> <span class='ocrx_word' id='word_1_794' title='bbox 1298 4909 1390 4965; x_wconf 73' lang='lat' dir='ltr'><strong>Solem</strong></span> <span class='ocrx_word' id='word_1_795' title='bbox 1401 4911 1433 4965; x_wconf 73' lang='lat' dir='ltr'><strong>in</strong></span> <span class='ocrx_word' id='word_1_796' title='bbox 1448 4915 1617 4983; x_wconf 61' lang='lat' dir='ltr'><strong>potestatem</strong></span> <span class='ocrx_word' id='word_1_797' title='bbox 1632 4913 1697 4978; x_wconf 74' lang='lat' dir='ltr'><strong>diti,</strong></span> <span class='ocrx_word' id='word_1_798' title='bbox 1716 4913 1827 4969; x_wconf 73' lang='lat' dir='ltr'><strong>lunum</strong></span> <span class='ocrx_word' id='word_1_799' title='bbox 1929 4983 1930 4988; x_wconf 7' lang='grc' dir='ltr'>ἵ</span> 
     </span>
     <span class='ocr_line' id='line_1_55' title="bbox 164 4991 1930 5074; baseline 0.002 -21"><span class='ocrx_word' id='word_1_800' title='bbox 164 4998 361 5070; x_wconf 86' lang='lat' dir='ltr'><strong>operationum</strong></span> <span class='ocrx_word' id='word_1_801' title='bbox 384 5001 464 5064; x_wconf 87' lang='lat' dir='ltr'><strong>suut,</strong></span> <span class='ocrx_word' id='word_1_802' title='bbox 491 4997 553 5070; x_wconf 89' lang='lat' dir='ltr'><strong>quia</strong></span> <span class='ocrx_word' id='word_1_803' title='bbox 569 5005 595 5053; x_wconf 91' lang='grc' dir='ltr'><strong>ει</strong></span> <span class='ocrx_word' id='word_1_804' title='bbox 620 5007 683 5054; x_wconf 91' lang='lat' dir='ltr'><strong>sunt</strong></span> <span class='ocrx_word' id='word_1_805' title='bbox 704 5015 785 5070; x_wconf 89' lang='lat' dir='ltr'><strong>opera</strong></span> <span class='ocrx_word' id='word_1_806' title='bbox 808 5000 922 5070; x_wconf 84' lang='lat' dir='ltr'><strong>majora,</strong></span> <span class='ocrx_word' id='word_1_807' title='bbox 940 5011 967 5058; x_wconf 89' lang='lat' dir='ltr'><strong>et</strong></span> <span class='ocrx_word' id='word_1_808' title='bbox 1015 4997 1829 5074; x_wconf 81' lang='lat' dir='ltr'><strong>etstellasinpatestatemnoctis(Psat.cxxxv).[hugu-</strong></span> <span class='ocrx_word' id='word_1_809' title='bbox 1929 4991 1930 5010; x_wconf 61' lang='lat'>¹</span> 
     </span>
    </p>
   </div>
   <div class='ocr_carea' id='block_1_10' title="bbox 164 5071 1930 5159">
    <p class='ocr_par' dir='ltr' id='par_1_11' title="bbox 164 5071 1930 5159">
     <span class='ocr_line' id='line_1_56' title="bbox 164 5071 1930 5159; baseline 0.007 -25"><span class='ocrx_word' id='word_1_810' title='bbox 164 5100 247 5158; x_wconf 72' lang='lat' dir='ltr'><strong>opera</strong></span> <span class='ocrx_word' id='word_1_811' title='bbox 260 5086 376 5150; x_wconf 83' lang='lat' dir='ltr'><strong>minora,</strong></span> <span class='ocrx_word' id='word_1_812' title='bbox 398 5086 472 5141; x_wconf 72' lang='lat' dir='ltr'><strong>taem</strong></span> <span class='ocrx_word' id='word_1_813' title='bbox 496 5103 559 5144; x_wconf 80' lang='lat' dir='ltr'><strong>vero</strong></span> <span class='ocrx_word' id='word_1_814' title='bbox 582 5087 671 5156; x_wconf 77' lang='lat' dir='ltr'><strong>dator,</strong></span> <span class='ocrx_word' id='word_1_815' title='bbox 688 5087 792 5145; x_wconf 66' lang='lat' dir='ltr'><strong>scilicet</strong></span> <span class='ocrx_word' id='word_1_816' title='bbox 813 5091 886 5146; x_wconf 62' lang='lat' dir='ltr'><strong>Deus</strong></span> <span class='ocrx_word' id='word_1_817' title='bbox 912 5091 966 5147; x_wconf 67' lang='lat' dir='ltr'><strong>pa.</strong></span> <span class='ocrx_word' id='word_1_818' title='bbox 1015 5083 1112 5158; x_wconf 85' lang='lat' dir='ltr'><strong>stinus]</strong></span> <span class='ocrx_word' id='word_1_819' title='bbox 1126 5086 1159 5139; x_wconf 88' lang='lat' dir='ltr'><strong>Et</strong></span> <span class='ocrx_word' id='word_1_820' title='bbox 1182 5093 1246 5140; x_wconf 86' lang='lat' dir='ltr'><strong>nota</strong></span> <span class='ocrx_word' id='word_1_821' title='bbox 1261 5087 1335 5158; x_wconf 90' lang='lat' dir='ltr'><strong>quod</strong></span> <span class='ocrx_word' id='word_1_822' title='bbox 1357 5102 1412 5142; x_wconf 93' lang='lat' dir='ltr'><strong>non</strong></span> <span class='ocrx_word' id='word_1_823' title='bbox 1428 5087 1586 5159; x_wconf 90' lang='lat' dir='ltr'><strong>simpliciter</strong></span> <span class='ocrx_word' id='word_1_824' title='bbox 1606 5087 1651 5148; x_wconf 81' lang='lat' dir='ltr'><strong>ait,</strong></span> <span class='ocrx_word' id='word_1_825' title='bbox 1668 5087 1714 5142; x_wconf 86' lang='lat' dir='ltr'><strong>alii</strong></span> <span class='ocrx_word' id='word_1_826' title='bbox 1737 5089 1828 5147; x_wconf 85' lang='lat' dir='ltr'><strong>datur</strong></span> <span class='ocrx_word' id='word_1_827' title='bbox 1929 5071 1930 5080; x_wconf 10' lang='grc' dir='ltr'>ἵ</span> 
     </span>
    </p>
   </div>
   <div class='ocr_carea' id='block_1_11' title="bbox 163 5173 1827 5339">
    <p class='ocr_par' dir='ltr' id='par_1_12' title="bbox 163 5173 1827 5339">
     <span class='ocr_line' id='line_1_57' title="bbox 165 5173 1827 5248; baseline 0.003 -18"><span class='ocrx_word' id='word_1_828' title='bbox 165 5183 216 5231; x_wconf 89' lang='lat' dir='ltr'><strong>ter.</strong></span> <span class='ocrx_word' id='word_1_829' title='bbox 234 5176 302 5231; x_wconf 83' lang='lat' dir='ltr'><strong>Nota</strong></span> <span class='ocrx_word' id='word_1_830' title='bbox 323 5173 394 5246; x_wconf 90' lang='lat' dir='ltr'><strong>quod</strong></span> <span class='ocrx_word' id='word_1_831' title='bbox 414 5174 490 5244; x_wconf 89' lang='lat' dir='ltr'><strong>prius</strong></span> <span class='ocrx_word' id='word_1_832' title='bbox 515 5174 629 5231; x_wconf 88' lang='lat' dir='ltr'><strong>virtutes</strong></span> <span class='ocrx_word' id='word_1_833' title='bbox 650 5175 822 5248; x_wconf 79' lang='lat' dir='ltr'><strong>significavit,</strong></span> <span class='ocrx_word' id='word_1_834' title='bbox 850 5179 966 5236; x_wconf 84' lang='lat' dir='ltr'><strong>dicando</strong></span> <span class='ocrx_word' id='word_1_835' title='bbox 1015 5173 1157 5244; x_wconf 86' lang='lat' dir='ltr'><strong>sapientia,</strong></span> <span class='ocrx_word' id='word_1_836' title='bbox 1174 5174 1219 5228; x_wconf 90' lang='lat' dir='ltr'><strong>alii</strong></span> <span class='ocrx_word' id='word_1_837' title='bbox 1234 5174 1356 5243; x_wconf 85' lang='lat' dir='ltr'><strong>scientia,</strong></span> <span class='ocrx_word' id='word_1_838' title='bbox 1372 5175 1421 5232; x_wconf 88' lang='lat' dir='ltr'><strong>sed</strong></span> <span class='ocrx_word' id='word_1_839' title='bbox 1435 5176 1480 5244; x_wconf 90' lang='lat' dir='ltr'><strong>ait,</strong></span> <span class='ocrx_word' id='word_1_840' title='bbox 1497 5193 1587 5234; x_wconf 86' lang='lat' dir='ltr'><strong>serruo</strong></span> <span class='ocrx_word' id='word_1_841' title='bbox 1615 5178 1769 5248; x_wconf 77' lang='lat' dir='ltr'><strong>sapientire</strong></span> <span class='ocrx_word' id='word_1_842' title='bbox 1797 5189 1827 5235; x_wconf 88' lang='lat' dir='ltr'><strong>et</strong></span> 
     </span>
     <span class='ocr_line' id='line_1_58' title="bbox 163 5263 1825 5339; baseline 0.005 -22"><span class='ocrx_word' id='word_1_843' title='bbox 163 5263 324 5336; x_wconf 85' lang='lat' dir='ltr'><strong>gratiarum,</strong></span> <span class='ocrx_word' id='word_1_844' title='bbox 363 5277 478 5336; x_wconf 88' lang='lat' dir='ltr'><strong>quarum</strong></span> <span class='ocrx_word' id='word_1_845' title='bbox 514 5263 627 5321; x_wconf 84' lang='lat' dir='ltr'><strong>effectus</strong></span> <span class='ocrx_word' id='word_1_846' title='bbox 665 5263 814 5338; x_wconf 85' lang='lat' dir='ltr'><strong>siguificat,</strong></span> <span class='ocrx_word' id='word_1_847' title='bbox 848 5266 965 5327; x_wconf 84' lang='lat' dir='ltr'><strong>dicendo</strong></span> <span class='ocrx_word' id='word_1_848' title='bbox 1014 5277 1105 5319; x_wconf 84' lang='lat' dir='ltr'><strong>sermo</strong></span> <span class='ocrx_word' id='word_1_849' title='bbox 1121 5263 1257 5330; x_wconf 78' lang='lat' dir='ltr'><strong>scientiae,</strong></span> <span class='ocrx_word' id='word_1_850' title='bbox 1274 5280 1324 5335; x_wconf 92' lang='lat' dir='ltr'><strong>per</strong></span> <span class='ocrx_word' id='word_1_851' title='bbox 1338 5265 1390 5321; x_wconf 94' lang='lat' dir='ltr'><strong>hoc</strong></span> <span class='ocrx_word' id='word_1_852' title='bbox 1405 5263 1563 5339; x_wconf 87' lang='lat' dir='ltr'><strong>significans</strong></span> <span class='ocrx_word' id='word_1_853' title='bbox 1578 5267 1639 5338; x_wconf 86' lang='lat' dir='ltr'><strong>quia</strong></span> <span class='ocrx_word' id='word_1_854' title='bbox 1654 5281 1711 5322; x_wconf 92' lang='lat' dir='ltr'><strong>non</strong></span> <span class='ocrx_word' id='word_1_855' title='bbox 1726 5267 1825 5326; x_wconf 89' lang='lat' dir='ltr'><strong>solum</strong></span> 
     </span>
    </p>
   </div>
   <div class='ocr_carea' id='block_1_12' title="bbox 208 5437 1365 5575">
    <p class='ocr_par' dir='ltr' id='par_1_13' title="bbox 208 5437 1365 5575">
     <span class='ocr_line' id='line_1_59' title="bbox 209 5437 1365 5508; baseline 0.004 -18"><span class='ocrx_word' id='word_1_856' title='bbox 209 5437 254 5502; x_wconf 81' lang='grc'><strong>68)</strong></span> <span class='ocrx_word' id='word_1_857' title='bbox 273 5441 436 5504; x_wconf 74' lang='lat' dir='ltr'><strong>Augustinus,</strong></span> <span class='ocrx_word' id='word_1_858' title='bbox 448 5454 522 5506; x_wconf 86' lang='lat' dir='ltr'><strong>super</strong></span> <span class='ocrx_word' id='word_1_859' title='bbox 530 5443 660 5496; x_wconf 82' lang='lat' dir='ltr'><strong>loannem.</strong></span> <span class='ocrx_word' id='word_1_860' title='bbox 1049 5437 1105 5508; x_wconf 78' lang='lat'><strong>(70)</strong></span> <span class='ocrx_word' id='word_1_861' title='bbox 1124 5441 1365 5506; x_wconf 58' lang='lat' dir='ltr'><strong>inmaturitate.</strong></span> 
     </span>
     <span class='ocr_line' id='line_1_60' title="bbox 208 5503 767 5575; baseline 0.013 -18"><span class='ocrx_word' id='word_1_862' title='bbox 208 5503 253 5573; x_wconf 80' lang='grc'><strong>69)</strong></span> <span class='ocrx_word' id='word_1_863' title='bbox 271 5505 320 5571; x_wconf 81' lang='lat' dir='ltr'><strong>tu,</strong></span> <span class='ocrx_word' id='word_1_864' title='bbox 333 5507 364 5560; x_wconf 87' lang='lat' dir='ltr'><strong>ad</strong></span> <span class='ocrx_word' id='word_1_865' title='bbox 374 5509 515 5563; x_wconf 87' lang='lat' dir='ltr'><strong>Dardanum</strong></span> <span class='ocrx_word' id='word_1_866' title='bbox 527 5510 558 5563; x_wconf 87' lang='lat' dir='ltr'><strong>dc</strong></span> <span class='ocrx_word' id='word_1_867' title='bbox 571 5510 701 5575; x_wconf 85' lang='lat' dir='ltr'><strong>prasentia</strong></span> <span class='ocrx_word' id='word_1_868' title='bbox 713 5511 767 5565; x_wconf 89' lang='lat' dir='ltr'><strong>Det.</strong></span> 
     </span>
    </p>
   </div>
   <div class='ocr_carea' id='block_1_13' title="bbox 0 0 1944 6322">
    <p class='ocr_par' dir='ltr' id='par_1_14' title="bbox 0 0 1944 6322">
     <span class='ocr_line' id='line_1_61' title="bbox 0 0 1944 6322; baseline 0 1"><span class='ocrx_word' id='word_1_869' title='bbox 0 0 1944 6322; x_wconf 95' lang='lat' dir='ltr'><strong> </strong></span> 
     </span>
    </p>
   </div>
  </div>
 </body>
</html>
