<?xml version="1.0" encoding="UTF-8"?>
<!DOCTYPE html PUBLIC "-//W3C//DTD XHTML 1.0 Transitional//EN"
    "http://www.w3.org/TR/xhtml1/DTD/xhtml1-transitional.dtd">
<html xmlns="http://www.w3.org/1999/xhtml" xml:lang="en" lang="en">
 <head>
  <title>
</title>
<meta http-equiv="Content-Type" content="text/html;charset=utf-8" />
  <meta name='ocr-system' content='tesseract 3.04.00' />
  <meta name='ocr-capabilities' content='ocr_page ocr_carea ocr_par ocr_line ocrx_word'/>
</head>
<body>
  <div class='ocr_page' id='page_1' title='image "./patrologiaecurs122unkngoog/patrologiaecurs122unkngoog_0613.png"; bbox 0 0 3940 6066; ppageno 0'>
   <div class='ocr_carea' id='block_1_1' title="bbox 110 241 1759 309">
    <p class='ocr_par' dir='ltr' id='par_1_1' title="bbox 110 241 1759 309">
     <span class='ocr_line' id='line_1_1' title="bbox 110 241 1759 309; baseline -0.004 -3"><span class='ocrx_word' id='word_1_1' title='bbox 110 251 180 309; x_wconf 67' lang='lat' dir='ltr'>ldl&#39;l</span> <span class='ocrx_word' id='word_1_2' title='bbox 494 244 777 303; x_wconf 70' lang='lat' dir='ltr'>COMMENleilUll</span> <span class='ocrx_word' id='word_1_3' title='bbox 790 242 827 300; x_wconf 87' lang='lat' dir='ltr'>IN</span> <span class='ocrx_word' id='word_1_4' title='bbox 841 241 1013 300; x_wconf 71' lang='lat' dir='ltr'>PSALMOS.</span> <span class='ocrx_word' id='word_1_5' title='bbox 1027 274 1062 285; x_wconf 93' lang='lat'>—</span> <span class='ocrx_word' id='word_1_6' title='bbox 1077 242 1173 300; x_wconf 79' lang='lat' dir='ltr'>rsnt.</span> <span class='ocrx_word' id='word_1_7' title='bbox 1191 244 1365 302; x_wconf 83' lang='lat' dir='ltr'>cxxxvnt.</span> <span class='ocrx_word' id='word_1_8' title='bbox 1691 248 1759 303; x_wconf 72' lang='lat' dir='ltr'>lats</span> 
     </span>
    </p>
   </div>
   <div class='ocr_carea' id='block_1_2' title="bbox 112 365 1774 5575">
    <p class='ocr_par' dir='ltr' id='par_1_2' title="bbox 112 365 1774 5575">
     <span class='ocr_line' id='line_1_2' title="bbox 112 365 1760 441; baseline -0.002 -12"><span class='ocrx_word' id='word_1_9' title='bbox 112 381 139 430; x_wconf 92' lang='grc' dir='ltr'>ει</span> <span class='ocrx_word' id='word_1_10' title='bbox 155 369 378 438; x_wconf 87' lang='lat' dir='ltr'>nominabuntur,</span> <span class='ocrx_word' id='word_1_11' title='bbox 394 385 500 438; x_wconf 85' lang='lat' dir='ltr'>omnes,</span> <span class='ocrx_word' id='word_1_12' title='bbox 515 385 570 426; x_wconf 92' lang='lat' dir='ltr'>non</span> <span class='ocrx_word' id='word_1_13' title='bbox 584 367 668 426; x_wconf 91' lang='lat' dir='ltr'>modo</span> <span class='ocrx_word' id='word_1_14' title='bbox 681 365 805 441; x_wconf 87' lang='lat' dir='ltr'>perlecti,</span> <span class='ocrx_word' id='word_1_15' title='bbox 822 366 870 422; x_wconf 88' lang='lat' dir='ltr'>sed</span> <span class='ocrx_word' id='word_1_16' title='bbox 884 368 947 430; x_wconf 77' lang='lat' dir='ltr'>etA</span> <span class='ocrx_word' id='word_1_17' title='bbox 963 366 1108 440; x_wconf 86' lang='lat' dir='ltr'>quentibus</span> <span class='ocrx_word' id='word_1_18' title='bbox 1123 365 1220 424; x_wconf 90' lang='lat' dir='ltr'>diebus</span> <span class='ocrx_word' id='word_1_19' title='bbox 1235 383 1289 424; x_wconf 93' lang='lat' dir='ltr'>non</span> <span class='ocrx_word' id='word_1_20' title='bbox 1304 368 1446 441; x_wconf 87' lang='lat' dir='ltr'>repetitur,</span> <span class='ocrx_word' id='word_1_21' title='bbox 1468 369 1516 425; x_wconf 85' lang='lat' dir='ltr'>sed</span> <span class='ocrx_word' id='word_1_22' title='bbox 1532 367 1598 425; x_wconf 92' lang='lat' dir='ltr'>illud</span> <span class='ocrx_word' id='word_1_23' title='bbox 1612 368 1685 441; x_wconf 82' lang='lat' dir='ltr'>quod</span> <span class='ocrx_word' id='word_1_24' title='bbox 1699 385 1760 441; x_wconf 89' lang='lat' dir='ltr'>per·</span> 
     </span>
     <span class='ocr_line' id='line_1_3' title="bbox 113 455 1760 533; baseline -0.002 -15"><span class='ocrx_word' id='word_1_25' title='bbox 113 459 279 533; x_wconf 81' lang='lat' dir='ltr'>imperfecti.</span> <span class='ocrx_word' id='word_1_26' title='bbox 294 459 357 515; x_wconf 92' lang='lat' dir='ltr'>Non</span> <span class='ocrx_word' id='word_1_27' title='bbox 372 475 439 533; x_wconf 80' lang='lat' dir='ltr'>crgo</span> <span class='ocrx_word' id='word_1_28' title='bbox 454 459 610 531; x_wconf 76' lang='lat' dir='ltr'>desperent.</span> <span class='ocrx_word' id='word_1_29' title='bbox 965 455 1030 511; x_wconf 83' lang='grc' dir='ltr'>ιίιιει</span> <span class='ocrx_word' id='word_1_30' title='bbox 1051 456 1085 511; x_wconf 88' lang='lat' dir='ltr'>ad</span> <span class='ocrx_word' id='word_1_31' title='bbox 1113 455 1302 528; x_wconf 86' lang='lat' dir='ltr'>promissionis</span> <span class='ocrx_word' id='word_1_32' title='bbox 1325 455 1545 529; x_wconf 79' lang='lat' dir='ltr'>completionem,</span> <span class='ocrx_word' id='word_1_33' title='bbox 1569 457 1672 515; x_wconf 90' lang='lat' dir='ltr'>scilicet</span> <span class='ocrx_word' id='word_1_34' title='bbox 1686 459 1760 514; x_wconf 79' lang='lat' dir='ltr'>Puer</span> 
     </span>
     <span class='ocr_line' id='line_1_4' title="bbox 152 542 1213 624; baseline -0.005 -19"><span class='ocrx_word' id='word_1_35' title='bbox 152 547 262 624; x_wconf 68' lang='lat' dir='ltr'>[illlam]</span> <span class='ocrx_word' id='word_1_36' title='bbox 274 548 360 603; x_wconf 76' lang='lat' dir='ltr'>Aliter</span> <span class='ocrx_word' id='word_1_37' title='bbox 374 547 408 601; x_wconf 86' lang='lat' dir='ltr'>ab</span> <span class='ocrx_word' id='word_1_38' title='bbox 423 546 470 602; x_wconf 93' lang='lat' dir='ltr'>illo</span> <span class='ocrx_word' id='word_1_39' title='bbox 480 546 542 604; x_wconf 91' lang='lat' dir='ltr'>loco</span> <span class='ocrx_word' id='word_1_40' title='bbox 558 565 565 602; x_wconf 92' lang='lat'>:</span> <span class='ocrx_word' id='word_1_41' title='bbox 580 545 766 614; x_wconf 80' lang='lat' dir='ltr'>iutellcaisti,</span> <span class='ocrx_word' id='word_1_42' title='bbox 778 551 805 600; x_wconf 91' lang='lat' dir='ltr'>ct</span> <span class='ocrx_word' id='word_1_43' title='bbox 815 542 915 618; x_wconf 80' lang='lat' dir='ltr'>legitur</span> <span class='ocrx_word' id='word_1_44' title='bbox 965 547 1053 600; x_wconf 82' lang='lat' dir='ltr'>uatus</span> <span class='ocrx_word' id='word_1_45' title='bbox 1067 548 1110 624; x_wconf 81' lang='grc' dir='ltr'>εει</span> <span class='ocrx_word' id='word_1_46' title='bbox 1123 545 1213 600; x_wconf 82' lang='grc' dir='ltr'>ιιοιιε.</span> 
     </span>
     <span class='ocr_line' id='line_1_5' title="bbox 116 631 1762 710; baseline -0.002 -16"><span class='ocrx_word' id='word_1_47' title='bbox 116 655 149 694; x_wconf 89' lang='lat' dir='ltr'>ex</span> <span class='ocrx_word' id='word_1_48' title='bbox 168 652 285 710; x_wconf 80' lang='lat' dir='ltr'>persona</span> <span class='ocrx_word' id='word_1_49' title='bbox 308 635 413 708; x_wconf 89' lang='lat' dir='ltr'>capitis,</span> <span class='ocrx_word' id='word_1_50' title='bbox 441 634 544 691; x_wconf 87' lang='lat' dir='ltr'>scilicet</span> <span class='ocrx_word' id='word_1_51' title='bbox 569 633 679 699; x_wconf 83' lang='lat' dir='ltr'>Christi,</span> <span class='ocrx_word' id='word_1_52' title='bbox 704 632 749 707; x_wconf 83' lang='lat' dir='ltr'>qui</span> <span class='ocrx_word' id='word_1_53' title='bbox 764 633 914 688; x_wconf 89' lang='lat' dir='ltr'>secundum</span> <span class='ocrx_word' id='word_1_54' title='bbox 1001 633 1066 690; x_wconf 86' lang='lat' dir='ltr'>llaec</span> <span class='ocrx_word' id='word_1_55' title='bbox 1081 647 1149 706; x_wconf 79' lang='lat' dir='ltr'>ergo</span> <span class='ocrx_word' id='word_1_56' title='bbox 1169 640 1230 688; x_wconf 91' lang='lat' dir='ltr'>sunt</span> <span class='ocrx_word' id='word_1_57' title='bbox 1243 631 1392 689; x_wconf 85' lang='lat' dir='ltr'>novissima</span> <span class='ocrx_word' id='word_1_58' title='bbox 1406 633 1504 689; x_wconf 76' lang='lat' dir='ltr'>Christi</span> <span class='ocrx_word' id='word_1_59' title='bbox 1518 641 1545 690; x_wconf 91' lang='grc' dir='ltr'>ει</span> <span class='ocrx_word' id='word_1_60' title='bbox 1563 634 1683 708; x_wconf 88' lang='lat' dir='ltr'>antiqua,</span> <span class='ocrx_word' id='word_1_61' title='bbox 1701 651 1762 707; x_wconf 82' lang='lat' dir='ltr'>qrrae</span> 
     </span>
     <span class='ocr_line' id='line_1_6' title="bbox 117 720 1764 800; baseline -0.002 -18"><span class='ocrx_word' id='word_1_62' title='bbox 117 726 192 800; x_wconf 90' lang='lat' dir='ltr'>quod</span> <span class='ocrx_word' id='word_1_63' title='bbox 206 725 289 781; x_wconf 89' lang='lat' dir='ltr'>homo</span> <span class='ocrx_word' id='word_1_64' title='bbox 308 723 429 797; x_wconf 87' lang='lat' dir='ltr'>loquitur</span> <span class='ocrx_word' id='word_1_65' title='bbox 452 725 570 791; x_wconf 86' lang='lat' dir='ltr'>Patrem,</span> <span class='ocrx_word' id='word_1_66' title='bbox 593 722 663 779; x_wconf 91' lang='lat' dir='ltr'>sicut</span> <span class='ocrx_word' id='word_1_67' title='bbox 683 721 710 777; x_wconf 90' lang='lat' dir='ltr'>in</span> <span class='ocrx_word' id='word_1_68' title='bbox 731 721 820 794; x_wconf 90' lang='lat' dir='ltr'>primo</span> <span class='ocrx_word' id='word_1_69' title='bbox 834 737 914 778; x_wconf 89' lang='lat' dir='ltr'>versu</span> <span class='ocrx_word' id='word_1_70' title='bbox 965 721 1040 776; x_wconf 86' lang='lat' dir='ltr'>novit</span> <span class='ocrx_word' id='word_1_71' title='bbox 1063 720 1142 777; x_wconf 88' lang='lat' dir='ltr'>Pater</span> <span class='ocrx_word' id='word_1_72' title='bbox 1162 728 1188 776; x_wconf 91' lang='lat' dir='ltr'>et</span> <span class='ocrx_word' id='word_1_73' title='bbox 1203 721 1246 778; x_wconf 87' lang='lat' dir='ltr'>cui</span> <span class='ocrx_word' id='word_1_74' title='bbox 1271 721 1355 778; x_wconf 88' lang='lat' dir='ltr'>Filios</span> <span class='ocrx_word' id='word_1_75' title='bbox 1377 722 1490 789; x_wconf 77' lang='lat' dir='ltr'>revelat,</span> <span class='ocrx_word' id='word_1_76' title='bbox 1515 737 1576 796; x_wconf 70' lang='lat' dir='ltr'>quaa</span> <span class='ocrx_word' id='word_1_77' title='bbox 1590 721 1764 780; x_wconf 89' lang='lat' dir='ltr'>abscondita</span> 
     </span>
     <span class='ocr_line' id='line_1_7' title="bbox 117 806 1763 888; baseline -0.003 -17"><span class='ocrx_word' id='word_1_78' title='bbox 117 814 210 888; x_wconf 90' lang='lat' dir='ltr'>coepit.</span> <span class='ocrx_word' id='word_1_79' title='bbox 229 811 316 883; x_wconf 81' lang='lat' dir='ltr'>Quasi</span> <span class='ocrx_word' id='word_1_80' title='bbox 338 811 410 868; x_wconf 89' lang='lat' dir='ltr'>dicut</span> <span class='ocrx_word' id='word_1_81' title='bbox 426 829 434 868; x_wconf 75' lang='grc' dir='ltr'>ι</span> <span class='ocrx_word' id='word_1_82' title='bbox 449 810 575 868; x_wconf 88' lang='lat' dir='ltr'>Probasti</span> <span class='ocrx_word' id='word_1_83' title='bbox 593 827 637 866; x_wconf 91' lang='lat' dir='ltr'>mc</span> <span class='ocrx_word' id='word_1_84' title='bbox 651 818 677 866; x_wconf 89' lang='grc' dir='ltr'>ει</span> <span class='ocrx_word' id='word_1_85' title='bbox 691 807 845 884; x_wconf 76' lang='lat' dir='ltr'>cognovisti</span> <span class='ocrx_word' id='word_1_86' title='bbox 858 825 913 876; x_wconf 90' lang='lat' dir='ltr'>me,</span> <span class='ocrx_word' id='word_1_87' title='bbox 966 806 1132 880; x_wconf 83' lang='lat' dir='ltr'>sapientibus</span> <span class='ocrx_word' id='word_1_88' title='bbox 1160 817 1187 864; x_wconf 88' lang='lat' dir='ltr'>et</span> <span class='ocrx_word' id='word_1_89' title='bbox 1208 810 1387 881; x_wconf 83' lang='lat' dir='ltr'>prudentibus</span> <span class='ocrx_word' id='word_1_90' title='bbox 1411 809 1520 882; x_wconf 84' lang='lat' dir='ltr'>(llottlr.</span> <span class='ocrx_word' id='word_1_91' title='bbox 1547 809 1599 884; x_wconf 86' lang='grc' dir='ltr'>ιιι),</span> <span class='ocrx_word' id='word_1_92' title='bbox 1623 811 1651 866; x_wconf 93' lang='lat' dir='ltr'>id</span> <span class='ocrx_word' id='word_1_93' title='bbox 1672 817 1714 866; x_wconf 90' lang='lat' dir='ltr'>est</span> <span class='ocrx_word' id='word_1_94' title='bbox 1728 811 1763 868; x_wconf 91' lang='lat' dir='ltr'>de</span> 
     </span>
     <span class='ocr_line' id='line_1_8' title="bbox 115 895 1760 974; baseline -0.002 -17"><span class='ocrx_word' id='word_1_95' title='bbox 115 901 273 959; x_wconf 83' lang='lat' dir='ltr'>intellexisti</span> <span class='ocrx_word' id='word_1_96' title='bbox 302 899 382 956; x_wconf 87' lang='lat' dir='ltr'>etiam</span> <span class='ocrx_word' id='word_1_97' title='bbox 422 899 602 974; x_wconf 80' lang='lat' dir='ltr'>cogitationes</span> <span class='ocrx_word' id='word_1_98' title='bbox 641 914 719 955; x_wconf 92' lang='lat' dir='ltr'>meas</span> <span class='ocrx_word' id='word_1_99' title='bbox 754 897 788 954; x_wconf 89' lang='lat' dir='ltr'>de</span> <span class='ocrx_word' id='word_1_100' title='bbox 820 897 913 970; x_wconf 80' lang='lat' dir='ltr'>longe,</span> <span class='ocrx_word' id='word_1_101' title='bbox 965 896 1078 953; x_wconf 90' lang='lat' dir='ltr'>scientia</span> <span class='ocrx_word' id='word_1_102' title='bbox 1103 895 1357 969; x_wconf 80' lang='lat' dir='ltr'>intumescentibus,</span> <span class='ocrx_word' id='word_1_103' title='bbox 1383 897 1488 955; x_wconf 83' lang='lat' dir='ltr'>Scribis</span> <span class='ocrx_word' id='word_1_104' title='bbox 1503 897 1606 954; x_wconf 90' lang='lat' dir='ltr'>scilicet</span> <span class='ocrx_word' id='word_1_105' title='bbox 1622 907 1647 953; x_wconf 91' lang='grc' dir='ltr'>ει</span> <span class='ocrx_word' id='word_1_106' title='bbox 1663 899 1760 954; x_wconf 88' lang='lat' dir='ltr'>Phari-</span> 
     </span>
     <span class='ocr_line' id='line_1_9' title="bbox 116 985 1764 1064; baseline -0.002 -18"><span class='ocrx_word' id='word_1_107' title='bbox 116 989 288 1064; x_wconf 79' lang='lat' dir='ltr'>prrescientia</span> <span class='ocrx_word' id='word_1_108' title='bbox 306 987 413 1045; x_wconf 85' lang='lat' dir='ltr'>deitatis</span> <span class='ocrx_word' id='word_1_109' title='bbox 438 987 482 1044; x_wconf 90' lang='lat' dir='ltr'>bic</span> <span class='ocrx_word' id='word_1_110' title='bbox 508 987 669 1054; x_wconf 88' lang='lat' dir='ltr'>ostenditur,</span> <span class='ocrx_word' id='word_1_111' title='bbox 695 1002 756 1060; x_wconf 84' lang='lat' dir='ltr'>quae</span> <span class='ocrx_word' id='word_1_112' title='bbox 785 985 820 1042; x_wconf 88' lang='lat' dir='ltr'>de</span> <span class='ocrx_word' id='word_1_113' title='bbox 833 985 915 1057; x_wconf 74' lang='lat' dir='ltr'>longe</span> <span class='ocrx_word' id='word_1_114' title='bbox 966 985 1028 1042; x_wconf 84' lang='lat' dir='ltr'>saeis</span> <span class='ocrx_word' id='word_1_115' title='bbox 1042 985 1222 1058; x_wconf 83' lang='lat' dir='ltr'>omnibusque</span> <span class='ocrx_word' id='word_1_116' title='bbox 1244 986 1389 1056; x_wconf 83' lang='lat' dir='ltr'>baereticis,</span> <span class='ocrx_word' id='word_1_117' title='bbox 1414 985 1523 1060; x_wconf 72' lang='lat' dir='ltr'>[iliter]</span> <span class='ocrx_word' id='word_1_118' title='bbox 1545 986 1591 1059; x_wconf 88' lang='lat' dir='ltr'>qui</span> <span class='ocrx_word' id='word_1_119' title='bbox 1614 986 1764 1044; x_wconf 90' lang='lat' dir='ltr'>novissima</span> 
     </span>
     <span class='ocr_line' id='line_1_10' title="bbox 117 1073 1763 1150; baseline 0 -17"><span class='ocrx_word' id='word_1_120' title='bbox 117 1079 254 1150; x_wconf 80' lang='lat' dir='ltr'>intelligit,</span> <span class='ocrx_word' id='word_1_121' title='bbox 270 1093 325 1134; x_wconf 90' lang='lat' dir='ltr'>non</span> <span class='ocrx_word' id='word_1_122' title='bbox 344 1077 416 1142; x_wconf 91' lang='lat' dir='ltr'>loco,</span> <span class='ocrx_word' id='word_1_123' title='bbox 441 1075 490 1132; x_wconf 92' lang='lat' dir='ltr'>sed</span> <span class='ocrx_word' id='word_1_124' title='bbox 514 1085 646 1147; x_wconf 89' lang='lat' dir='ltr'>tempore,</span> <span class='ocrx_word' id='word_1_125' title='bbox 672 1075 735 1148; x_wconf 88' lang='lat' dir='ltr'>quia</span> <span class='ocrx_word' id='word_1_126' title='bbox 759 1073 849 1130; x_wconf 87' lang='lat' dir='ltr'>omnia</span> <span class='ocrx_word' id='word_1_127' title='bbox 864 1088 916 1130; x_wconf 92' lang='lat' dir='ltr'>an·</span> <span class='ocrx_word' id='word_1_128' title='bbox 966 1073 1114 1146; x_wconf 84' lang='lat' dir='ltr'>etantiqua</span> <span class='ocrx_word' id='word_1_129' title='bbox 1128 1074 1155 1129; x_wconf 91' lang='lat' dir='ltr'>in</span> <span class='ocrx_word' id='word_1_130' title='bbox 1170 1073 1275 1131; x_wconf 90' lang='lat' dir='ltr'>Christo</span> <span class='ocrx_word' id='word_1_131' title='bbox 1291 1074 1415 1147; x_wconf 86' lang='lat' dir='ltr'>recipere</span> <span class='ocrx_word' id='word_1_132' title='bbox 1429 1074 1575 1148; x_wconf 79' lang='lat' dir='ltr'>refugiunt.</span> <span class='ocrx_word' id='word_1_133' title='bbox 1596 1075 1634 1131; x_wconf 86' lang='grc' dir='ltr'>ιιι</span> <span class='ocrx_word' id='word_1_134' title='bbox 1652 1078 1763 1147; x_wconf 80' lang='lat' dir='ltr'>[orma-</span> 
     </span>
     <span class='ocr_line' id='line_1_11' title="bbox 118 1162 1763 1240; baseline -0.001 -17"><span class='ocrx_word' id='word_1_135' title='bbox 118 1175 227 1240; x_wconf 87' lang='lat' dir='ltr'>tequam</span> <span class='ocrx_word' id='word_1_136' title='bbox 243 1165 296 1221; x_wconf 90' lang='lat' dir='ltr'>sint</span> <span class='ocrx_word' id='word_1_137' title='bbox 318 1165 400 1222; x_wconf 90' lang='lat' dir='ltr'>videt.</span> <span class='ocrx_word' id='word_1_138' title='bbox 426 1165 602 1221; x_wconf 77' lang='lat' dir='ltr'>Intellexisti</span> <span class='ocrx_word' id='word_1_139' title='bbox 620 1164 805 1234; x_wconf 72' lang='lat' dir='ltr'>capitoliades</span> <span class='ocrx_word' id='word_1_140' title='bbox 826 1179 914 1228; x_wconf 86' lang='lat' dir='ltr'>meas,</span> <span class='ocrx_word' id='word_1_141' title='bbox 965 1163 1003 1218; x_wconf 78' lang='lat' dir='ltr'>ati</span> <span class='ocrx_word' id='word_1_142' title='bbox 1017 1178 1072 1229; x_wconf 83' lang='lat' dir='ltr'>mc,</span> <span class='ocrx_word' id='word_1_143' title='bbox 1095 1162 1243 1220; x_wconf 91' lang='lat' dir='ltr'>secundum</span> <span class='ocrx_word' id='word_1_144' title='bbox 1265 1162 1413 1230; x_wconf 91' lang='lat' dir='ltr'>bominem,</span> <span class='ocrx_word' id='word_1_145' title='bbox 1429 1167 1459 1220; x_wconf 82' lang='lat' dir='ltr'>ct</span> <span class='ocrx_word' id='word_1_146' title='bbox 1476 1164 1597 1235; x_wconf 80' lang='lat' dir='ltr'>posuisti</span> <span class='ocrx_word' id='word_1_147' title='bbox 1615 1179 1701 1236; x_wconf 82' lang='lat' dir='ltr'>super</span> <span class='ocrx_word' id='word_1_148' title='bbox 1718 1181 1763 1222; x_wconf 87' lang='lat' dir='ltr'>mc</span> 
     </span>
     <span class='ocr_line' id='line_1_12' title="bbox 118 1251 1763 1325; baseline -0.002 -13"><span class='ocrx_word' id='word_1_149' title='bbox 118 1257 251 1313; x_wconf 80' lang='lat' dir='ltr'>samita-m</span> <span class='ocrx_word' id='word_1_150' title='bbox 262 1253 562 1325; x_wconf 76' lang='lat' dir='ltr'>meamatsuuiculanr</span> <span class='ocrx_word' id='word_1_151' title='bbox 571 1251 917 1323; x_wconf 81' lang='lat' dir='ltr'>menmiuvcrtiporti.Se-</span> <span class='ocrx_word' id='word_1_152' title='bbox 965 1267 1083 1307; x_wconf 86' lang='lat' dir='ltr'>manum</span> <span class='ocrx_word' id='word_1_153' title='bbox 1102 1254 1191 1318; x_wconf 87' lang='lat' dir='ltr'>tuom,</span> <span class='ocrx_word' id='word_1_154' title='bbox 1213 1259 1241 1306; x_wconf 90' lang='lat' dir='ltr'>ut</span> <span class='ocrx_word' id='word_1_155' title='bbox 1253 1251 1364 1321; x_wconf 85' lang='lat' dir='ltr'>jurares</span> <span class='ocrx_word' id='word_1_156' title='bbox 1383 1267 1437 1307; x_wconf 86' lang='lat' dir='ltr'>me.</span> <span class='ocrx_word' id='word_1_157' title='bbox 1454 1251 1553 1308; x_wconf 86' lang='lat' dir='ltr'>Unde:</span> <span class='ocrx_word' id='word_1_158' title='bbox 1575 1253 1671 1308; x_wconf 83' lang='grc' dir='ltr'>ιιιιιιιιε</span> <span class='ocrx_word' id='word_1_159' title='bbox 1686 1253 1763 1310; x_wconf 81' lang='lat' dir='ltr'>cuim</span> 
     </span>
     <span class='ocr_line' id='line_1_13' title="bbox 118 1338 1764 1414; baseline -0.002 -14"><span class='ocrx_word' id='word_1_160' title='bbox 118 1345 183 1400; x_wconf 85' lang='lat' dir='ltr'>mita</span> <span class='ocrx_word' id='word_1_161' title='bbox 211 1343 246 1400; x_wconf 88' lang='lat' dir='ltr'>ad</span> <span class='ocrx_word' id='word_1_162' title='bbox 269 1342 363 1398; x_wconf 86' lang='lat' dir='ltr'>tacitas</span> <span class='ocrx_word' id='word_1_163' title='bbox 395 1341 574 1414; x_wconf 83' lang='lat' dir='ltr'>cogitationes</span> <span class='ocrx_word' id='word_1_164' title='bbox 597 1340 725 1411; x_wconf 89' lang='lat' dir='ltr'>pertinet,</span> <span class='ocrx_word' id='word_1_165' title='bbox 748 1338 861 1396; x_wconf 87' lang='lat' dir='ltr'>directio</span> <span class='ocrx_word' id='word_1_166' title='bbox 881 1338 916 1396; x_wconf 85' lang='lat' dir='ltr'>ad</span> <span class='ocrx_word' id='word_1_167' title='bbox 965 1355 1029 1396; x_wconf 84' lang='lat' dir='ltr'>mea</span> <span class='ocrx_word' id='word_1_168' title='bbox 1043 1340 1233 1396; x_wconf 78' lang='lat' dir='ltr'>auxiliabitur</span> <span class='ocrx_word' id='word_1_169' title='bbox 1250 1357 1313 1396; x_wconf 86' lang='lat' dir='ltr'>eum</span> <span class='ocrx_word' id='word_1_170' title='bbox 1338 1341 1425 1413; x_wconf 84' lang='grc' dir='ltr'>(Ρεαι.</span> <span class='ocrx_word' id='word_1_171' title='bbox 1442 1339 1534 1410; x_wconf 82' lang='grc' dir='ltr'>ιιιιιι).</span> <span class='ocrx_word' id='word_1_172' title='bbox 1551 1338 1638 1409; x_wconf 89' lang='lat' dir='ltr'>Quam</span> <span class='ocrx_word' id='word_1_173' title='bbox 1653 1355 1764 1396; x_wconf 91' lang='lat' dir='ltr'>manum</span> 
     </span>
     <span class='ocr_line' id='line_1_14' title="bbox 116 1426 1763 1504; baseline -0.002 -16"><span class='ocrx_word' id='word_1_174' title='bbox 116 1433 189 1504; x_wconf 82' lang='lat' dir='ltr'>justa</span> <span class='ocrx_word' id='word_1_175' title='bbox 201 1429 313 1502; x_wconf 82' lang='lat' dir='ltr'>judicia.</span> <span class='ocrx_word' id='word_1_176' title='bbox 330 1428 478 1503; x_wconf 67' lang='lat' dir='ltr'>[cassiod.</span> <span class='ocrx_word' id='word_1_177' title='bbox 494 1428 538 1485; x_wconf 86' lang='lat' dir='ltr'>ct.</span> <span class='ocrx_word' id='word_1_178' title='bbox 563 1427 689 1501; x_wconf 72' lang='lat' dir='ltr'>inclini</span> <span class='ocrx_word' id='word_1_179' title='bbox 713 1427 836 1483; x_wconf 89' lang='lat' dir='ltr'>semitam</span> <span class='ocrx_word' id='word_1_180' title='bbox 850 1426 917 1484; x_wconf 92' lang='lat' dir='ltr'>dicit</span> <span class='ocrx_word' id='word_1_181' title='bbox 965 1443 1021 1484; x_wconf 93' lang='lat' dir='ltr'>non</span> <span class='ocrx_word' id='word_1_182' title='bbox 1035 1427 1150 1500; x_wconf 91' lang='lat' dir='ltr'>posuisti</span> <span class='ocrx_word' id='word_1_183' title='bbox 1174 1445 1255 1500; x_wconf 88' lang='lat' dir='ltr'>super</span> <span class='ocrx_word' id='word_1_184' title='bbox 1274 1428 1391 1500; x_wconf 91' lang='lat' dir='ltr'>primum</span> <span class='ocrx_word' id='word_1_185' title='bbox 1413 1427 1565 1484; x_wconf 90' lang='lat' dir='ltr'>hominem.</span> <span class='ocrx_word' id='word_1_186' title='bbox 1587 1430 1624 1485; x_wconf 85' lang='lat' dir='ltr'>lit</span> <span class='ocrx_word' id='word_1_187' title='bbox 1640 1429 1763 1486; x_wconf 81' lang='lat' dir='ltr'>scientio</span> 
     </span>
     <span class='ocr_line' id='line_1_15' title="bbox 119 1515 1766 1591; baseline -0.002 -15"><span class='ocrx_word' id='word_1_188' title='bbox 119 1519 236 1577; x_wconf 90' lang='lat' dir='ltr'>arctiora</span> <span class='ocrx_word' id='word_1_189' title='bbox 250 1526 398 1591; x_wconf 74' lang='lat' dir='ltr'>praecepta,</span> <span class='ocrx_word' id='word_1_190' title='bbox 423 1533 484 1590; x_wconf 80' lang='lat' dir='ltr'>quae</span> <span class='ocrx_word' id='word_1_191' title='bbox 508 1533 618 1574; x_wconf 87' lang='lat' dir='ltr'>servare</span> <span class='ocrx_word' id='word_1_192' title='bbox 639 1516 750 1584; x_wconf 88' lang='lat' dir='ltr'>docuit;</span> <span class='ocrx_word' id='word_1_193' title='bbox 767 1515 916 1572; x_wconf 86' lang='lat' dir='ltr'>ianiculum</span> <span class='ocrx_word' id='word_1_194' title='bbox 967 1522 1017 1573; x_wconf 89' lang='lat' dir='ltr'>tua</span> <span class='ocrx_word' id='word_1_195' title='bbox 1032 1533 1069 1573; x_wconf 80' lang='lat' dir='ltr'>ca</span> <span class='ocrx_word' id='word_1_196' title='bbox 1085 1533 1140 1588; x_wconf 84' lang='lat' dir='ltr'>mc,</span> <span class='ocrx_word' id='word_1_197' title='bbox 1156 1515 1301 1590; x_wconf 81' lang='lat' dir='ltr'>[Cassiod.,</span> <span class='ocrx_word' id='word_1_198' title='bbox 1314 1517 1357 1574; x_wconf 90' lang='lat' dir='ltr'>Gi.</span> <span class='ocrx_word' id='word_1_199' title='bbox 1371 1515 1431 1590; x_wconf 78' lang='lat' dir='ltr'>int]</span> <span class='ocrx_word' id='word_1_200' title='bbox 1442 1517 1469 1572; x_wconf 93' lang='lat' dir='ltr'>id</span> <span class='ocrx_word' id='word_1_201' title='bbox 1478 1525 1577 1589; x_wconf 87' lang='lat' dir='ltr'>estper</span> <span class='ocrx_word' id='word_1_202' title='bbox 1591 1533 1682 1574; x_wconf 89' lang='lat' dir='ltr'>meum</span> <span class='ocrx_word' id='word_1_203' title='bbox 1695 1533 1766 1590; x_wconf 84' lang='lat' dir='ltr'>prae·</span> 
     </span>
     <span class='ocr_line' id='line_1_16' title="bbox 118 1603 1763 1678; baseline -0.001 -14"><span class='ocrx_word' id='word_1_204' title='bbox 118 1607 306 1665; x_wconf 89' lang='lat' dir='ltr'>haereditatem</span> <span class='ocrx_word' id='word_1_205' title='bbox 338 1615 475 1673; x_wconf 79' lang='lat' dir='ltr'>aeternam,</span> <span class='ocrx_word' id='word_1_206' title='bbox 507 1621 589 1678; x_wconf 92' lang='lat' dir='ltr'>quam</span> <span class='ocrx_word' id='word_1_207' title='bbox 614 1619 665 1676; x_wconf 93' lang='lat' dir='ltr'>pro</span> <span class='ocrx_word' id='word_1_208' title='bbox 686 1604 741 1659; x_wconf 91' lang='lat' dir='ltr'>illis</span> <span class='ocrx_word' id='word_1_209' title='bbox 764 1603 916 1660; x_wconf 89' lang='lat' dir='ltr'>observatis</span> <span class='ocrx_word' id='word_1_210' title='bbox 966 1604 1129 1661; x_wconf 82' lang='lat' dir='ltr'>dicationem</span> <span class='ocrx_word' id='word_1_211' title='bbox 1144 1608 1223 1677; x_wconf 80' lang='lat' dir='ltr'>sacta</span> <span class='ocrx_word' id='word_1_212' title='bbox 1245 1612 1286 1662; x_wconf 93' lang='lat' dir='ltr'>est</span> <span class='ocrx_word' id='word_1_213' title='bbox 1309 1605 1451 1676; x_wconf 87' lang='lat' dir='ltr'>mirabilis,</span> <span class='ocrx_word' id='word_1_214' title='bbox 1475 1605 1641 1663; x_wconf 89' lang='lat' dir='ltr'>bominibus.</span> <span class='ocrx_word' id='word_1_215' title='bbox 1665 1604 1763 1664; x_wconf 91' lang='lat' dir='ltr'>Scien-</span> 
     </span>
     <span class='ocr_line' id='line_1_17' title="bbox 118 1690 1764 1784; baseline -0.001 -31"><span class='ocrx_word' id='word_1_216' title='bbox 118 1697 256 1770; x_wconf 88' lang='lat' dir='ltr'>promisit.</span> <span class='ocrx_word' id='word_1_217' title='bbox 276 1696 310 1751; x_wconf 86' lang='lat' dir='ltr'>Et</span> <span class='ocrx_word' id='word_1_218' title='bbox 333 1709 428 1750; x_wconf 84' lang='lat' dir='ltr'>omncs</span> <span class='ocrx_word' id='word_1_219' title='bbox 451 1693 510 1750; x_wconf 90' lang='lat' dir='ltr'>vias</span> <span class='ocrx_word' id='word_1_220' title='bbox 532 1709 608 1750; x_wconf 87' lang='lat' dir='ltr'>meas</span> <span class='ocrx_word' id='word_1_221' title='bbox 632 1692 790 1765; x_wconf 71' lang='lat' dir='ltr'>providisti.</span> <span class='ocrx_word' id='word_1_222' title='bbox 807 1690 915 1766; x_wconf 69' lang='lat' dir='ltr'>[iiiios]</span> <span class='ocrx_word' id='word_1_223' title='bbox 929 1693 1004 1784; x_wconf 76' lang='lat' dir='ltr'>Biia</span> <span class='ocrx_word' id='word_1_224' title='bbox 1028 1693 1100 1749; x_wconf 91' lang='lat' dir='ltr'>enim</span> <span class='ocrx_word' id='word_1_225' title='bbox 1124 1693 1213 1748; x_wconf 86' lang='lat' dir='ltr'>Patris</span> <span class='ocrx_word' id='word_1_226' title='bbox 1233 1710 1284 1766; x_wconf 91' lang='lat' dir='ltr'>per</span> <span class='ocrx_word' id='word_1_227' title='bbox 1308 1694 1445 1750; x_wconf 88' lang='lat' dir='ltr'>Christum</span> <span class='ocrx_word' id='word_1_228' title='bbox 1468 1693 1615 1766; x_wconf 85' lang='lat' dir='ltr'>praedicata</span> <span class='ocrx_word' id='word_1_229' title='bbox 1640 1695 1708 1752; x_wconf 89' lang='lat' dir='ltr'>lacta</span> <span class='ocrx_word' id='word_1_230' title='bbox 1722 1703 1764 1751; x_wconf 91' lang='lat' dir='ltr'>est</span> 
     </span>
     <span class='ocr_line' id='line_1_18' title="bbox 120 1780 1763 1857; baseline -0.003 -13"><span class='ocrx_word' id='word_1_231' title='bbox 120 1787 177 1844; x_wconf 77' lang='lat' dir='ltr'>Vise</span> <span class='ocrx_word' id='word_1_232' title='bbox 191 1785 328 1857; x_wconf 90' lang='lat' dir='ltr'>pertinent</span> <span class='ocrx_word' id='word_1_233' title='bbox 341 1784 378 1839; x_wconf 93' lang='lat' dir='ltr'>ad</span> <span class='ocrx_word' id='word_1_234' title='bbox 391 1783 524 1839; x_wconf 87' lang='lat' dir='ltr'>humanos</span> <span class='ocrx_word' id='word_1_235' title='bbox 548 1790 633 1848; x_wconf 90' lang='lat' dir='ltr'>actus,</span> <span class='ocrx_word' id='word_1_236' title='bbox 659 1781 758 1853; x_wconf 89' lang='lat' dir='ltr'>quibus</span> <span class='ocrx_word' id='word_1_237' title='bbox 772 1780 799 1836; x_wconf 93' lang='lat' dir='ltr'>in</span> <span class='ocrx_word' id='word_1_238' title='bbox 813 1781 916 1836; x_wconf 92' lang='lat' dir='ltr'>mundo</span> <span class='ocrx_word' id='word_1_239' title='bbox 967 1782 1098 1838; x_wconf 91' lang='lat' dir='ltr'>mirabilis</span> <span class='ocrx_word' id='word_1_240' title='bbox 1119 1781 1284 1848; x_wconf 90' lang='lat' dir='ltr'>bominibus,</span> <span class='ocrx_word' id='word_1_241' title='bbox 1307 1783 1404 1854; x_wconf 90' lang='lat' dir='ltr'>quibus</span> <span class='ocrx_word' id='word_1_242' title='bbox 1427 1790 1466 1838; x_wconf 93' lang='lat' dir='ltr'>tot</span> <span class='ocrx_word' id='word_1_243' title='bbox 1486 1797 1587 1839; x_wconf 88' lang='lat' dir='ltr'>arcana</span> <span class='ocrx_word' id='word_1_244' title='bbox 1608 1791 1763 1856; x_wconf 88' lang='lat' dir='ltr'>patuerunt.</span> 
     </span>
     <span class='ocr_line' id='line_1_19' title="bbox 119 1867 1765 1943; baseline -0.002 -11"><span class='ocrx_word' id='word_1_245' title='bbox 119 1881 297 1932; x_wconf 88' lang='lat' dir='ltr'>conversatus</span> <span class='ocrx_word' id='word_1_246' title='bbox 312 1879 362 1928; x_wconf 89' lang='lat' dir='ltr'>est.</span> <span class='ocrx_word' id='word_1_247' title='bbox 379 1872 443 1927; x_wconf 83' lang='lat' dir='ltr'>liaec</span> <span class='ocrx_word' id='word_1_248' title='bbox 465 1871 555 1928; x_wconf 89' lang='lat' dir='ltr'>omnia</span> <span class='ocrx_word' id='word_1_249' title='bbox 583 1869 645 1927; x_wconf 92' lang='lat' dir='ltr'>dico</span> <span class='ocrx_word' id='word_1_250' title='bbox 668 1877 695 1925; x_wconf 90' lang='lat' dir='ltr'>te</span> <span class='ocrx_word' id='word_1_251' title='bbox 715 1869 836 1936; x_wconf 85' lang='lat' dir='ltr'>novisse,</span> <span class='ocrx_word' id='word_1_252' title='bbox 853 1867 917 1942; x_wconf 87' lang='lat' dir='ltr'>quia</span> <span class='ocrx_word' id='word_1_253' title='bbox 966 1870 1108 1926; x_wconf 86' lang='lat' dir='ltr'>Perillam</span> <span class='ocrx_word' id='word_1_254' title='bbox 1123 1885 1197 1940; x_wconf 86' lang='lat' dir='ltr'>vero,</span> <span class='ocrx_word' id='word_1_255' title='bbox 1223 1870 1326 1927; x_wconf 90' lang='lat' dir='ltr'>scilicet</span> <span class='ocrx_word' id='word_1_256' title='bbox 1349 1887 1399 1943; x_wconf 86' lang='lat' dir='ltr'>per</span> <span class='ocrx_word' id='word_1_257' title='bbox 1417 1871 1535 1943; x_wconf 91' lang='lat' dir='ltr'>primum</span> <span class='ocrx_word' id='word_1_258' title='bbox 1549 1871 1697 1941; x_wconf 88' lang='lat' dir='ltr'>hominem,</span> <span class='ocrx_word' id='word_1_259' title='bbox 1712 1873 1765 1928; x_wconf 91' lang='lat' dir='ltr'>de-</span> 
     </span>
     <span class='ocr_line' id='line_1_20' title="bbox 118 1955 1765 2032; baseline -0.001 -15"><span class='ocrx_word' id='word_1_260' title='bbox 118 1960 199 2017; x_wconf 90' lang='lat' dir='ltr'>dolus</span> <span class='ocrx_word' id='word_1_261' title='bbox 213 1976 268 2016; x_wconf 90' lang='lat' dir='ltr'>non</span> <span class='ocrx_word' id='word_1_262' title='bbox 286 1967 327 2015; x_wconf 90' lang='grc' dir='ltr'>εει</span> <span class='ocrx_word' id='word_1_263' title='bbox 349 1959 378 2014; x_wconf 93' lang='lat' dir='ltr'>in</span> <span class='ocrx_word' id='word_1_264' title='bbox 401 1957 495 2032; x_wconf 73' lang='lat' dir='ltr'>lingua</span> <span class='ocrx_word' id='word_1_265' title='bbox 517 1973 588 2024; x_wconf 88' lang='lat' dir='ltr'>mea,</span> <span class='ocrx_word' id='word_1_266' title='bbox 604 1957 673 2013; x_wconf 90' lang='lat' dir='ltr'>utin</span> <span class='ocrx_word' id='word_1_267' title='bbox 695 1955 789 2030; x_wconf 79' lang='lat' dir='ltr'>lingua</span> <span class='ocrx_word' id='word_1_268' title='bbox 809 1957 877 2013; x_wconf 77' lang='lat' dir='ltr'>Adae</span> <span class='ocrx_word' id='word_1_269' title='bbox 891 1963 917 2012; x_wconf 91' lang='lat' dir='ltr'>et</span> <span class='ocrx_word' id='word_1_270' title='bbox 967 1958 1109 2030; x_wconf 92' lang='lat' dir='ltr'>spicabilis</span> <span class='ocrx_word' id='word_1_271' title='bbox 1125 1958 1184 2014; x_wconf 90' lang='lat' dir='ltr'>init.</span> <span class='ocrx_word' id='word_1_272' title='bbox 1200 1959 1235 2014; x_wconf 82' lang='lat' dir='ltr'>lit</span> <span class='ocrx_word' id='word_1_273' title='bbox 1249 1963 1412 2032; x_wconf 74' lang='lat' dir='ltr'>confortata</span> <span class='ocrx_word' id='word_1_274' title='bbox 1430 1965 1483 2026; x_wconf 83' lang='lat' dir='ltr'>ert,</span> <span class='ocrx_word' id='word_1_275' title='bbox 1500 1960 1527 2014; x_wconf 91' lang='lat' dir='ltr'>in</span> <span class='ocrx_word' id='word_1_276' title='bbox 1539 1961 1697 2032; x_wconf 88' lang='lat' dir='ltr'>pectoribus</span> <span class='ocrx_word' id='word_1_277' title='bbox 1712 1961 1765 2017; x_wconf 91' lang='lat' dir='ltr'>bo·</span> 
     </span>
     <span class='ocr_line' id='line_1_21' title="bbox 117 2044 1764 2121; baseline 0.001 -18"><span class='ocrx_word' id='word_1_278' title='bbox 117 2049 236 2105; x_wconf 88' lang='lat' dir='ltr'>liliorum</span> <span class='ocrx_word' id='word_1_279' title='bbox 248 2049 307 2118; x_wconf 89' lang='lat' dir='ltr'>ejus</span> <span class='ocrx_word' id='word_1_280' title='bbox 324 2064 331 2102; x_wconf 75' lang='grc' dir='ltr'>ε</span> <span class='ocrx_word' id='word_1_281' title='bbox 347 2062 400 2120; x_wconf 84' lang='lat' dir='ltr'>ego</span> <span class='ocrx_word' id='word_1_282' title='bbox 414 2054 503 2102; x_wconf 87' lang='lat' dir='ltr'>autem</span> <span class='ocrx_word' id='word_1_283' title='bbox 519 2061 575 2102; x_wconf 90' lang='lat' dir='ltr'>non</span> <span class='ocrx_word' id='word_1_284' title='bbox 588 2044 641 2102; x_wconf 83' lang='lat' dir='ltr'>nisi</span> <span class='ocrx_word' id='word_1_285' title='bbox 655 2044 797 2102; x_wconf 88' lang='lat' dir='ltr'>veritatem</span> <span class='ocrx_word' id='word_1_286' title='bbox 806 2045 914 2117; x_wconf 87' lang='lat' dir='ltr'>loquor,</span> <span class='ocrx_word' id='word_1_287' title='bbox 966 2046 1080 2115; x_wconf 91' lang='lat' dir='ltr'>minum,</span> <span class='ocrx_word' id='word_1_288' title='bbox 1105 2063 1166 2104; x_wconf 90' lang='lat' dir='ltr'>cum</span> <span class='ocrx_word' id='word_1_289' title='bbox 1188 2045 1304 2104; x_wconf 85' lang='lat' dir='ltr'>firmiter</span> <span class='ocrx_word' id='word_1_290' title='bbox 1327 2048 1520 2116; x_wconf 80' lang='lat' dir='ltr'>crediderunt3</span> <span class='ocrx_word' id='word_1_291' title='bbox 1536 2049 1584 2104; x_wconf 91' lang='lat' dir='ltr'>sed</span> <span class='ocrx_word' id='word_1_292' title='bbox 1606 2063 1656 2121; x_wconf 89' lang='lat' dir='ltr'>per·</span> <span class='ocrx_word' id='word_1_293' title='bbox 1677 2047 1764 2120; x_wconf 92' lang='lat' dir='ltr'>illum,</span> 
     </span>
     <span class='ocr_line' id='line_1_22' title="bbox 119 2133 1765 2211; baseline 0.002 -19"><span class='ocrx_word' id='word_1_294' title='bbox 119 2138 242 2211; x_wconf 84' lang='lat' dir='ltr'>quamvis</span> <span class='ocrx_word' id='word_1_295' title='bbox 257 2136 372 2192; x_wconf 86' lang='lat' dir='ltr'>dixerim</span> <span class='ocrx_word' id='word_1_296' title='bbox 388 2135 513 2207; x_wconf 87' lang='lat' dir='ltr'>quaedam</span> <span class='ocrx_word' id='word_1_297' title='bbox 529 2150 590 2206; x_wconf 74' lang='lat' dir='ltr'>quae</span> <span class='ocrx_word' id='word_1_298' title='bbox 604 2133 731 2191; x_wconf 89' lang='lat' dir='ltr'>videntur</span> <span class='ocrx_word' id='word_1_299' title='bbox 746 2133 798 2188; x_wconf 91' lang='lat' dir='ltr'>sibi</span> <span class='ocrx_word' id='word_1_300' title='bbox 813 2133 916 2189; x_wconf 85' lang='lat' dir='ltr'>adver·</span> <span class='ocrx_word' id='word_1_301' title='bbox 968 2135 1071 2193; x_wconf 90' lang='lat' dir='ltr'>scilicet</span> <span class='ocrx_word' id='word_1_302' title='bbox 1095 2136 1190 2202; x_wconf 81' lang='lat' dir='ltr'>Adam,</span> <span class='ocrx_word' id='word_1_303' title='bbox 1217 2133 1352 2192; x_wconf 83' lang='lat' dir='ltr'>infirmata</span> <span class='ocrx_word' id='word_1_304' title='bbox 1371 2144 1421 2192; x_wconf 90' lang='lat' dir='ltr'>est.</span> <span class='ocrx_word' id='word_1_305' title='bbox 1440 2140 1475 2194; x_wconf 82' lang='lat' dir='ltr'>Et</span> <span class='ocrx_word' id='word_1_306' title='bbox 1492 2145 1650 2194; x_wconf 81' lang='lat' dir='ltr'>tamennon</span> <span class='ocrx_word' id='word_1_307' title='bbox 1668 2141 1765 2211; x_wconf 85' lang='lat' dir='ltr'>potero</span> 
     </span>
     <span class='ocr_line' id='line_1_23' title="bbox 120 2221 1766 2300; baseline 0.001 -18"><span class='ocrx_word' id='word_1_308' title='bbox 120 2242 162 2292; x_wconf 87' lang='lat' dir='ltr'>sa,</span> <span class='ocrx_word' id='word_1_309' title='bbox 187 2233 217 2280; x_wconf 92' lang='lat' dir='ltr'>ut</span> <span class='ocrx_word' id='word_1_310' title='bbox 240 2224 308 2281; x_wconf 91' lang='lat' dir='ltr'>illud</span> <span class='ocrx_word' id='word_1_311' title='bbox 323 2241 331 2279; x_wconf 92' lang='lat'>:</span> <span class='ocrx_word' id='word_1_312' title='bbox 347 2227 433 2280; x_wconf 84' lang='lat' dir='ltr'>Pater</span> <span class='ocrx_word' id='word_1_313' title='bbox 449 2225 542 2296; x_wconf 88' lang='lat' dir='ltr'>major</span> <span class='ocrx_word' id='word_1_314' title='bbox 557 2238 601 2279; x_wconf 82' lang='lat' dir='ltr'>me</span> <span class='ocrx_word' id='word_1_315' title='bbox 620 2226 663 2278; x_wconf 82' lang='lat' dir='ltr'>cst</span> <span class='ocrx_word' id='word_1_316' title='bbox 683 2222 778 2294; x_wconf 79' lang='lat' dir='ltr'>(toan.</span> <span class='ocrx_word' id='word_1_317' title='bbox 802 2221 873 2294; x_wconf 88' lang='lat' dir='ltr'>xrv),</span> <span class='ocrx_word' id='word_1_318' title='bbox 891 2228 918 2276; x_wconf 93' lang='lat' dir='ltr'>et</span> <span class='ocrx_word' id='word_1_319' title='bbox 967 2225 1001 2280; x_wconf 91' lang='lat' dir='ltr'>ad</span> <span class='ocrx_word' id='word_1_320' title='bbox 1017 2239 1088 2290; x_wconf 89' lang='lat' dir='ltr'>eam,</span> <span class='ocrx_word' id='word_1_321' title='bbox 1104 2223 1211 2298; x_wconf 87' lang='lat' dir='ltr'>[Hilar.,</span> <span class='ocrx_word' id='word_1_322' title='bbox 1239 2223 1376 2300; x_wconf 83' lang='lat' dir='ltr'>Cassiod]</span> <span class='ocrx_word' id='word_1_323' title='bbox 1400 2242 1433 2281; x_wconf 85' lang='lat' dir='ltr'>ax</span> <span class='ocrx_word' id='word_1_324' title='bbox 1457 2242 1489 2282; x_wconf 90' lang='lat' dir='ltr'>eo</span> <span class='ocrx_word' id='word_1_325' title='bbox 1516 2226 1589 2298; x_wconf 86' lang='lat' dir='ltr'>quod</span> <span class='ocrx_word' id='word_1_326' title='bbox 1610 2226 1701 2293; x_wconf 92' lang='lat' dir='ltr'>bomo,</span> <span class='ocrx_word' id='word_1_327' title='bbox 1717 2242 1766 2283; x_wconf 86' lang='lat' dir='ltr'>ve·</span> 
     </span>
     <span class='ocr_line' id='line_1_24' title="bbox 119 2311 1765 2386; baseline 0.001 -18"><span class='ocrx_word' id='word_1_328' title='bbox 119 2314 187 2369; x_wconf 92' lang='lat' dir='ltr'>illud</span> <span class='ocrx_word' id='word_1_329' title='bbox 202 2331 209 2369; x_wconf 83' lang='grc' dir='ltr'>ι</span> <span class='ocrx_word' id='word_1_330' title='bbox 226 2315 283 2384; x_wconf 84' lang='grc' dir='ltr'>Ερο</span> <span class='ocrx_word' id='word_1_331' title='bbox 300 2317 328 2369; x_wconf 87' lang='grc' dir='ltr'>ει</span> <span class='ocrx_word' id='word_1_332' title='bbox 348 2315 436 2368; x_wconf 84' lang='lat' dir='ltr'>Pater</span> <span class='ocrx_word' id='word_1_333' title='bbox 454 2328 545 2369; x_wconf 85' lang='lat' dir='ltr'>uuum</span> <span class='ocrx_word' id='word_1_334' title='bbox 564 2327 663 2367; x_wconf 85' lang='lat' dir='ltr'>sumus</span> <span class='ocrx_word' id='word_1_335' title='bbox 683 2311 775 2381; x_wconf 85' lang='lat' dir='ltr'>(tona.</span> <span class='ocrx_word' id='word_1_336' title='bbox 797 2313 838 2381; x_wconf 92' lang='lat' dir='ltr'>x),</span> <span class='ocrx_word' id='word_1_337' title='bbox 856 2325 917 2382; x_wconf 78' lang='lat' dir='ltr'>qum</span> <span class='ocrx_word' id='word_1_338' title='bbox 967 2313 1033 2368; x_wconf 90' lang='lat' dir='ltr'>ritas</span> <span class='ocrx_word' id='word_1_339' title='bbox 1049 2313 1174 2368; x_wconf 89' lang='lat' dir='ltr'>humauae</span> <span class='ocrx_word' id='word_1_340' title='bbox 1195 2313 1359 2370; x_wconf 89' lang='lat' dir='ltr'>conditionis</span> <span class='ocrx_word' id='word_1_341' title='bbox 1383 2315 1545 2386; x_wconf 87' lang='lat' dir='ltr'>ostenditur,</span> <span class='ocrx_word' id='word_1_342' title='bbox 1567 2331 1629 2371; x_wconf 92' lang='lat' dir='ltr'>cum</span> <span class='ocrx_word' id='word_1_343' title='bbox 1644 2314 1690 2382; x_wconf 88' lang='lat' dir='ltr'>ait,</span> <span class='ocrx_word' id='word_1_344' title='bbox 1707 2331 1765 2372; x_wconf 80' lang='lat' dir='ltr'>uon</span> 
     </span>
     <span class='ocr_line' id='line_1_25' title="bbox 121 2398 1765 2476; baseline 0.001 -20"><span class='ocrx_word' id='word_1_345' title='bbox 121 2418 176 2457; x_wconf 88' lang='lat' dir='ltr'>non</span> <span class='ocrx_word' id='word_1_346' title='bbox 193 2417 255 2458; x_wconf 85' lang='lat' dir='ltr'>esse</span> <span class='ocrx_word' id='word_1_347' title='bbox 278 2400 416 2458; x_wconf 87' lang='lat' dir='ltr'>contraria</span> <span class='ocrx_word' id='word_1_348' title='bbox 434 2398 459 2455; x_wconf 90' lang='lat' dir='ltr'>ei</span> <span class='ocrx_word' id='word_1_349' title='bbox 473 2399 600 2469; x_wconf 87' lang='lat' dir='ltr'>advertit,</span> <span class='ocrx_word' id='word_1_350' title='bbox 625 2398 752 2472; x_wconf 91' lang='lat' dir='ltr'>quiquid</span> <span class='ocrx_word' id='word_1_351' title='bbox 768 2398 917 2454; x_wconf 90' lang='lat' dir='ltr'>secundum</span> <span class='ocrx_word' id='word_1_352' title='bbox 966 2403 1108 2476; x_wconf 85' lang='lat' dir='ltr'>poteroad</span> <span class='ocrx_word' id='word_1_353' title='bbox 1125 2419 1197 2471; x_wconf 85' lang='lat' dir='ltr'>eam,</span> <span class='ocrx_word' id='word_1_354' title='bbox 1214 2403 1277 2474; x_wconf 88' lang='lat' dir='ltr'>quia</span> <span class='ocrx_word' id='word_1_355' title='bbox 1298 2403 1379 2458; x_wconf 93' lang='lat' dir='ltr'>bomo</span> <span class='ocrx_word' id='word_1_356' title='bbox 1407 2410 1564 2475; x_wconf 87' lang='lat' dir='ltr'>assumptus</span> <span class='ocrx_word' id='word_1_357' title='bbox 1587 2403 1686 2460; x_wconf 76' lang='lat' dir='ltr'>divinae</span> <span class='ocrx_word' id='word_1_358' title='bbox 1701 2407 1765 2458; x_wconf 90' lang='lat' dir='ltr'>sub-</span> 
     </span>
     <span class='ocr_line' id='line_1_26' title="bbox 120 2487 1763 2564; baseline 0.001 -18"><span class='ocrx_word' id='word_1_359' title='bbox 120 2490 184 2564; x_wconf 91' lang='lat' dir='ltr'>quid</span> <span class='ocrx_word' id='word_1_360' title='bbox 199 2487 522 2556; x_wconf 88' lang='lat' dir='ltr'>dicatur,animadrertit.</span> <span class='ocrx_word' id='word_1_361' title='bbox 544 2487 698 2543; x_wconf 90' lang='lat' dir='ltr'>Secundum</span> <span class='ocrx_word' id='word_1_362' title='bbox 721 2487 917 2543; x_wconf 86' lang='lat' dir='ltr'>humanitatem</span> <span class='ocrx_word' id='word_1_363' title='bbox 968 2489 1075 2546; x_wconf 84' lang='lat' dir='ltr'>stantiae</span> <span class='ocrx_word' id='word_1_364' title='bbox 1093 2506 1149 2547; x_wconf 91' lang='lat' dir='ltr'>non</span> <span class='ocrx_word' id='word_1_365' title='bbox 1172 2499 1263 2562; x_wconf 89' lang='lat' dir='ltr'>potest</span> <span class='ocrx_word' id='word_1_366' title='bbox 1283 2491 1388 2563; x_wconf 86' lang='lat' dir='ltr'>aequari</span> <span class='ocrx_word' id='word_1_367' title='bbox 1410 2491 1437 2546; x_wconf 92' lang='lat' dir='ltr'>in</span> <span class='ocrx_word' id='word_1_368' title='bbox 1453 2491 1567 2548; x_wconf 89' lang='lat' dir='ltr'>scientia</span> <span class='ocrx_word' id='word_1_369' title='bbox 1592 2491 1634 2548; x_wconf 91' lang='lat' dir='ltr'>vel</span> <span class='ocrx_word' id='word_1_370' title='bbox 1656 2491 1685 2548; x_wconf 87' lang='lat' dir='ltr'>in</span> <span class='ocrx_word' id='word_1_371' title='bbox 1700 2491 1763 2549; x_wconf 90' lang='lat' dir='ltr'>alio.</span> 
     </span>
     <span class='ocr_line' id='line_1_27' title="bbox 119 2575 1764 2652; baseline 0.002 -18"><span class='ocrx_word' id='word_1_372' title='bbox 119 2595 236 2650; x_wconf 86' lang='lat' dir='ltr'>namque</span> <span class='ocrx_word' id='word_1_373' title='bbox 257 2579 337 2634; x_wconf 86' lang='lat' dir='ltr'>Pater</span> <span class='ocrx_word' id='word_1_374' title='bbox 356 2577 442 2648; x_wconf 84' lang='lat' dir='ltr'>major</span> <span class='ocrx_word' id='word_1_375' title='bbox 464 2575 551 2644; x_wconf 80' lang='lat' dir='ltr'>Fili03</span> <span class='ocrx_word' id='word_1_376' title='bbox 576 2575 726 2632; x_wconf 88' lang='lat' dir='ltr'>secundum</span> <span class='ocrx_word' id='word_1_377' title='bbox 750 2575 918 2632; x_wconf 88' lang='lat' dir='ltr'>divinitatem</span> <span class='ocrx_word' id='word_1_378' title='bbox 968 2578 1073 2634; x_wconf 89' lang='lat' dir='ltr'>Deinde</span> <span class='ocrx_word' id='word_1_379' title='bbox 1088 2578 1206 2635; x_wconf 88' lang='lat' dir='ltr'>ostendit</span> <span class='ocrx_word' id='word_1_380' title='bbox 1226 2579 1400 2650; x_wconf 72' lang='lat' dir='ltr'>praesentiam</span> <span class='ocrx_word' id='word_1_381' title='bbox 1425 2580 1474 2635; x_wconf 89' lang='lat' dir='ltr'>Dei</span> <span class='ocrx_word' id='word_1_382' title='bbox 1490 2579 1556 2635; x_wconf 91' lang='lat' dir='ltr'>nihil</span> <span class='ocrx_word' id='word_1_383' title='bbox 1571 2595 1652 2652; x_wconf 89' lang='lat' dir='ltr'>posse</span> <span class='ocrx_word' id='word_1_384' title='bbox 1667 2580 1764 2648; x_wconf 84' lang='lat' dir='ltr'>latere,</span> 
     </span>
     <span class='ocr_line' id='line_1_28' title="bbox 119 2665 1765 2742; baseline 0.001 -18"><span class='ocrx_word' id='word_1_385' title='bbox 119 2667 233 2741; x_wconf 72' lang='lat' dir='ltr'>aequalis</span> <span class='ocrx_word' id='word_1_386' title='bbox 248 2675 291 2722; x_wconf 87' lang='lat' dir='ltr'>est</span> <span class='ocrx_word' id='word_1_387' title='bbox 305 2665 379 2722; x_wconf 92' lang='lat' dir='ltr'>Patri</span> <span class='ocrx_word' id='word_1_388' title='bbox 402 2665 494 2732; x_wconf 83' lang='lat' dir='ltr'>Filius,</span> <span class='ocrx_word' id='word_1_389' title='bbox 516 2672 618 2721; x_wconf 87' lang='lat' dir='ltr'>etcum</span> <span class='ocrx_word' id='word_1_390' title='bbox 639 2679 672 2720; x_wconf 91' lang='lat' dir='ltr'>eo</span> <span class='ocrx_word' id='word_1_391' title='bbox 687 2679 780 2720; x_wconf 89' lang='lat' dir='ltr'>unum.</span> <span class='ocrx_word' id='word_1_392' title='bbox 806 2665 840 2720; x_wconf 86' lang='lat' dir='ltr'>Et</span> <span class='ocrx_word' id='word_1_393' title='bbox 854 2679 918 2720; x_wconf 88' lang='lat' dir='ltr'>rere</span> <span class='ocrx_word' id='word_1_394' title='bbox 969 2667 1089 2722; x_wconf 89' lang='lat' dir='ltr'>subdens</span> <span class='ocrx_word' id='word_1_395' title='bbox 1105 2685 1112 2722; x_wconf 91' lang='lat'>:</span> <span class='ocrx_word' id='word_1_396' title='bbox 1130 2668 1187 2735; x_wconf 83' lang='lat' dir='ltr'>Quo</span> <span class='ocrx_word' id='word_1_397' title='bbox 1203 2666 1273 2725; x_wconf 85' lang='lat' dir='ltr'>ibon</span> <span class='ocrx_word' id='word_1_398' title='bbox 1291 2669 1398 2742; x_wconf 84' lang='lat' dir='ltr'>spiritu</span> <span class='ocrx_word' id='word_1_399' title='bbox 1408 2673 1457 2725; x_wconf 88' lang='lat' dir='ltr'>tuo</span> <span class='ocrx_word' id='word_1_400' title='bbox 1467 2673 1495 2725; x_wconf 88' lang='grc' dir='ltr'>ει</span> <span class='ocrx_word' id='word_1_401' title='bbox 1503 2685 1556 2742; x_wconf 83' lang='lat' dir='ltr'>quo</span> <span class='ocrx_word' id='word_1_402' title='bbox 1571 2669 1679 2742; x_wconf 75' lang='lat' dir='ltr'>sapiam</span> <span class='ocrx_word' id='word_1_403' title='bbox 1690 2686 1708 2726; x_wconf 90' lang='lat' dir='ltr'>o</span> <span class='ocrx_word' id='word_1_404' title='bbox 1717 2672 1765 2741; x_wconf 76' lang='lat' dir='ltr'>ta·</span> 
     </span>
     <span class='ocr_line' id='line_1_29' title="bbox 120 2753 1765 2830; baseline 0.001 -18"><span class='ocrx_word' id='word_1_405' title='bbox 120 2771 175 2812; x_wconf 90' lang='lat' dir='ltr'>non</span> <span class='ocrx_word' id='word_1_406' title='bbox 189 2764 231 2812; x_wconf 89' lang='lat' dir='ltr'>cst</span> <span class='ocrx_word' id='word_1_407' title='bbox 245 2755 335 2822; x_wconf 91' lang='lat' dir='ltr'>dolus,</span> <span class='ocrx_word' id='word_1_408' title='bbox 351 2753 415 2828; x_wconf 91' lang='lat' dir='ltr'>quia</span> <span class='ocrx_word' id='word_1_409' title='bbox 430 2769 502 2820; x_wconf 83' lang='lat' dir='ltr'>cccc,</span> <span class='ocrx_word' id='word_1_410' title='bbox 515 2753 640 2818; x_wconf 86' lang='lat' dir='ltr'>Domine,</span> <span class='ocrx_word' id='word_1_411' title='bbox 653 2757 686 2810; x_wconf 89' lang='lat' dir='ltr'>tu</span> <span class='ocrx_word' id='word_1_412' title='bbox 695 2753 848 2825; x_wconf 82' lang='lat' dir='ltr'>ccpuouisti</span> <span class='ocrx_word' id='word_1_413' title='bbox 857 2769 918 2809; x_wconf 84' lang='lat' dir='ltr'>cur·</span> <span class='ocrx_word' id='word_1_414' title='bbox 969 2755 1011 2812; x_wconf 87' lang='lat' dir='ltr'>ric</span> <span class='ocrx_word' id='word_1_415' title='bbox 1023 2761 1071 2812; x_wconf 88' lang='lat' dir='ltr'>tua</span> <span class='ocrx_word' id='word_1_416' title='bbox 1086 2759 1097 2812; x_wconf 89' lang='grc' dir='ltr'>ι</span> <span class='ocrx_word' id='word_1_417' title='bbox 1110 2755 1137 2811; x_wconf 91' lang='lat' dir='ltr'>id</span> <span class='ocrx_word' id='word_1_418' title='bbox 1153 2765 1193 2811; x_wconf 88' lang='grc' dir='ltr'>εει</span> <span class='ocrx_word' id='word_1_419' title='bbox 1208 2772 1224 2811; x_wconf 83' lang='grc' dir='ltr'>ε</span> <span class='ocrx_word' id='word_1_420' title='bbox 1238 2757 1388 2828; x_wconf 75' lang='lat' dir='ltr'>prasentia</span> <span class='ocrx_word' id='word_1_421' title='bbox 1412 2765 1459 2812; x_wconf 92' lang='lat' dir='ltr'>tua</span> <span class='ocrx_word' id='word_1_422' title='bbox 1480 2755 1607 2829; x_wconf 76' lang='lat' dir='ltr'>tugiam?</span> <span class='ocrx_word' id='word_1_423' title='bbox 1620 2773 1765 2830; x_wconf 86' lang='lat' dir='ltr'>nusquam.</span> 
     </span>
     <span class='ocr_line' id='line_1_30' title="bbox 120 2840 1765 2914; baseline -0.001 -12"><span class='ocrx_word' id='word_1_424' title='bbox 120 2845 172 2902; x_wconf 85' lang='lat' dir='ltr'>uia</span> <span class='ocrx_word' id='word_1_425' title='bbox 190 2844 353 2910; x_wconf 75' lang='lat' dir='ltr'>nouissima,</span> <span class='ocrx_word' id='word_1_426' title='bbox 364 2843 401 2898; x_wconf 90' lang='lat' dir='ltr'>de</span> <span class='ocrx_word' id='word_1_427' title='bbox 413 2841 610 2909; x_wconf 86' lang='lat' dir='ltr'>incarnatione,</span> <span class='ocrx_word' id='word_1_428' title='bbox 626 2846 654 2898; x_wconf 83' lang='lat' dir='ltr'>rt</span> <span class='ocrx_word' id='word_1_429' title='bbox 668 2842 798 2914; x_wconf 81' lang='lat' dir='ltr'>antiquo,</span> <span class='ocrx_word' id='word_1_430' title='bbox 815 2840 919 2896; x_wconf 85' lang='lat' dir='ltr'>scilicet</span> <span class='ocrx_word' id='word_1_431' title='bbox 970 2843 1040 2914; x_wconf 88' lang='lat' dir='ltr'>Quia</span> <span class='ocrx_word' id='word_1_432' title='bbox 1055 2846 1080 2901; x_wconf 86' lang='lat' dir='ltr'>si</span> <span class='ocrx_word' id='word_1_433' title='bbox 1098 2846 1250 2902; x_wconf 80' lang='lat' dir='ltr'>ascendero</span> <span class='ocrx_word' id='word_1_434' title='bbox 1263 2847 1294 2901; x_wconf 78' lang='grc' dir='ltr'>ιιι</span> <span class='ocrx_word' id='word_1_435' title='bbox 1305 2847 1416 2914; x_wconf 78' lang='lat' dir='ltr'>catum,</span> <span class='ocrx_word' id='word_1_436' title='bbox 1433 2853 1461 2900; x_wconf 91' lang='lat' dir='ltr'>ut</span> <span class='ocrx_word' id='word_1_437' title='bbox 1476 2845 1503 2900; x_wconf 90' lang='lat' dir='ltr'>in</span> <span class='ocrx_word' id='word_1_438' title='bbox 1517 2845 1678 2904; x_wconf 88' lang='lat' dir='ltr'>ascensione</span> <span class='ocrx_word' id='word_1_439' title='bbox 1693 2845 1765 2912; x_wconf 88' lang='lat' dir='ltr'>lecit,</span> 
     </span>
     <span class='ocr_line' id='line_1_31' title="bbox 120 2929 1770 3007; baseline 0.001 -18"><span class='ocrx_word' id='word_1_440' title='bbox 120 2949 181 3007; x_wconf 81' lang='lat' dir='ltr'>quae</span> <span class='ocrx_word' id='word_1_441' title='bbox 195 2940 258 2988; x_wconf 89' lang='lat' dir='ltr'>sunt</span> <span class='ocrx_word' id='word_1_442' title='bbox 272 2932 306 2988; x_wconf 91' lang='lat' dir='ltr'>de</span> <span class='ocrx_word' id='word_1_443' title='bbox 320 2939 422 2988; x_wconf 85' lang='lat' dir='ltr'>aetema</span> <span class='ocrx_word' id='word_1_444' title='bbox 431 2930 581 2987; x_wconf 84' lang='lat' dir='ltr'>divinitate.</span> <span class='ocrx_word' id='word_1_445' title='bbox 592 2929 777 2987; x_wconf 75' lang='lat' dir='ltr'>Nouissimam</span> <span class='ocrx_word' id='word_1_446' title='bbox 793 2935 834 2985; x_wconf 90' lang='grc' dir='ltr'>εει</span> <span class='ocrx_word' id='word_1_447' title='bbox 849 2930 915 2985; x_wconf 86' lang='grc' dir='ltr'>ιει·</span> <span class='ocrx_word' id='word_1_448' title='bbox 970 2936 1002 2988; x_wconf 90' lang='lat' dir='ltr'>tu</span> <span class='ocrx_word' id='word_1_449' title='bbox 1017 2933 1080 2990; x_wconf 86' lang='lat' dir='ltr'>illic</span> <span class='ocrx_word' id='word_1_450' title='bbox 1095 2949 1135 3003; x_wconf 84' lang='lat' dir='ltr'>cr,</span> <span class='ocrx_word' id='word_1_451' title='bbox 1151 2932 1198 2988; x_wconf 90' lang='lat' dir='ltr'>ubi</span> <span class='ocrx_word' id='word_1_452' title='bbox 1213 2949 1274 2989; x_wconf 88' lang='lat' dir='ltr'>sum</span> <span class='ocrx_word' id='word_1_453' title='bbox 1286 2933 1419 2990; x_wconf 88' lang='lat' dir='ltr'>locandus</span> <span class='ocrx_word' id='word_1_454' title='bbox 1433 2934 1467 2990; x_wconf 89' lang='lat' dir='ltr'>ad</span> <span class='ocrx_word' id='word_1_455' title='bbox 1482 2934 1621 2990; x_wconf 87' lang='lat' dir='ltr'>dexteram</span> <span class='ocrx_word' id='word_1_456' title='bbox 1635 2942 1717 2990; x_wconf 90' lang='lat' dir='ltr'>tuam.</span> <span class='ocrx_word' id='word_1_457' title='bbox 1732 2935 1770 2990; x_wconf 81' lang='lat' dir='ltr'>iit</span> 
     </span>
     <span class='ocr_line' id='line_1_32' title="bbox 122 3013 1765 3094; baseline -0.003 -11"><span class='ocrx_word' id='word_1_458' title='bbox 122 3017 187 3073; x_wconf 77' lang='lat' dir='ltr'>hum</span> <span class='ocrx_word' id='word_1_459' title='bbox 202 3032 268 3075; x_wconf 69' lang='lat' dir='ltr'>etit&gt;</span> <span class='ocrx_word' id='word_1_460' title='bbox 290 3014 389 3072; x_wconf 64' lang='lat' dir='ltr'>siclum</span> <span class='ocrx_word' id='word_1_461' title='bbox 414 3015 504 3084; x_wconf 69' lang='grc' dir='ltr'>(Ῑθιιιι</span> <span class='ocrx_word' id='word_1_462' title='bbox 521 3017 552 3085; x_wconf 67' lang='lat'>¹).</span> <span class='ocrx_word' id='word_1_463' title='bbox 569 3013 673 3070; x_wconf 66' lang='lat' dir='ltr'>Scilicei</span> <span class='ocrx_word' id='word_1_464' title='bbox 692 3029 759 3085; x_wconf 75' lang='lat' dir='ltr'>i&gt;uer</span> <span class='ocrx_word' id='word_1_465' title='bbox 781 3020 862 3069; x_wconf 64' lang='lat'><strong>”⁸¹⁰⁸</strong></span> <span class='ocrx_word' id='word_1_466' title='bbox 877 3019 919 3068; x_wconf 67' lang='lat'>0⁵1</span> <span class='ocrx_word' id='word_1_467' title='bbox 970 3019 1173 3077; x_wconf 82' lang='lat' dir='ltr'>sidcsceutero</span> <span class='ocrx_word' id='word_1_468' title='bbox 1194 3021 1231 3077; x_wconf 83' lang='lat' dir='ltr'>ad</span> <span class='ocrx_word' id='word_1_469' title='bbox 1246 3023 1405 3093; x_wconf 76' lang='lat' dir='ltr'>infernum,</span> <span class='ocrx_word' id='word_1_470' title='bbox 1426 3029 1455 3077; x_wconf 89' lang='lat' dir='ltr'>ut</span> <span class='ocrx_word' id='word_1_471' title='bbox 1470 3020 1534 3078; x_wconf 87' lang='lat' dir='ltr'>iecit</span> <span class='ocrx_word' id='word_1_472' title='bbox 1549 3037 1610 3079; x_wconf 91' lang='lat' dir='ltr'>cum</span> <span class='ocrx_word' id='word_1_473' title='bbox 1623 3021 1765 3094; x_wconf 84' lang='lat' dir='ltr'>expiravit,</span> 
     </span>
     <span class='ocr_line' id='line_1_33' title="bbox 121 3077 1768 3185; baseline -0.002 -15"><span class='ocrx_word' id='word_1_474' title='bbox 121 3113 201 3171; x_wconf 91' lang='lat' dir='ltr'>nobis</span> <span class='ocrx_word' id='word_1_475' title='bbox 215 3115 281 3185; x_wconf 75' lang='lat' dir='ltr'>(lca.</span> <span class='ocrx_word' id='word_1_476' title='bbox 302 3115 364 3184; x_wconf 89' lang='lat' dir='ltr'>rx);</span> <span class='ocrx_word' id='word_1_477' title='bbox 380 3113 531 3184; x_wconf 87' lang='lat' dir='ltr'>antiquam,</span> <span class='ocrx_word' id='word_1_478' title='bbox 547 3112 579 3167; x_wconf 83' lang='grc' dir='ltr'>ιιι</span> <span class='ocrx_word' id='word_1_479' title='bbox 600 3111 742 3185; x_wconf 79' lang='lat' dir='ltr'>principio</span> <span class='ocrx_word' id='word_1_480' title='bbox 765 3114 829 3166; x_wconf 83' lang='lat' dir='ltr'>erut</span> <span class='ocrx_word' id='word_1_481' title='bbox 854 3077 954 3166; x_wconf 74' lang='lat' dir='ltr'>Ver-⁰</span> <span class='ocrx_word' id='word_1_482' title='bbox 969 3107 1046 3176; x_wconf 85' lang='lat' dir='ltr'>oder,</span> <span class='ocrx_word' id='word_1_483' title='bbox 1062 3109 1139 3179; x_wconf 86' lang='lat' dir='ltr'>cnjus</span> <span class='ocrx_word' id='word_1_484' title='bbox 1154 3109 1251 3165; x_wconf 90' lang='lat' dir='ltr'>virtute</span> <span class='ocrx_word' id='word_1_485' title='bbox 1274 3109 1418 3166; x_wconf 89' lang='lat' dir='ltr'>debellavit</span> <span class='ocrx_word' id='word_1_486' title='bbox 1438 3125 1535 3166; x_wconf 88' lang='lat' dir='ltr'>aereas</span> <span class='ocrx_word' id='word_1_487' title='bbox 1552 3116 1713 3182; x_wconf 89' lang='lat' dir='ltr'>potestates.</span> <span class='ocrx_word' id='word_1_488' title='bbox 1733 3111 1768 3166; x_wconf 85' lang='lat' dir='ltr'>Et</span> 
     </span>
     <span class='ocr_line' id='line_1_34' title="bbox 122 3195 1765 3272; baseline -0.004 -12"><span class='ocrx_word' id='word_1_489' title='bbox 122 3204 198 3270; x_wconf 82' lang='lat' dir='ltr'>burra,</span> <span class='ocrx_word' id='word_1_490' title='bbox 210 3207 238 3258; x_wconf 86' lang='lat' dir='ltr'>et</span> <span class='ocrx_word' id='word_1_491' title='bbox 250 3201 365 3260; x_wconf 86' lang='lat' dir='ltr'>Verbum</span> <span class='ocrx_word' id='word_1_492' title='bbox 380 3204 443 3257; x_wconf 87' lang='lat' dir='ltr'>erat</span> <span class='ocrx_word' id='word_1_493' title='bbox 453 3200 529 3272; x_wconf 86' lang='lat' dir='ltr'>opud</span> <span class='ocrx_word' id='word_1_494' title='bbox 537 3201 625 3256; x_wconf 87' lang='lat' dir='ltr'>ileum</span> <span class='ocrx_word' id='word_1_495' title='bbox 642 3199 733 3269; x_wconf 82' lang='lat' dir='ltr'>(lona.</span> <span class='ocrx_word' id='word_1_496' title='bbox 746 3199 777 3269; x_wconf 93' lang='grc' dir='ltr'>ι).</span> <span class='ocrx_word' id='word_1_497' title='bbox 789 3195 920 3270; x_wconf 73' lang='lat' dir='ltr'>[dicuin]</span> <span class='ocrx_word' id='word_1_498' title='bbox 969 3197 1147 3270; x_wconf 80' lang='lat' dir='ltr'>rirnmpsero</span> <span class='ocrx_word' id='word_1_499' title='bbox 1160 3213 1271 3270; x_wconf 79' lang='lat' dir='ltr'>pennas</span> <span class='ocrx_word' id='word_1_500' title='bbox 1281 3213 1368 3266; x_wconf 83' lang='lat' dir='ltr'>meos,</span> <span class='ocrx_word' id='word_1_501' title='bbox 1378 3213 1440 3270; x_wconf 75' lang='lat' dir='ltr'>qua</span> <span class='ocrx_word' id='word_1_502' title='bbox 1453 3198 1595 3269; x_wconf 88' lang='lat' dir='ltr'>potestatis</span> <span class='ocrx_word' id='word_1_503' title='bbox 1608 3213 1678 3255; x_wconf 88' lang='lat' dir='ltr'>meae</span> <span class='ocrx_word' id='word_1_504' title='bbox 1693 3207 1765 3266; x_wconf 92' lang='lat' dir='ltr'>sunt,</span> 
     </span>
     <span class='ocr_line' id='line_1_35' title="bbox 121 3285 1767 3364; baseline -0.001 -18"><span class='ocrx_word' id='word_1_505' title='bbox 121 3293 187 3348; x_wconf 79' lang='lat' dir='ltr'>lima</span> <span class='ocrx_word' id='word_1_506' title='bbox 202 3298 265 3346; x_wconf 90' lang='lat' dir='ltr'>sunt</span> <span class='ocrx_word' id='word_1_507' title='bbox 278 3304 349 3346; x_wconf 91' lang='lat' dir='ltr'>nova</span> <span class='ocrx_word' id='word_1_508' title='bbox 357 3298 383 3345; x_wconf 93' lang='lat' dir='ltr'>et</span> <span class='ocrx_word' id='word_1_509' title='bbox 395 3288 587 3364; x_wconf 81' lang='lat' dir='ltr'>vetustissima,</span> <span class='ocrx_word' id='word_1_510' title='bbox 606 3287 748 3359; x_wconf 90' lang='lat' dir='ltr'>dequibus</span> <span class='ocrx_word' id='word_1_511' title='bbox 763 3285 920 3342; x_wconf 77' lang='lat' dir='ltr'>inlevitico</span> <span class='ocrx_word' id='word_1_512' title='bbox 969 3285 997 3340; x_wconf 92' lang='lat' dir='ltr'>id</span> <span class='ocrx_word' id='word_1_513' title='bbox 1018 3293 1060 3341; x_wconf 88' lang='lat' dir='ltr'>est</span> <span class='ocrx_word' id='word_1_514' title='bbox 1074 3285 1224 3342; x_wconf 88' lang='lat' dir='ltr'>efficaciam</span> <span class='ocrx_word' id='word_1_515' title='bbox 1243 3285 1362 3353; x_wconf 89' lang='lat' dir='ltr'>deitatis,</span> <span class='ocrx_word' id='word_1_516' title='bbox 1388 3301 1442 3359; x_wconf 86' lang='lat' dir='ltr'>qua</span> <span class='ocrx_word' id='word_1_517' title='bbox 1461 3301 1560 3358; x_wconf 89' lang='lat' dir='ltr'>corpus</span> <span class='ocrx_word' id='word_1_518' title='bbox 1583 3288 1618 3344; x_wconf 90' lang='lat' dir='ltr'>de</span> <span class='ocrx_word' id='word_1_519' title='bbox 1642 3286 1767 3359; x_wconf 86' lang='lat' dir='ltr'>sepulcro</span> 
     </span>
     <span class='ocr_line' id='line_1_36' title="bbox 122 3373 1768 3446; baseline -0.001 -11"><span class='ocrx_word' id='word_1_520' title='bbox 122 3379 214 3436; x_wconf 88' lang='lat' dir='ltr'>lloses</span> <span class='ocrx_word' id='word_1_521' title='bbox 224 3379 277 3437; x_wconf 89' lang='lat' dir='ltr'>ait:</span> <span class='ocrx_word' id='word_1_522' title='bbox 290 3379 485 3437; x_wconf 80' lang='lat' dir='ltr'>Vatusttsatma</span> <span class='ocrx_word' id='word_1_523' title='bbox 499 3380 625 3433; x_wconf 82' lang='lat' dir='ltr'>ceterum</span> <span class='ocrx_word' id='word_1_524' title='bbox 635 3375 793 3445; x_wconf 79' lang='lat' dir='ltr'>comedetis,</span> <span class='ocrx_word' id='word_1_525' title='bbox 805 3375 920 3432; x_wconf 79' lang='lat' dir='ltr'>elacata</span> <span class='ocrx_word' id='word_1_526' title='bbox 970 3373 1078 3441; x_wconf 84' lang='lat' dir='ltr'>levavit,</span> <span class='ocrx_word' id='word_1_527' title='bbox 1094 3382 1122 3430; x_wconf 92' lang='lat' dir='ltr'>et</span> <span class='ocrx_word' id='word_1_528' title='bbox 1146 3376 1198 3432; x_wconf 90' lang='lat' dir='ltr'>boc</span> <span class='ocrx_word' id='word_1_529' title='bbox 1213 3375 1350 3444; x_wconf 83' lang='lat' dir='ltr'>dituculo,</span> <span class='ocrx_word' id='word_1_530' title='bbox 1371 3375 1399 3430; x_wconf 92' lang='lat' dir='ltr'>id</span> <span class='ocrx_word' id='word_1_531' title='bbox 1414 3383 1455 3432; x_wconf 91' lang='lat' dir='ltr'>est</span> <span class='ocrx_word' id='word_1_532' title='bbox 1476 3383 1539 3432; x_wconf 89' lang='lat' dir='ltr'>ante</span> <span class='ocrx_word' id='word_1_533' title='bbox 1553 3375 1653 3446; x_wconf 90' lang='lat' dir='ltr'>lucem,</span> <span class='ocrx_word' id='word_1_534' title='bbox 1669 3380 1698 3433; x_wconf 82' lang='lat' dir='ltr'>ct</span> <span class='ocrx_word' id='word_1_535' title='bbox 1717 3376 1768 3434; x_wconf 84' lang='lat' dir='ltr'>lla·</span> 
     </span>
     <span class='ocr_line' id='line_1_37' title="bbox 121 3463 1767 3542; baseline -0.002 -16"><span class='ocrx_word' id='word_1_536' title='bbox 121 3467 386 3542; x_wconf 78' lang='lat' dir='ltr'>supervenientibus</span> <span class='ocrx_word' id='word_1_537' title='bbox 418 3467 514 3523; x_wconf 82' lang='lat' dir='ltr'>vetera</span> <span class='ocrx_word' id='word_1_538' title='bbox 542 3465 680 3538; x_wconf 79' lang='lat' dir='ltr'>abjicietis</span> <span class='ocrx_word' id='word_1_539' title='bbox 702 3465 803 3536; x_wconf 75' lang='lat' dir='ltr'>(teuit.</span> <span class='ocrx_word' id='word_1_540' title='bbox 823 3465 917 3535; x_wconf 83' lang='grc' dir='ltr'>ιιιιιι).</span> <span class='ocrx_word' id='word_1_541' title='bbox 970 3463 1092 3520; x_wconf 76' lang='lat' dir='ltr'>lituum</span> <span class='ocrx_word' id='word_1_542' title='bbox 1101 3465 1133 3520; x_wconf 84' lang='lat' dir='ltr'>in</span> <span class='ocrx_word' id='word_1_543' title='bbox 1147 3465 1286 3520; x_wconf 76' lang='lat' dir='ltr'>extremis</span> <span class='ocrx_word' id='word_1_544' title='bbox 1302 3465 1403 3532; x_wconf 81' lang='lat' dir='ltr'>maris,</span> <span class='ocrx_word' id='word_1_545' title='bbox 1417 3463 1445 3520; x_wconf 93' lang='lat' dir='ltr'>id</span> <span class='ocrx_word' id='word_1_546' title='bbox 1460 3471 1501 3520; x_wconf 90' lang='grc' dir='ltr'>εει</span> <span class='ocrx_word' id='word_1_547' title='bbox 1516 3479 1600 3537; x_wconf 87' lang='lat' dir='ltr'>super</span> <span class='ocrx_word' id='word_1_548' title='bbox 1614 3465 1697 3520; x_wconf 86' lang='lat' dir='ltr'>linem</span> <span class='ocrx_word' id='word_1_549' title='bbox 1712 3481 1767 3522; x_wconf 85' lang='lat' dir='ltr'>sae·</span> 
     </span>
     <span class='ocr_line' id='line_1_38' title="bbox 121 3551 1768 3627; baseline -0.002 -13"><span class='ocrx_word' id='word_1_550' title='bbox 121 3557 181 3614; x_wconf 78' lang='lat' dir='ltr'>illia</span> <span class='ocrx_word' id='word_1_551' title='bbox 195 3565 257 3612; x_wconf 92' lang='lat' dir='ltr'>sunt</span> <span class='ocrx_word' id='word_1_552' title='bbox 272 3563 374 3621; x_wconf 88' lang='lat' dir='ltr'>vetera,</span> <span class='ocrx_word' id='word_1_553' title='bbox 400 3553 454 3610; x_wconf 86' lang='lat' dir='ltr'>alia</span> <span class='ocrx_word' id='word_1_554' title='bbox 476 3561 539 3610; x_wconf 90' lang='lat' dir='ltr'>sunt</span> <span class='ocrx_word' id='word_1_555' title='bbox 557 3568 638 3620; x_wconf 87' lang='lat' dir='ltr'>nova,</span> <span class='ocrx_word' id='word_1_556' title='bbox 654 3551 708 3608; x_wconf 91' lang='lat' dir='ltr'>alia</span> <span class='ocrx_word' id='word_1_557' title='bbox 722 3551 918 3609; x_wconf 86' lang='lat' dir='ltr'>vetustissima.</span> <span class='ocrx_word' id='word_1_558' title='bbox 969 3551 1034 3619; x_wconf 92' lang='lat' dir='ltr'>culi,</span> <span class='ocrx_word' id='word_1_559' title='bbox 1052 3558 1079 3607; x_wconf 93' lang='lat' dir='ltr'>tu</span> <span class='ocrx_word' id='word_1_560' title='bbox 1105 3552 1179 3608; x_wconf 92' lang='lat' dir='ltr'>ades.</span> <span class='ocrx_word' id='word_1_561' title='bbox 1197 3553 1254 3608; x_wconf 85' lang='lat' dir='ltr'>iias</span> <span class='ocrx_word' id='word_1_562' title='bbox 1276 3553 1370 3626; x_wconf 89' lang='lat' dir='ltr'>utique</span> <span class='ocrx_word' id='word_1_563' title='bbox 1395 3569 1500 3626; x_wconf 87' lang='lat' dir='ltr'>pennas</span> <span class='ocrx_word' id='word_1_564' title='bbox 1514 3554 1630 3627; x_wconf 81' lang='lat' dir='ltr'>sumpsit</span> <span class='ocrx_word' id='word_1_565' title='bbox 1644 3553 1768 3611; x_wconf 87' lang='lat' dir='ltr'>Christus</span> 
     </span>
     <span class='ocr_line' id='line_1_39' title="bbox 121 3639 1767 3720; baseline -0.002 -19"><span class='ocrx_word' id='word_1_566' title='bbox 121 3645 230 3720; x_wconf 79' lang='lat' dir='ltr'>[liilar.,</span> <span class='ocrx_word' id='word_1_567' title='bbox 247 3641 385 3716; x_wconf 79' lang='lat' dir='ltr'>Cassiod]</span> <span class='ocrx_word' id='word_1_568' title='bbox 398 3644 497 3699; x_wconf 78' lang='lat' dir='ltr'>Vetera</span> <span class='ocrx_word' id='word_1_569' title='bbox 513 3649 576 3697; x_wconf 90' lang='lat' dir='ltr'>sunt</span> <span class='ocrx_word' id='word_1_570' title='bbox 595 3639 791 3715; x_wconf 86' lang='lat' dir='ltr'>promissiones</span> <span class='ocrx_word' id='word_1_571' title='bbox 810 3641 880 3713; x_wconf 77' lang='lat' dir='ltr'>legis</span> <span class='ocrx_word' id='word_1_572' title='bbox 894 3648 921 3696; x_wconf 87' lang='lat' dir='ltr'>et</span> <span class='ocrx_word' id='word_1_573' title='bbox 970 3648 1033 3696; x_wconf 90' lang='lat' dir='ltr'>ante</span> <span class='ocrx_word' id='word_1_574' title='bbox 1051 3641 1150 3710; x_wconf 86' lang='lat' dir='ltr'>lucem,</span> <span class='ocrx_word' id='word_1_575' title='bbox 1163 3641 1190 3696; x_wconf 92' lang='lat' dir='ltr'>id</span> <span class='ocrx_word' id='word_1_576' title='bbox 1204 3648 1245 3697; x_wconf 88' lang='lat' dir='ltr'>est</span> <span class='ocrx_word' id='word_1_577' title='bbox 1259 3649 1384 3713; x_wconf 87' lang='lat' dir='ltr'>tempore</span> <span class='ocrx_word' id='word_1_578' title='bbox 1397 3642 1617 3712; x_wconf 85' lang='lat' dir='ltr'>resurrectionis,</span> <span class='ocrx_word' id='word_1_579' title='bbox 1635 3649 1661 3698; x_wconf 92' lang='grc' dir='ltr'>ει</span> <span class='ocrx_word' id='word_1_580' title='bbox 1688 3642 1767 3699; x_wconf 90' lang='lat' dir='ltr'>babi-</span> 
     </span>
     <span class='ocr_line' id='line_1_40' title="bbox 121 3728 1767 3806; baseline -0.002 -17"><span class='ocrx_word' id='word_1_581' title='bbox 121 3734 318 3806; x_wconf 88' lang='lat' dir='ltr'>prophctarum</span> <span class='ocrx_word' id='word_1_582' title='bbox 340 3731 374 3788; x_wconf 90' lang='lat' dir='ltr'>de</span> <span class='ocrx_word' id='word_1_583' title='bbox 397 3738 512 3787; x_wconf 89' lang='lat' dir='ltr'>venturo</span> <span class='ocrx_word' id='word_1_584' title='bbox 538 3737 601 3785; x_wconf 89' lang='lat' dir='ltr'>tunc</span> <span class='ocrx_word' id='word_1_585' title='bbox 627 3729 742 3785; x_wconf 87' lang='lat' dir='ltr'>Christo.</span> <span class='ocrx_word' id='word_1_586' title='bbox 766 3729 844 3785; x_wconf 86' lang='lat' dir='ltr'>Nora</span> <span class='ocrx_word' id='word_1_587' title='bbox 857 3735 920 3782; x_wconf 90' lang='lat' dir='ltr'>sunt</span> <span class='ocrx_word' id='word_1_588' title='bbox 969 3728 1033 3782; x_wconf 87' lang='lat' dir='ltr'>tavit</span> <span class='ocrx_word' id='word_1_589' title='bbox 1069 3728 1097 3783; x_wconf 92' lang='lat' dir='ltr'>in</span> <span class='ocrx_word' id='word_1_590' title='bbox 1131 3729 1259 3784; x_wconf 82' lang='lat' dir='ltr'>extremis</span> <span class='ocrx_word' id='word_1_591' title='bbox 1284 3729 1380 3796; x_wconf 91' lang='lat' dir='ltr'>maris,</span> <span class='ocrx_word' id='word_1_592' title='bbox 1411 3744 1494 3801; x_wconf 87' lang='lat' dir='ltr'>super</span> <span class='ocrx_word' id='word_1_593' title='bbox 1515 3729 1608 3786; x_wconf 81' lang='lat' dir='ltr'>saeculi</span> <span class='ocrx_word' id='word_1_594' title='bbox 1628 3729 1767 3802; x_wconf 88' lang='lat' dir='ltr'>amplissi-</span> 
     </span>
     <span class='ocr_line' id='line_1_41' title="bbox 121 3816 1767 3894; baseline -0.002 -17"><span class='ocrx_word' id='word_1_595' title='bbox 121 3821 336 3894; x_wconf 87' lang='lat' dir='ltr'>promissionum</span> <span class='ocrx_word' id='word_1_596' title='bbox 359 3819 491 3891; x_wconf 90' lang='lat' dir='ltr'>impletio,</span> <span class='ocrx_word' id='word_1_597' title='bbox 517 3817 640 3874; x_wconf 85' lang='lat' dir='ltr'>veritatis</span> <span class='ocrx_word' id='word_1_598' title='bbox 669 3816 808 3873; x_wconf 81' lang='lat' dir='ltr'>exhibitio.</span> <span class='ocrx_word' id='word_1_599' title='bbox 834 3816 918 3872; x_wconf 86' lang='lat' dir='ltr'>lietu·</span> <span class='ocrx_word' id='word_1_600' title='bbox 969 3832 1044 3871; x_wconf 91' lang='lat' dir='ltr'>mum</span> <span class='ocrx_word' id='word_1_601' title='bbox 1060 3816 1151 3872; x_wconf 88' lang='lat' dir='ltr'>linem.</span> <span class='ocrx_word' id='word_1_602' title='bbox 1168 3817 1275 3874; x_wconf 85' lang='lat' dir='ltr'>Etvere</span> <span class='ocrx_word' id='word_1_603' title='bbox 1289 3817 1373 3881; x_wconf 88' lang='lat' dir='ltr'>ades;</span> <span class='ocrx_word' id='word_1_604' title='bbox 1390 3819 1580 3874; x_wconf 82' lang='lat' dir='ltr'>eteuimitluc</span> <span class='ocrx_word' id='word_1_605' title='bbox 1590 3834 1695 3874; x_wconf 81' lang='lat' dir='ltr'>marrus</span> <span class='ocrx_word' id='word_1_606' title='bbox 1717 3822 1767 3874; x_wconf 88' lang='lat' dir='ltr'>tua</span> 
     </span>
     <span class='ocr_line' id='line_1_42' title="bbox 122 3903 1767 3981; baseline -0.003 -15"><span class='ocrx_word' id='word_1_607' title='bbox 122 3909 251 3977; x_wconf 86' lang='lat' dir='ltr'>stissima,</span> <span class='ocrx_word' id='word_1_608' title='bbox 268 3925 329 3981; x_wconf 78' lang='lat' dir='ltr'>quae</span> <span class='ocrx_word' id='word_1_609' title='bbox 344 3908 379 3965; x_wconf 85' lang='lat' dir='ltr'>ad</span> <span class='ocrx_word' id='word_1_610' title='bbox 403 3905 550 3964; x_wconf 85' lang='lat' dir='ltr'>divinitatis</span> <span class='ocrx_word' id='word_1_611' title='bbox 573 3905 751 3961; x_wconf 71' lang='lat' dir='ltr'>artemitatcm</span> <span class='ocrx_word' id='word_1_612' title='bbox 767 3903 914 3976; x_wconf 86' lang='lat' dir='ltr'>pertinent.</span> <span class='ocrx_word' id='word_1_613' title='bbox 970 3905 1088 3960; x_wconf 83' lang='lat' dir='ltr'>deducet</span> <span class='ocrx_word' id='word_1_614' title='bbox 1099 3920 1153 3970; x_wconf 80' lang='lat' dir='ltr'>mc,</span> <span class='ocrx_word' id='word_1_615' title='bbox 1164 3909 1192 3960; x_wconf 86' lang='lat' dir='ltr'>et</span> <span class='ocrx_word' id='word_1_616' title='bbox 1208 3905 1496 3961; x_wconf 80' lang='lat' dir='ltr'>cenebitmedeatcra</span> <span class='ocrx_word' id='word_1_617' title='bbox 1511 3909 1570 3970; x_wconf 89' lang='lat' dir='ltr'>tua,</span> <span class='ocrx_word' id='word_1_618' title='bbox 1585 3905 1614 3960; x_wconf 92' lang='lat' dir='ltr'>id</span> <span class='ocrx_word' id='word_1_619' title='bbox 1628 3913 1669 3961; x_wconf 88' lang='lat' dir='ltr'>est</span> <span class='ocrx_word' id='word_1_620' title='bbox 1683 3905 1767 3962; x_wconf 88' lang='lat' dir='ltr'>Filius</span> 
     </span>
     <span class='ocr_line' id='line_1_43' title="bbox 121 3991 1765 4074; baseline -0.003 -20"><span class='ocrx_word' id='word_1_621' title='bbox 121 3997 252 4074; x_wconf 73' lang='lat' dir='ltr'>[dicuin]</span> <span class='ocrx_word' id='word_1_622' title='bbox 273 3996 360 4054; x_wconf 90' lang='lat' dir='ltr'>Novis</span> <span class='ocrx_word' id='word_1_623' title='bbox 384 4011 450 4071; x_wconf 74' lang='lat' dir='ltr'>ergo</span> <span class='ocrx_word' id='word_1_624' title='bbox 475 3993 731 4067; x_wconf 86' lang='lat' dir='ltr'>supervenientibus</span> <span class='ocrx_word' id='word_1_625' title='bbox 751 4000 843 4049; x_wconf 83' lang='lat' dir='ltr'>vetera</span> <span class='ocrx_word' id='word_1_626' title='bbox 858 4001 921 4048; x_wconf 91' lang='lat' dir='ltr'>sunt</span> <span class='ocrx_word' id='word_1_627' title='bbox 972 4000 1044 4058; x_wconf 90' lang='lat' dir='ltr'>tuus,</span> <span class='ocrx_word' id='word_1_628' title='bbox 1060 3991 1164 4048; x_wconf 88' lang='lat' dir='ltr'>scilicet</span> <span class='ocrx_word' id='word_1_629' title='bbox 1187 3992 1308 4048; x_wconf 80' lang='lat' dir='ltr'>Verbum</span> <span class='ocrx_word' id='word_1_630' title='bbox 1331 3992 1398 4047; x_wconf 91' lang='lat' dir='ltr'>mihi</span> <span class='ocrx_word' id='word_1_631' title='bbox 1421 3993 1536 4048; x_wconf 90' lang='lat' dir='ltr'>unitum.</span> <span class='ocrx_word' id='word_1_632' title='bbox 1560 3995 1596 4049; x_wconf 81' lang='lat' dir='ltr'>El</span> <span class='ocrx_word' id='word_1_633' title='bbox 1611 3994 1673 4050; x_wconf 80' lang='lat' dir='ltr'>diui</span> <span class='ocrx_word' id='word_1_634' title='bbox 1688 3993 1765 4050; x_wconf 88' lang='lat' dir='ltr'>boc:</span> 
     </span>
     <span class='ocr_line' id='line_1_44' title="bbox 121 4078 1769 4162; baseline -0.003 -20"><span class='ocrx_word' id='word_1_635' title='bbox 121 4086 299 4162; x_wconf 81' lang='lat' dir='ltr'>projicienda,</span> <span class='ocrx_word' id='word_1_636' title='bbox 316 4086 366 4141; x_wconf 91' lang='lat' dir='ltr'>sed</span> <span class='ocrx_word' id='word_1_637' title='bbox 386 4083 571 4141; x_wconf 88' lang='lat' dir='ltr'>vetustissima</span> <span class='ocrx_word' id='word_1_638' title='bbox 594 4081 739 4150; x_wconf 85' lang='lat' dir='ltr'>servanda,</span> <span class='ocrx_word' id='word_1_639' title='bbox 765 4080 827 4153; x_wconf 82' lang='lat' dir='ltr'>quia</span> <span class='ocrx_word' id='word_1_640' title='bbox 841 4078 920 4135; x_wconf 86' lang='lat' dir='ltr'>exhi·</span> <span class='ocrx_word' id='word_1_641' title='bbox 971 4082 1104 4138; x_wconf 79' lang='lat' dir='ltr'>Forsitan</span> <span class='ocrx_word' id='word_1_642' title='bbox 1121 4081 1243 4137; x_wconf 74' lang='lat' dir='ltr'>tenebrat</span> <span class='ocrx_word' id='word_1_643' title='bbox 1264 4079 1473 4139; x_wconf 66' lang='lat' dir='ltr'>conculcabant</span> <span class='ocrx_word' id='word_1_644' title='bbox 1497 4081 1769 4150; x_wconf 84' lang='lat' dir='ltr'>me.1roniaest,ct</span> 
     </span>
     <span class='ocr_line' id='line_1_45' title="bbox 121 4166 1770 4244; baseline -0.002 -13"><span class='ocrx_word' id='word_1_645' title='bbox 121 4175 178 4232; x_wconf 88' lang='lat' dir='ltr'>bita</span> <span class='ocrx_word' id='word_1_646' title='bbox 192 4175 305 4232; x_wconf 88' lang='lat' dir='ltr'>veritate</span> <span class='ocrx_word' id='word_1_647' title='bbox 329 4172 463 4230; x_wconf 88' lang='lat' dir='ltr'>Dominici</span> <span class='ocrx_word' id='word_1_648' title='bbox 488 4173 632 4239; x_wconf 85' lang='lat' dir='ltr'>adventus,</span> <span class='ocrx_word' id='word_1_649' title='bbox 656 4169 746 4244; x_wconf 78' lang='lat' dir='ltr'>ligura</span> <span class='ocrx_word' id='word_1_650' title='bbox 768 4177 795 4226; x_wconf 93' lang='lat' dir='ltr'>et</span> <span class='ocrx_word' id='word_1_651' title='bbox 807 4166 921 4241; x_wconf 81' lang='lat' dir='ltr'>promis</span> <span class='ocrx_word' id='word_1_652' title='bbox 969 4169 1059 4226; x_wconf 89' lang='lat' dir='ltr'>irrisio</span> <span class='ocrx_word' id='word_1_653' title='bbox 1075 4169 1242 4241; x_wconf 90' lang='lat' dir='ltr'>opinantium</span> <span class='ocrx_word' id='word_1_654' title='bbox 1258 4170 1327 4240; x_wconf 83' lang='lat' dir='ltr'>lraec,</span> <span class='ocrx_word' id='word_1_655' title='bbox 1344 4171 1417 4244; x_wconf 89' lang='lat' dir='ltr'>quod</span> <span class='ocrx_word' id='word_1_656' title='bbox 1431 4171 1490 4242; x_wconf 91' lang='lat' dir='ltr'>ipse</span> <span class='ocrx_word' id='word_1_657' title='bbox 1504 4171 1551 4243; x_wconf 89' lang='lat' dir='ltr'>qui</span> <span class='ocrx_word' id='word_1_658' title='bbox 1565 4179 1606 4227; x_wconf 90' lang='lat' dir='ltr'>est</span> <span class='ocrx_word' id='word_1_659' title='bbox 1616 4171 1662 4226; x_wconf 87' lang='lat' dir='ltr'>lux</span> <span class='ocrx_word' id='word_1_660' title='bbox 1675 4170 1770 4228; x_wconf 87' lang='lat' dir='ltr'>muudi</span> 
     </span>
     <span class='ocr_line' id='line_1_46' title="bbox 122 4258 1769 4333; baseline -0.002 -13"><span class='ocrx_word' id='word_1_661' title='bbox 122 4263 164 4320; x_wconf 91' lang='lat' dir='ltr'>sio</span> <span class='ocrx_word' id='word_1_662' title='bbox 179 4279 290 4322; x_wconf 89' lang='lat' dir='ltr'>cessare</span> <span class='ocrx_word' id='word_1_663' title='bbox 305 4263 415 4320; x_wconf 85' lang='lat' dir='ltr'>debent.</span> <span class='ocrx_word' id='word_1_664' title='bbox 432 4261 498 4318; x_wconf 89' lang='lat' dir='ltr'>inde</span> <span class='ocrx_word' id='word_1_665' title='bbox 513 4269 555 4317; x_wconf 90' lang='lat' dir='ltr'>est</span> <span class='ocrx_word' id='word_1_666' title='bbox 571 4260 645 4333; x_wconf 88' lang='lat' dir='ltr'>quod</span> <span class='ocrx_word' id='word_1_667' title='bbox 659 4268 717 4315; x_wconf 86' lang='lat' dir='ltr'>tres</span> <span class='ocrx_word' id='word_1_668' title='bbox 731 4258 822 4314; x_wconf 81' lang='lat' dir='ltr'>missae</span> <span class='ocrx_word' id='word_1_669' title='bbox 835 4258 863 4312; x_wconf 94' lang='lat' dir='ltr'>in</span> <span class='ocrx_word' id='word_1_670' title='bbox 872 4271 921 4313; x_wconf 89' lang='lat' dir='ltr'>na·</span> <span class='ocrx_word' id='word_1_671' title='bbox 970 4258 1146 4315; x_wconf 90' lang='lat' dir='ltr'>conculcetur</span> <span class='ocrx_word' id='word_1_672' title='bbox 1168 4273 1184 4314; x_wconf 94' lang='lat' dir='ltr'>a</span> <span class='ocrx_word' id='word_1_673' title='bbox 1208 4258 1339 4314; x_wconf 88' lang='lat' dir='ltr'>tenebris.</span> <span class='ocrx_word' id='word_1_674' title='bbox 1364 4260 1426 4316; x_wconf 90' lang='lat' dir='ltr'>Non</span> <span class='ocrx_word' id='word_1_675' title='bbox 1454 4275 1523 4333; x_wconf 74' lang='lat' dir='ltr'>erpo</span> <span class='ocrx_word' id='word_1_676' title='bbox 1545 4259 1693 4317; x_wconf 87' lang='lat' dir='ltr'>dubitative</span> <span class='ocrx_word' id='word_1_677' title='bbox 1716 4261 1769 4318; x_wconf 92' lang='lat' dir='ltr'>boc</span> 
     </span>
     <span class='ocr_line' id='line_1_47' title="bbox 122 4345 1764 4422; baseline -0.002 -14"><span class='ocrx_word' id='word_1_678' title='bbox 122 4351 169 4408; x_wconf 89' lang='lat' dir='ltr'>tali</span> <span class='ocrx_word' id='word_1_679' title='bbox 184 4351 368 4409; x_wconf 88' lang='lat' dir='ltr'>celebrantur.</span> <span class='ocrx_word' id='word_1_680' title='bbox 384 4349 416 4406; x_wconf 93' lang='lat' dir='ltr'>ln</span> <span class='ocrx_word' id='word_1_681' title='bbox 433 4349 522 4422; x_wconf 90' lang='lat' dir='ltr'>prima</span> <span class='ocrx_word' id='word_1_682' title='bbox 544 4349 579 4406; x_wconf 88' lang='lat' dir='ltr'>de</span> <span class='ocrx_word' id='word_1_683' title='bbox 602 4357 704 4404; x_wconf 86' lang='lat' dir='ltr'>aeterna</span> <span class='ocrx_word' id='word_1_684' title='bbox 720 4346 781 4403; x_wconf 81' lang='lat' dir='ltr'>Filii</span> <span class='ocrx_word' id='word_1_685' title='bbox 794 4345 921 4419; x_wconf 80' lang='lat' dir='ltr'>genitura</span> <span class='ocrx_word' id='word_1_686' title='bbox 970 4346 1044 4417; x_wconf 90' lang='lat' dir='ltr'>dicit,</span> <span class='ocrx_word' id='word_1_687' title='bbox 1063 4347 1111 4404; x_wconf 88' lang='lat' dir='ltr'>sed</span> <span class='ocrx_word' id='word_1_688' title='bbox 1125 4347 1158 4402; x_wconf 91' lang='lat' dir='ltr'>ad</span> <span class='ocrx_word' id='word_1_689' title='bbox 1174 4347 1329 4404; x_wconf 87' lang='lat' dir='ltr'>irrisionem</span> <span class='ocrx_word' id='word_1_690' title='bbox 1343 4347 1450 4404; x_wconf 93' lang='lat' dir='ltr'>illorum</span> <span class='ocrx_word' id='word_1_691' title='bbox 1465 4348 1511 4420; x_wconf 89' lang='lat' dir='ltr'>qui</span> <span class='ocrx_word' id='word_1_692' title='bbox 1532 4349 1591 4405; x_wconf 85' lang='lat' dir='ltr'>baec</span> <span class='ocrx_word' id='word_1_693' title='bbox 1606 4349 1764 4420; x_wconf 87' lang='lat' dir='ltr'>opinantur.</span> 
     </span>
     <span class='ocr_line' id='line_1_48' title="bbox 122 4434 1770 4512; baseline -0.002 -16"><span class='ocrx_word' id='word_1_694' title='bbox 122 4448 244 4496; x_wconf 81' lang='lat' dir='ltr'>cantatur</span> <span class='ocrx_word' id='word_1_695' title='bbox 262 4440 418 4497; x_wconf 84' lang='lat' dir='ltr'>:Dominus</span> <span class='ocrx_word' id='word_1_696' title='bbox 438 4437 515 4494; x_wconf 81' lang='lat' dir='ltr'>dlait</span> <span class='ocrx_word' id='word_1_697' title='bbox 541 4437 578 4494; x_wconf 82' lang='lat' dir='ltr'>ud</span> <span class='ocrx_word' id='word_1_698' title='bbox 601 4453 666 4506; x_wconf 87' lang='lat' dir='ltr'>mc;</span> <span class='ocrx_word' id='word_1_699' title='bbox 686 4435 713 4491; x_wconf 92' lang='lat' dir='ltr'>in</span> <span class='ocrx_word' id='word_1_700' title='bbox 738 4435 869 4503; x_wconf 84' lang='lat' dir='ltr'>secunda,</span> <span class='ocrx_word' id='word_1_701' title='bbox 884 4434 960 4512; x_wconf 78' lang='lat' dir='ltr'>del)</span> <span class='ocrx_word' id='word_1_702' title='bbox 971 4437 1009 4492; x_wconf 82' lang='lat' dir='ltr'>Ac</span> <span class='ocrx_word' id='word_1_703' title='bbox 1025 4436 1048 4491; x_wconf 90' lang='lat' dir='ltr'>si</span> <span class='ocrx_word' id='word_1_704' title='bbox 1063 4435 1165 4492; x_wconf 90' lang='lat' dir='ltr'>diceret</span> <span class='ocrx_word' id='word_1_705' title='bbox 1181 4453 1187 4490; x_wconf 91' lang='lat'>:</span> <span class='ocrx_word' id='word_1_706' title='bbox 1205 4435 1303 4508; x_wconf 85' lang='lat' dir='ltr'>Utique</span> <span class='ocrx_word' id='word_1_707' title='bbox 1319 4437 1371 4494; x_wconf 91' lang='lat' dir='ltr'>boc</span> <span class='ocrx_word' id='word_1_708' title='bbox 1393 4452 1447 4492; x_wconf 90' lang='lat' dir='ltr'>non</span> <span class='ocrx_word' id='word_1_709' title='bbox 1463 4435 1572 4506; x_wconf 86' lang='lat' dir='ltr'>sacient,</span> <span class='ocrx_word' id='word_1_710' title='bbox 1590 4438 1637 4492; x_wconf 90' lang='lat' dir='ltr'>sed</span> <span class='ocrx_word' id='word_1_711' title='bbox 1653 4452 1706 4508; x_wconf 74' lang='lat' dir='ltr'>epo</span> <span class='ocrx_word' id='word_1_712' title='bbox 1721 4452 1770 4509; x_wconf 91' lang='lat' dir='ltr'>pc·</span> 
     </span>
     <span class='ocr_line' id='line_1_49' title="bbox 121 4523 1766 4605; baseline -0.001 -21"><span class='ocrx_word' id='word_1_713' title='bbox 121 4528 304 4602; x_wconf 84' lang='lat' dir='ltr'>promissione</span> <span class='ocrx_word' id='word_1_714' title='bbox 327 4527 460 4584; x_wconf 87' lang='lat' dir='ltr'>adventus</span> <span class='ocrx_word' id='word_1_715' title='bbox 475 4525 695 4599; x_wconf 78' lang='grc' dir='ltr'>ιιιιειιιιρειιι,</span> <span class='ocrx_word' id='word_1_716' title='bbox 724 4533 798 4593; x_wconf 88' lang='grc' dir='ltr'>ειε.;</span> <span class='ocrx_word' id='word_1_717' title='bbox 822 4523 851 4579; x_wconf 91' lang='lat' dir='ltr'>in</span> <span class='ocrx_word' id='word_1_718' title='bbox 866 4531 921 4580; x_wconf 91' lang='lat' dir='ltr'>ter·</span> <span class='ocrx_word' id='word_1_719' title='bbox 969 4525 1022 4580; x_wconf 86' lang='lat' dir='ltr'>tius</span> <span class='ocrx_word' id='word_1_720' title='bbox 1041 4523 1294 4605; x_wconf 22' lang='lat' dir='ltr'>casuconculcabo,</span> <span class='ocrx_word' id='word_1_721' title='bbox 1319 4524 1381 4596; x_wconf 86' lang='lat' dir='ltr'>quia</span> <span class='ocrx_word' id='word_1_722' title='bbox 1408 4523 1531 4580; x_wconf 81' lang='lat' dir='ltr'>auferam</span> <span class='ocrx_word' id='word_1_723' title='bbox 1546 4525 1705 4582; x_wconf 85' lang='lat' dir='ltr'>caecitatem.</span> <span class='ocrx_word' id='word_1_724' title='bbox 1721 4527 1766 4593; x_wconf 82' lang='lat' dir='ltr'>Et,</span> 
     </span>
     <span class='ocr_line' id='line_1_50' title="bbox 121 4612 1768 4688; baseline -0.003 -15"><span class='ocrx_word' id='word_1_725' title='bbox 121 4617 169 4686; x_wconf 92' lang='lat' dir='ltr'>tia,</span> <span class='ocrx_word' id='word_1_726' title='bbox 185 4618 220 4673; x_wconf 92' lang='lat' dir='ltr'>de</span> <span class='ocrx_word' id='word_1_727' title='bbox 235 4615 393 4688; x_wconf 90' lang='lat' dir='ltr'>impletione</span> <span class='ocrx_word' id='word_1_728' title='bbox 407 4613 597 4687; x_wconf 89' lang='lat' dir='ltr'>promissionis</span> <span class='ocrx_word' id='word_1_729' title='bbox 613 4631 620 4668; x_wconf 75' lang='grc' dir='ltr'>ε</span> <span class='ocrx_word' id='word_1_730' title='bbox 637 4617 713 4670; x_wconf 73' lang='lat' dir='ltr'>Puer</span> <span class='ocrx_word' id='word_1_731' title='bbox 721 4617 809 4670; x_wconf 82' lang='lat' dir='ltr'>uatus</span> <span class='ocrx_word' id='word_1_732' title='bbox 818 4617 861 4670; x_wconf 85' lang='grc' dir='ltr'>εει</span> <span class='ocrx_word' id='word_1_733' title='bbox 873 4629 922 4669; x_wconf 86' lang='lat' dir='ltr'>rao·</span> <span class='ocrx_word' id='word_1_734' title='bbox 970 4614 998 4670; x_wconf 89' lang='lat' dir='ltr'>id</span> <span class='ocrx_word' id='word_1_735' title='bbox 1013 4621 1054 4670; x_wconf 92' lang='grc' dir='ltr'>εει</span> <span class='ocrx_word' id='word_1_736' title='bbox 1070 4612 1147 4686; x_wconf 76' lang='lat' dir='ltr'>quia·</span> <span class='ocrx_word' id='word_1_737' title='bbox 1157 4620 1185 4669; x_wconf 89' lang='lat' dir='ltr'>et</span> <span class='ocrx_word' id='word_1_738' title='bbox 1197 4629 1257 4670; x_wconf 78' lang='lat' dir='ltr'>aaa</span> <span class='ocrx_word' id='word_1_739' title='bbox 1270 4613 1319 4668; x_wconf 86' lang='lat' dir='ltr'>erit</span> <span class='ocrx_word' id='word_1_740' title='bbox 1342 4614 1521 4671; x_wconf 85' lang='lat' dir='ltr'>illumiaatio</span> <span class='ocrx_word' id='word_1_741' title='bbox 1537 4630 1610 4679; x_wconf 85' lang='lat' dir='ltr'>mco,</span> <span class='ocrx_word' id='word_1_742' title='bbox 1631 4612 1659 4668; x_wconf 91' lang='lat' dir='ltr'>id</span> <span class='ocrx_word' id='word_1_743' title='bbox 1675 4621 1717 4669; x_wconf 86' lang='lat' dir='ltr'>est</span> <span class='ocrx_word' id='word_1_744' title='bbox 1729 4613 1768 4668; x_wconf 92' lang='lat' dir='ltr'>illi</span> 
     </span>
     <span class='ocr_line' id='line_1_51' title="bbox 123 4700 1771 4777; baseline -0.003 -14"><span class='ocrx_word' id='word_1_745' title='bbox 123 4707 174 4763; x_wconf 79' lang='lat' dir='ltr'>bis.</span> <span class='ocrx_word' id='word_1_746' title='bbox 190 4707 224 4761; x_wconf 86' lang='lat' dir='ltr'>Et</span> <span class='ocrx_word' id='word_1_747' title='bbox 239 4706 303 4777; x_wconf 89' lang='lat' dir='ltr'>quia</span> <span class='ocrx_word' id='word_1_748' title='bbox 319 4704 393 4760; x_wconf 89' lang='lat' dir='ltr'>idern</span> <span class='ocrx_word' id='word_1_749' title='bbox 417 4703 462 4760; x_wconf 88' lang='lat' dir='ltr'>illc</span> <span class='ocrx_word' id='word_1_750' title='bbox 487 4703 533 4775; x_wconf 84' lang='lat' dir='ltr'>qui</span> <span class='ocrx_word' id='word_1_751' title='bbox 547 4710 588 4758; x_wconf 87' lang='lat' dir='ltr'>est</span> <span class='ocrx_word' id='word_1_752' title='bbox 603 4701 654 4758; x_wconf 90' lang='lat' dir='ltr'>Dei</span> <span class='ocrx_word' id='word_1_753' title='bbox 668 4701 762 4771; x_wconf 81' lang='lat' dir='ltr'>Filius,</span> <span class='ocrx_word' id='word_1_754' title='bbox 777 4700 864 4757; x_wconf 87' lang='lat' dir='ltr'>lactus</span> <span class='ocrx_word' id='word_1_755' title='bbox 879 4707 921 4757; x_wconf 86' lang='lat' dir='ltr'>est</span> <span class='ocrx_word' id='word_1_756' title='bbox 971 4701 1017 4774; x_wconf 91' lang='lat' dir='ltr'>qui</span> <span class='ocrx_word' id='word_1_757' title='bbox 1031 4701 1107 4773; x_wconf 87' lang='lat' dir='ltr'>prius</span> <span class='ocrx_word' id='word_1_758' title='bbox 1130 4710 1208 4758; x_wconf 90' lang='lat' dir='ltr'>erant</span> <span class='ocrx_word' id='word_1_759' title='bbox 1230 4718 1294 4770; x_wconf 90' lang='lat' dir='ltr'>nox,</span> <span class='ocrx_word' id='word_1_760' title='bbox 1317 4701 1542 4758; x_wconf 87' lang='lat' dir='ltr'>illuminabuntur</span> <span class='ocrx_word' id='word_1_761' title='bbox 1563 4717 1649 4769; x_wconf 91' lang='lat' dir='ltr'>ame,</span> <span class='ocrx_word' id='word_1_762' title='bbox 1666 4710 1693 4758; x_wconf 90' lang='lat' dir='ltr'>et</span> <span class='ocrx_word' id='word_1_763' title='bbox 1705 4701 1771 4758; x_wconf 91' lang='lat' dir='ltr'>illu-</span> 
     </span>
     <span class='ocr_line' id='line_1_52' title="bbox 123 4789 1773 4862; baseline -0.004 -10"><span class='ocrx_word' id='word_1_764' title='bbox 123 4794 242 4852; x_wconf 90' lang='lat' dir='ltr'>bominis</span> <span class='ocrx_word' id='word_1_765' title='bbox 256 4793 337 4862; x_wconf 88' lang='lat' dir='ltr'>iilius,</span> <span class='ocrx_word' id='word_1_766' title='bbox 354 4793 417 4848; x_wconf 93' lang='lat' dir='ltr'>ideo</span> <span class='ocrx_word' id='word_1_767' title='bbox 435 4791 463 4847; x_wconf 92' lang='lat' dir='ltr'>in</span> <span class='ocrx_word' id='word_1_768' title='bbox 478 4790 525 4847; x_wconf 93' lang='lat' dir='ltr'>illo</span> <span class='ocrx_word' id='word_1_769' title='bbox 543 4790 635 4846; x_wconf 81' lang='lat' dir='ltr'>missae</span> <span class='ocrx_word' id='word_1_770' title='bbox 658 4789 747 4848; x_wconf 88' lang='lat' dir='ltr'>officio</span> <span class='ocrx_word' id='word_1_771' title='bbox 771 4789 817 4845; x_wconf 91' lang='lat' dir='ltr'>ubi</span> <span class='ocrx_word' id='word_1_772' title='bbox 831 4797 921 4846; x_wconf 72' lang='lat' dir='ltr'>canu·</span> <span class='ocrx_word' id='word_1_773' title='bbox 971 4791 1066 4846; x_wconf 92' lang='lat' dir='ltr'>minati</span> <span class='ocrx_word' id='word_1_774' title='bbox 1081 4798 1169 4857; x_wconf 90' lang='lat' dir='ltr'>erunt,</span> <span class='ocrx_word' id='word_1_775' title='bbox 1185 4793 1218 4847; x_wconf 84' lang='lat' dir='ltr'>in</span> <span class='ocrx_word' id='word_1_776' title='bbox 1232 4793 1342 4849; x_wconf 83' lang='lat' dir='ltr'>deliciis</span> <span class='ocrx_word' id='word_1_777' title='bbox 1356 4793 1437 4848; x_wconf 84' lang='lat' dir='ltr'>meis.</span> <span class='ocrx_word' id='word_1_778' title='bbox 1462 4791 1496 4847; x_wconf 83' lang='grc' dir='ltr'>ιιι</span> <span class='ocrx_word' id='word_1_779' title='bbox 1510 4807 1575 4848; x_wconf 86' lang='grc' dir='ltr'>ιειε</span> <span class='ocrx_word' id='word_1_780' title='bbox 1590 4807 1643 4848; x_wconf 84' lang='lat' dir='ltr'>nox</span> <span class='ocrx_word' id='word_1_781' title='bbox 1659 4800 1702 4847; x_wconf 88' lang='lat' dir='ltr'>est</span> <span class='ocrx_word' id='word_1_782' title='bbox 1713 4791 1773 4846; x_wconf 90' lang='lat' dir='ltr'>illn-</span> 
     </span>
     <span class='ocr_line' id='line_1_53' title="bbox 128 4879 1772 4954; baseline -0.002 -15"><span class='ocrx_word' id='word_1_783' title='bbox 128 4891 174 4940; x_wconf 91' lang='lat' dir='ltr'>tur</span> <span class='ocrx_word' id='word_1_784' title='bbox 188 4883 223 4939; x_wconf 89' lang='lat' dir='ltr'>de</span> <span class='ocrx_word' id='word_1_785' title='bbox 237 4889 340 4938; x_wconf 71' lang='lat' dir='ltr'>aeterna</span> <span class='ocrx_word' id='word_1_786' title='bbox 355 4881 490 4954; x_wconf 82' lang='lat' dir='ltr'>genitura,</span> <span class='ocrx_word' id='word_1_787' title='bbox 506 4881 643 4937; x_wconf 84' lang='lat' dir='ltr'>iloruirras</span> <span class='ocrx_word' id='word_1_788' title='bbox 661 4879 922 4944; x_wconf 81' lang='lat' dir='ltr'>diaitarlme,etc.,</span> <span class='ocrx_word' id='word_1_789' title='bbox 971 4879 1094 4946; x_wconf 89' lang='lat' dir='ltr'>minatio,</span> <span class='ocrx_word' id='word_1_790' title='bbox 1124 4879 1188 4952; x_wconf 91' lang='lat' dir='ltr'>quia</span> <span class='ocrx_word' id='word_1_791' title='bbox 1204 4881 1335 4948; x_wconf 81' lang='lat' dir='ltr'>tcucbroe,</span> <span class='ocrx_word' id='word_1_792' title='bbox 1360 4879 1387 4935; x_wconf 93' lang='lat' dir='ltr'>id</span> <span class='ocrx_word' id='word_1_793' title='bbox 1412 4887 1454 4935; x_wconf 89' lang='grc' dir='ltr'>εει</span> <span class='ocrx_word' id='word_1_794' title='bbox 1478 4879 1593 4951; x_wconf 82' lang='lat' dir='ltr'>mystica</span> <span class='ocrx_word' id='word_1_795' title='bbox 1615 4879 1772 4951; x_wconf 88' lang='lat' dir='ltr'>Scriptura·</span> 
     </span>
     <span class='ocr_line' id='line_1_54' title="bbox 125 4965 1773 5047; baseline -0.003 -20"><span class='ocrx_word' id='word_1_796' title='bbox 125 4971 227 5047; x_wconf 73' lang='lat' dir='ltr'>legitur</span> <span class='ocrx_word' id='word_1_797' title='bbox 242 4971 415 5044; x_wconf 79' lang='lat' dir='ltr'>evangelium</span> <span class='ocrx_word' id='word_1_798' title='bbox 429 4969 464 5026; x_wconf 91' lang='lat' dir='ltr'>de</span> <span class='ocrx_word' id='word_1_799' title='bbox 479 4967 635 5040; x_wconf 83' lang='lat' dir='ltr'>temporalis</span> <span class='ocrx_word' id='word_1_800' title='bbox 650 4967 749 5023; x_wconf 84' lang='lat' dir='ltr'>Christi</span> <span class='ocrx_word' id='word_1_801' title='bbox 762 4965 900 5023; x_wconf 87' lang='lat' dir='ltr'>nativitate</span> <span class='ocrx_word' id='word_1_802' title='bbox 917 4981 923 5022; x_wconf 93' lang='lat'>:</span> <span class='ocrx_word' id='word_1_803' title='bbox 972 4983 1042 5035; x_wconf 89' lang='lat' dir='ltr'>rum,</span> <span class='ocrx_word' id='word_1_804' title='bbox 1059 4985 1117 5025; x_wconf 81' lang='lat' dir='ltr'>acra</span> <span class='ocrx_word' id='word_1_805' title='bbox 1126 4969 1383 5025; x_wconf 81' lang='lat' dir='ltr'>obscurabuntura</span> <span class='ocrx_word' id='word_1_806' title='bbox 1401 4972 1439 5035; x_wconf 83' lang='lat' dir='ltr'>tc,</span> <span class='ocrx_word' id='word_1_807' title='bbox 1451 4972 1480 5026; x_wconf 83' lang='lat' dir='ltr'>rt</span> <span class='ocrx_word' id='word_1_808' title='bbox 1495 4985 1566 5037; x_wconf 80' lang='lat' dir='ltr'>aaa,</span> <span class='ocrx_word' id='word_1_809' title='bbox 1582 4966 1730 5041; x_wconf 82' lang='lat' dir='ltr'>[Cassiod]</span> <span class='ocrx_word' id='word_1_810' title='bbox 1744 4967 1773 5023; x_wconf 91' lang='lat' dir='ltr'>id</span> 
     </span>
     <span class='ocr_line' id='line_1_55' title="bbox 126 5055 1774 5134; baseline -0.004 -16"><span class='ocrx_word' id='word_1_811' title='bbox 126 5061 208 5118; x_wconf 81' lang='lat' dir='ltr'>biber</span> <span class='ocrx_word' id='word_1_812' title='bbox 220 5061 436 5134; x_wconf 58' lang='lat' dir='ltr'>accuratiorem</span> <span class='ocrx_word' id='word_1_813' title='bbox 453 5067 479 5115; x_wconf 92' lang='lat' dir='ltr'>et</span> <span class='ocrx_word' id='word_1_814' title='bbox 492 5057 614 5113; x_wconf 87' lang='lat' dir='ltr'>inmissa</span> <span class='ocrx_word' id='word_1_815' title='bbox 624 5056 671 5112; x_wconf 90' lang='lat' dir='ltr'>ubi</span> <span class='ocrx_word' id='word_1_816' title='bbox 681 5055 847 5112; x_wconf 89' lang='lat' dir='ltr'>cantaturde</span> <span class='ocrx_word' id='word_1_817' title='bbox 858 5063 925 5110; x_wconf 90' lang='lat' dir='ltr'>tem·</span> <span class='ocrx_word' id='word_1_818' title='bbox 973 5063 1013 5112; x_wconf 88' lang='grc' dir='ltr'>εει</span> <span class='ocrx_word' id='word_1_819' title='bbox 1040 5056 1203 5112; x_wconf 88' lang='lat' dir='ltr'>tenebrosus</span> <span class='ocrx_word' id='word_1_820' title='bbox 1228 5063 1255 5112; x_wconf 91' lang='lat' dir='ltr'>et</span> <span class='ocrx_word' id='word_1_821' title='bbox 1283 5057 1417 5113; x_wconf 89' lang='lat' dir='ltr'>obscurus</span> <span class='ocrx_word' id='word_1_822' title='bbox 1442 5071 1543 5124; x_wconf 90' lang='lat' dir='ltr'>sermo,</span> <span class='ocrx_word' id='word_1_823' title='bbox 1559 5056 1774 5114; x_wconf 80' lang='lat' dir='ltr'>illuminabitur</span> 
     </span>
     <span class='ocr_line' id='line_1_56' title="bbox 121 5143 1773 5222; baseline -0.003 -17"><span class='ocrx_word' id='word_1_824' title='bbox 121 5147 210 5222; x_wconf 88' lang='lat' dir='ltr'>porali</span> <span class='ocrx_word' id='word_1_825' title='bbox 232 5148 330 5205; x_wconf 86' lang='lat' dir='ltr'>Christi</span> <span class='ocrx_word' id='word_1_826' title='bbox 344 5146 491 5214; x_wconf 88' lang='lat' dir='ltr'>nativitate,</span> <span class='ocrx_word' id='word_1_827' title='bbox 518 5145 621 5220; x_wconf 78' lang='lat' dir='ltr'>legitur</span> <span class='ocrx_word' id='word_1_828' title='bbox 644 5143 814 5217; x_wconf 74' lang='lat' dir='ltr'>evangelium</span> <span class='ocrx_word' id='word_1_829' title='bbox 837 5159 923 5216; x_wconf 81' lang='lat' dir='ltr'>agens</span> <span class='ocrx_word' id='word_1_830' title='bbox 972 5149 1050 5201; x_wconf 84' lang='lat' dir='ltr'>sicut</span> <span class='ocrx_word' id='word_1_831' title='bbox 1069 5144 1137 5214; x_wconf 80' lang='lat' dir='ltr'>dics,</span> <span class='ocrx_word' id='word_1_832' title='bbox 1163 5144 1191 5200; x_wconf 90' lang='lat' dir='ltr'>id</span> <span class='ocrx_word' id='word_1_833' title='bbox 1213 5151 1254 5201; x_wconf 90' lang='lat' dir='ltr'>est</span> <span class='ocrx_word' id='word_1_834' title='bbox 1276 5145 1377 5217; x_wconf 89' lang='lat' dir='ltr'>patebit</span> <span class='ocrx_word' id='word_1_835' title='bbox 1402 5144 1472 5201; x_wconf 90' lang='lat' dir='ltr'>sicut</span> <span class='ocrx_word' id='word_1_836' title='bbox 1493 5153 1606 5216; x_wconf 89' lang='lat' dir='ltr'>apertus</span> <span class='ocrx_word' id='word_1_837' title='bbox 1620 5159 1729 5212; x_wconf 89' lang='lat' dir='ltr'>sermo,</span> <span class='ocrx_word' id='word_1_838' title='bbox 1746 5151 1773 5200; x_wconf 91' lang='lat' dir='ltr'>et</span> 
     </span>
     <span class='ocr_line' id='line_1_57' title="bbox 121 5233 1774 5307; baseline -0.002 -13"><span class='ocrx_word' id='word_1_839' title='bbox 121 5239 156 5294; x_wconf 90' lang='lat' dir='ltr'>de</span> <span class='ocrx_word' id='word_1_840' title='bbox 171 5245 272 5294; x_wconf 88' lang='lat' dir='ltr'>aeterna</span> <span class='ocrx_word' id='word_1_841' title='bbox 290 5235 374 5293; x_wconf 89' lang='lat' dir='ltr'>Verbi</span> <span class='ocrx_word' id='word_1_842' title='bbox 388 5235 525 5307; x_wconf 71' lang='lat' dir='ltr'>genitura.</span> <span class='ocrx_word' id='word_1_843' title='bbox 537 5235 666 5291; x_wconf 83' lang='lat' dir='ltr'>Cantator</span> <span class='ocrx_word' id='word_1_844' title='bbox 674 5234 747 5290; x_wconf 85' lang='lat' dir='ltr'>enim</span> <span class='ocrx_word' id='word_1_845' title='bbox 764 5251 771 5289; x_wconf 78' lang='grc' dir='ltr'>ι</span> <span class='ocrx_word' id='word_1_846' title='bbox 786 5235 923 5290; x_wconf 58' lang='grc' dir='ltr'>ιἰιειιιιιὁ</span> <span class='ocrx_word' id='word_1_847' title='bbox 974 5234 1049 5290; x_wconf 80' lang='lat' dir='ltr'>sicat</span> <span class='ocrx_word' id='word_1_848' title='bbox 1074 5240 1136 5288; x_wconf 91' lang='lat' dir='ltr'>sunt</span> <span class='ocrx_word' id='word_1_849' title='bbox 1161 5233 1281 5290; x_wconf 76' lang='lat' dir='ltr'>tenebrae</span> <span class='ocrx_word' id='word_1_850' title='bbox 1304 5235 1375 5305; x_wconf 84' lang='lat' dir='ltr'>ejus,</span> <span class='ocrx_word' id='word_1_851' title='bbox 1397 5233 1553 5305; x_wconf 71' lang='lat' dir='ltr'>Scriptura,</span> <span class='ocrx_word' id='word_1_852' title='bbox 1569 5235 1611 5290; x_wconf 87' lang='lat' dir='ltr'>tta</span> <span class='ocrx_word' id='word_1_853' title='bbox 1625 5238 1655 5291; x_wconf 83' lang='lat' dir='ltr'>et</span> <span class='ocrx_word' id='word_1_854' title='bbox 1676 5233 1774 5292; x_wconf 82' lang='lat' dir='ltr'>lumen</span> 
     </span>
     <span class='ocr_line' id='line_1_58' title="bbox 122 5320 1773 5400; baseline -0.004 -16"><span class='ocrx_word' id='word_1_855' title='bbox 122 5331 169 5384; x_wconf 81' lang='lat' dir='ltr'>tur</span> <span class='ocrx_word' id='word_1_856' title='bbox 184 5329 227 5383; x_wconf 81' lang='lat' dir='ltr'>ert</span> <span class='ocrx_word' id='word_1_857' title='bbox 240 5325 377 5392; x_wconf 73' lang='grc' dir='ltr'>ποιιεςει</span> <span class='ocrx_word' id='word_1_858' title='bbox 390 5323 557 5400; x_wconf 80' lang='lat' dir='ltr'>legiturrlu</span> <span class='ocrx_word' id='word_1_859' title='bbox 565 5322 705 5397; x_wconf 76' lang='lat' dir='ltr'>principio</span> <span class='ocrx_word' id='word_1_860' title='bbox 715 5326 779 5379; x_wconf 84' lang='lat' dir='ltr'>crat</span> <span class='ocrx_word' id='word_1_861' title='bbox 790 5322 919 5380; x_wconf 80' lang='lat' dir='ltr'>terbum.</span> <span class='ocrx_word' id='word_1_862' title='bbox 975 5325 1045 5395; x_wconf 83' lang='lat' dir='ltr'>ejus.</span> <span class='ocrx_word' id='word_1_863' title='bbox 1071 5321 1134 5393; x_wconf 88' lang='lat' dir='ltr'>qnia</span> <span class='ocrx_word' id='word_1_864' title='bbox 1161 5320 1190 5376; x_wconf 90' lang='lat' dir='ltr'>iu</span> <span class='ocrx_word' id='word_1_865' title='bbox 1213 5321 1347 5393; x_wconf 85' lang='lat' dir='ltr'>utrisque,</span> <span class='ocrx_word' id='word_1_866' title='bbox 1374 5321 1479 5379; x_wconf 87' lang='lat' dir='ltr'>scilicet</span> <span class='ocrx_word' id='word_1_867' title='bbox 1507 5322 1536 5376; x_wconf 92' lang='lat' dir='ltr'>in</span> <span class='ocrx_word' id='word_1_868' title='bbox 1563 5322 1666 5395; x_wconf 86' lang='lat' dir='ltr'>apertis</span> <span class='ocrx_word' id='word_1_869' title='bbox 1691 5329 1718 5379; x_wconf 92' lang='grc' dir='ltr'>ει</span> <span class='ocrx_word' id='word_1_870' title='bbox 1744 5321 1773 5378; x_wconf 90' lang='lat' dir='ltr'>iu</span> 
     </span>
     <span class='ocr_line' id='line_1_59' title="bbox 117 5409 1773 5488; baseline -0.003 -17"><span class='ocrx_word' id='word_1_871' title='bbox 117 5415 153 5472; x_wconf 89' lang='lat' dir='ltr'>Et</span> <span class='ocrx_word' id='word_1_872' title='bbox 168 5415 231 5488; x_wconf 87' lang='lat' dir='ltr'>quia</span> <span class='ocrx_word' id='word_1_873' title='bbox 258 5413 374 5470; x_wconf 85' lang='lat' dir='ltr'>veritate</span> <span class='ocrx_word' id='word_1_874' title='bbox 403 5411 524 5469; x_wconf 89' lang='lat' dir='ltr'>exhibita</span> <span class='ocrx_word' id='word_1_875' title='bbox 552 5409 648 5483; x_wconf 71' lang='lat' dir='ltr'>ligura</span> <span class='ocrx_word' id='word_1_876' title='bbox 677 5425 784 5468; x_wconf 89' lang='lat' dir='ltr'>cessare</span> <span class='ocrx_word' id='word_1_877' title='bbox 809 5409 921 5479; x_wconf 87' lang='lat' dir='ltr'>debent,</span> <span class='ocrx_word' id='word_1_878' title='bbox 974 5410 1088 5483; x_wconf 89' lang='lat' dir='ltr'>opertis,</span> <span class='ocrx_word' id='word_1_879' title='bbox 1112 5409 1209 5465; x_wconf 89' lang='lat' dir='ltr'>similis</span> <span class='ocrx_word' id='word_1_880' title='bbox 1232 5409 1335 5466; x_wconf 85' lang='lat' dir='ltr'>veritas</span> <span class='ocrx_word' id='word_1_881' title='bbox 1361 5418 1413 5478; x_wconf 90' lang='lat' dir='ltr'>est,</span> <span class='ocrx_word' id='word_1_882' title='bbox 1437 5419 1464 5467; x_wconf 90' lang='lat' dir='ltr'>et</span> <span class='ocrx_word' id='word_1_883' title='bbox 1482 5419 1596 5484; x_wconf 81' lang='lat' dir='ltr'>utraque</span> <span class='ocrx_word' id='word_1_884' title='bbox 1621 5427 1671 5483; x_wconf 91' lang='lat' dir='ltr'>per</span> <span class='ocrx_word' id='word_1_885' title='bbox 1693 5411 1773 5468; x_wconf 88' lang='lat' dir='ltr'>Chri-</span> 
     </span>
     <span class='ocr_line' id='line_1_60' title="bbox 118 5497 1774 5575; baseline -0.001 -15"><span class='ocrx_word' id='word_1_886' title='bbox 118 5503 182 5561; x_wconf 89' lang='lat' dir='ltr'>ideo</span> <span class='ocrx_word' id='word_1_887' title='bbox 196 5501 313 5560; x_wconf 88' lang='lat' dir='ltr'>odicium</span> <span class='ocrx_word' id='word_1_888' title='bbox 328 5502 419 5559; x_wconf 78' lang='lat' dir='ltr'>misse</span> <span class='ocrx_word' id='word_1_889' title='bbox 442 5502 477 5558; x_wconf 88' lang='lat' dir='ltr'>ad</span> <span class='ocrx_word' id='word_1_890' title='bbox 502 5499 714 5574; x_wconf 88' lang='lat' dir='ltr'>promissionem</span> <span class='ocrx_word' id='word_1_891' title='bbox 723 5499 862 5574; x_wconf 89' lang='lat' dir='ltr'>pertinens</span> <span class='ocrx_word' id='word_1_892' title='bbox 876 5515 924 5556; x_wconf 91' lang='lat' dir='ltr'>se·</span> <span class='ocrx_word' id='word_1_893' title='bbox 975 5507 1044 5562; x_wconf 86' lang='lat' dir='ltr'>stum</span> <span class='ocrx_word' id='word_1_894' title='bbox 1078 5498 1200 5556; x_wconf 85' lang='lat' dir='ltr'>revelata</span> <span class='ocrx_word' id='word_1_895' title='bbox 1238 5507 1309 5555; x_wconf 90' lang='lat' dir='ltr'>sunt.</span> <span class='ocrx_word' id='word_1_896' title='bbox 1357 5497 1470 5572; x_wconf 86' lang='lat' dir='ltr'>[liilar.,</span> <span class='ocrx_word' id='word_1_897' title='bbox 1514 5499 1650 5575; x_wconf 80' lang='lat' dir='ltr'>Cassiod]</span> <span class='ocrx_word' id='word_1_898' title='bbox 1708 5499 1774 5558; x_wconf 88' lang='lat' dir='ltr'>ideo</span> 
     </span>
    </p>
   </div>
   <div class='ocr_carea' id='block_1_3' title="bbox 0 0 1985 6066">
    <p class='ocr_par' dir='ltr' id='par_1_3' title="bbox 0 0 1985 6066">
     <span class='ocr_line' id='line_1_61' title="bbox 0 0 1985 6066; baseline 0 0"><span class='ocrx_word' id='word_1_899' title='bbox 0 0 1985 6066; x_wconf 95' lang='lat' dir='ltr'> </span> 
     </span>
    </p>
   </div>
  </div>
 </body>
</html>
