3896 6062
164 122 199 174 53
559 116 841 176 COhlhlENl'AlilUli
856 119 892 174 lN
906 118 1078 176 assinos.
1093 151 1128 162 -
1142 121 1189 177 to
1203 121 1401 180 LECTOREM.
1778 121 1811 178 bl

165 241 546 312 rarumprsepolletinGallia,
558 242 961 314 cujusprrccipuemagisterio,
978 244 1070 304 Anon
1095 251 1200 314 poterat
1223 243 1283 299 freri
1305 245 1370 316 quin
1384 244 1582 302 consarcinatio
1597 243 1730 300 similibus
1753 245 1813 301 col·

163 310 226 381 ipse
242 327 291 366 rex
305 327 403 368 omnes
416 319 488 366 artes
502 311 629 367 liberales
643 312 738 368 didicit
752 313 795 368 hic
804 313 889 367 multa
899 313 962 368 seri·
1015 313 1083 370 lecta
1098 313 1312 385 coaptationibus
1326 315 1386 385 pari
1399 315 1487 395 gradu
1506 315 1541 371 ad
1556 315 1683 370 eumdem
1700 329 1812 387 scopum

163 381 230 452 psit,
245 381 319 436 inter
333 399 394 452 qnae
408 381 493 461 mrdta
507 382 627 437 eminent
641 382 703 438 libri
726 383 761 439 de
783 391 878 438 sancta
902 383 964 438 Tri·
1014 383 1147 440 tenderet.
1164 385 1218 440 Sed
1234 401 1295 466 quae
1318 393 1394 440 erant
1410 402 1437 440 m
1450 385 1542 457 glossa
1565 383 1704 441 ordinaria
1719 392 1745 441 et
1768 385 1813 442 in·

162 452 249 506 nitate
264 452 358 523 scripti
368 453 499 522 adipsum
510 468 613 533 regern,
626 452 668 508 hic
683 452 765 508 etiam
778 454 857 522 jussu
878 453 964 524 ipsius
1014 455 1157 522 tcrlineali,
1174 471 1253 526 quasr
1267 470 1352 510 arena
1367 455 1426 510 sine
1449 456 1534 522 calce,
1559 455 1603 512 hic
1625 454 1717 510 subtili
1732 455 1813 512 adhi-

162 522 240 592 regis
254 523 377 577 divinam
390 522 509 578 correxit
524 523 675 578 historiam.
691 525 725 578 ht
740 523 898 595 scrupulum
907 539 967 578 rno-
1013 524 1072 579 hito
1087 533 1312 596 temperamento,
1329 525 1356 580 in
1371 525 1495 581 ordinem
1508 525 1557 580 sub
1572 533 1674 581 textum
1693 525 1810 608 redegit.

164 600 212 646 vet
229 593 317 648 abbas
344 593 510 648 Trithemius
542 608 705 648 asseverans
729 594 856 650 strabum
878 593 963 650 fuisse
1013 595 1091 650 hdde
1114 595 1187 667 quod
1213 595 1336 668 quisquis
1350 596 1374 651 is
1397 595 1506 652 modern
1530 593 1621 660 fuerit,
1636 595 1682 668 qui
1696 595 1812 666 praehxit

161 663 319 731 hujusmodi
327 671 556 720 coacervatorem.
571 663 653 730 «llic,
664 663 700 718 ait
709 663 832 728 strabus,
863 663 963 720 lassam
1013 665 1104 720 titulos
1119 665 1268 730 nominum,
1285 666 1383 738 quibus
1407 667 1657 722 internoscerentur
1670 665 1743 721 citati
1757 681 1810 722 au-

162 750 227 856 quae
240 749 315 789 nnnc
329 733 467 789 ordinaria
477 733 584 800 dicitur,
602 749 685 805 super
705 741 786 790 totam
800 681 913 790 bibliam
929 751 963 790 ex
1013 742 1103 791 ctores
1120 737 1146 791 in
1161 735 1283 808 faragine
1298 735 1397 806 glossae
1411 736 1559 792 ordinaria
1573 733 1763 791 confusissime
1778 745 1805 792 et

183 803 246 858 retis
270 812 426 859 sanctorum
452 805 562 859 Petrum
585 804 690 874 primus
703 813 888 875 comportasse
901 820 962 860 me·
1012 806 1220 861 mendosissime
1236 807 1335 878 saepius
1349 821 1383 862 ea
1398 806 1544 862 recensuit.
1568 806 1639 860 Nam
1662 804 1709 860 uhi
1723 805 1809 861 adno-

160 881 297 929 moratur.
317 873 390 929 Satis
403 875 457 930 huc
471 875 606 930 accedunt
620 891 681 946 quae
695 873 821 932 dicuntur
835 875 963 932 chronica
1012 875 1109 930 mndus
1134 885 1191 932 erat
1215 876 1392 958 Augustinus,
1418 877 1530 932 ascribit
1551 873 1756 942 cassiodorum,
1780 883 1807 931 et

159 945 367 999 chronieorum.
395 944 510 999 Strabus
547 952 745 1000 commentator
781 945 961 1016 diligentissi-
1012 945 1162 1002 ediverso.
1179 947 1213 1002 Et
1226 947 1273 1002 ubx
1288 947 1448 1018 principium
1463 955 1508 1001 aut
1520 945 1582 1002 frnis
1596 945 1737 1002 sententiaa
1749 961 1808 1017 per·

161 1029 233 1080 mus,
258 1015 364 1070 Rabani
385 1015 503 1080 auditor,
525 1013 649 1070 inlibris
679 1014 772 1070 llihliae
799 1015 961 1086 perpulchre
1011 1015 1078 1071 tinet
1092 1015 1309 1072 solummodoad
1324 1018 1396 1073 hunc
1410 1017 1544 1073 velillum
1564 1015 1806 1087 interpretamus

159 1093 363 1140 commentatus
386 1093 438 1142 est.
462 1086 495 1141 Ut
525 1082 616 1151 fuerit,
641 1085 824 1140 certissimum
856 1093 897 1141 est
922 1093 961 1140 ta·
1010 1085 1112 1142 indicat
1128 1103 1237 1156 nomen,
1253 1087 1401 1158 quasitota
1416 1087 1450 1142 sit
1465 1087 1632 1159 illiusquam
1647 1093 1732 1141 notat.
1748 1085 1806 1142 lmo

157 1154 201 1209 les
217 1155 380 1226 rhapsodias
393 1155 478 1210 fuisse
493 1170 510 1210 a
519 1155 787 1225 posterioribusutro
826 1171 850 1220 e,
863 1171 961 1226 nempe
1011 1171 1076 1212 sero
1091 1157 1165 1236 quod
1187 1158 1377 1228 iuterpretatur
1400 1157 1560 1223 anamodo,
1576 1156 1646 1211 alter
1659 1156 1803 1226 contrario,

162 1226 281 1304 Alcuino
305 1233 332 1280 et
354 1225 454 1280 Strabo
477 1241 520 1279 am
541 1225 617 1281 liatas
637 1233 664 1280 et
677 1173 873 1280 ditatasqNam
888 1242 960 1296 saepe
1012 1241 1052 1284 stc
1075 1227 1169 1282 tribuit
1191 1227 1354 1300 quandoque
1376 1235 1544 1299 praepostero
1567 1226 1671 1291 ordine,
1695 1226 1803 1282 illorum

159 1295 297 1351 indicatur
312 1295 438 1352 llabanus
452 1296 499 1368 qui
513 1242 563 1350 ffiit
576 1295 683 1351 auditor
698 1295 814 1362 alcuini,
828 1296 958 1361 Strabus;
1011 1297 1123 1367 scripta,
1148 1305 1177 1351 ut
1198 1305 1311 1368 uterque
1333 1297 1432 1352 habeat
1447 1297 1610 1352 seutentiam
1628 1295 1680 1350 sihi
1695 1295 1804 1366 opposi-

159 1367 253 1421 seriba
277 1365 380 1422 llabaui
403 1366 519 1436 ipsemet
541 1365 681 1433 hlcuinns,
707 1381 777 1436 quos
791 1365 960 1436 probabilius
1010 1374 1077 1422 tam.
1104 1366 1146 1422 nd
1170 1369 1229 1423 hmo
1251 1367 1417 1423 creberrime
1441 1367 1568 1439 relinquit
1588 1367 1649 1422 loca
1672 1382 1805 1437 anonyma

159 1445 203 1491 est
213 1436 579 1507 aposterioribusascriptos
587 1435 873 1516 fuissequamseipsis.
881 1436 959 1492 Adde
1009 1438 1087 1561 quasi
1101 1437 1195 1494 incerti
1210 1438 1339 1504 auctoris,
1356 1453 1417 1494 eum
1432 1445 1522 1493 tamen
1537 1435 1806 1508 propriumsibiviu·

159 1506 235 1578 quod
249 1506 378 1578 saepicule
393 1507 492 1562 citatur
506 1506 637 1574 isidorus,
653 1523 698 1576 qur
713 1505 760 1560 fuit
777 1507 818 1560 liis
832 1507 959 1561 omnibus
1029 1507 1111 1574 icant,
1136 1507 1205 1563 sieut
1228 1515 1254 1563 et
1277 1507 1332 1562 alia
1355 1523 1389 1564 ac
1411 1507 1523 1562 forsitan
1545 1505 1680 1562 interdum
1704 1506 1803 1562 cenius

158 1579 299 1646 superior.
319 1576 460 1631 interdurn
473 1577 624 1648 allegantur
638 1577 752 1646 lleyrno,
768 1575 849 1644 Beda,
865 1577 959 1633 Remi·
972 1598 999 1658 Β
1007 1592 1092 1702 paam
1107 1594 1168 1648 qum
1181 1577 1280 1648 signat.
1297 1579 1361 1633 lieo
1376 1577 1468 1632 omnia
1480 1577 1598 1650 legendo
1612 1575 1804 1646 comprobabis

156 1646 222 1719 gius
238 1664 246 1702 :
264 1647 308 1702 hie
321 1647 430 1712 junior3
445 1646 484 1701 illi
498 1646 636 1716 praedictis
651 1647 717 1700 satis
739 1646 830 1702 sicini.
855 1647 957 1702 Nobis·
1018 1647 1095 1704 acile.
1121 1647 1229 1702 Etenim
1251 1655 1307 1702 tam
1330 1647 1410 1703 obvia
1434 1656 1506 1712 sunt,
1526 1656 1555 1702 ut
1569 1661 1804 1717 supervacaneum

156 1733 223 1772 cnm
246 1726 289 1772 est
312 1717 475 1772 Trithemius
496 1717 525 1772 in
548 1717 600 1772 hoc
622 1716 746 1784 articulo,
762 1717 808 1788 qui
822 1717 957 1773 subsecu-
1008 1717 1088 1774 fuerit
1113 1717 1215 1773 diutius
1238 1717 1388 1773 immorari.
1413 1717 1445 1772 ln
1459 1717 1536 1772 libris
1550 1723 1640 1771 autern
1655 1731 1736 1771 rnanu
1751 1715 1802 1772 de-

156 1795 204 1842 tus
218 1787 257 1841 ait
271 1803 353 1860 quarn
368 1787 494 1842 videlieet
507 1787 626 1859 glossam
642 1786 687 1841 alii
712 1787 885 1858 postmodum
905 1787 957 1842 ad·
1008 1787 1125 1858 scriptis,
1142 1787 1280 1843 rarissime
1295 1787 1406 1843 nomina
1424 1786 1628 1842 ascribebantur
1650 1793 1800 1842 auctorum.

153 1857 259 1926 junctis
290 1857 431 1913 sententiis
467 1857 572 1912 Patruro
595 1856 770 1926 ampliarunt.
798 1857 958 1928 Superhaec
1008 1857 1101 1928 ltaque
1121 1857 1262 1930 negotium
1287 1857 1336 1912 fuit
1359 1872 1413 1912 non
1438 1857 1566 1920 otiosum,
1589 1855 1638 1911 sed
1657 1870 1800 1926 operosum

155 1927 243 2000 longe
267 1927 345 1998 plura
370 1929 502 1982 habemus
526 1927 553 1982 in
576 1927 716 1982 codicibus
738 1927 809 1998 typis
823 1927 954 1992 excussis,
1007 1943 1183 1997 manuopera,
1208 1927 1361 1991 citationes,
1385 1927 1473 1983 citatis
1497 1927 1649 1990 restituere,
1672 1925 1803 1997 aequasi

156 2014 240 2070 quam
264 1997 293 2052 in
316 1997 512 2054 vetustioribus
535 2012 617 2053 manu
638 1997 792 2068 descriptis.
809 1997 898 2053 Libuit
913 2005 956 2052 ta·
1007 1973 1150 2054 confusum
1164 1998 1248 2053 chaos
1263 2005 1434 2070 exsurgeret.
1455 1997 1579 2069 Denique
1589 2003 1619 2050 ut
1628 1993 1711 2051 linem
1721 1994 1801 2052 fecia-

154 2083 222 2124 men
241 2067 333 2138 potius
346 2069 492 2124 Alcuinum
506 2067 642 2123 asciscere
657 2083 736 2138 qnam
752 2067 871 2138 glossam
885 2068 958 2123 ordi·
1007 2085 1076 2134 mus,
1093 2075 1221 2139 quantum
1243 2068 1279 2123 ad
1301 2066 1424 2138 glossam
1445 2065 1653 2132 interlinealem,
1665 2064 1741 2121 illam
1755 2081 1801 2122 ar-

154 2138 275 2202 nariam,
292 2145 340 2194 aut
354 2138 504 2210 quemlibet
514 2137 607 2204 alium,
618 2146 764 2209 propterea
773 2138 882 2219 quodin
893 2138 956 2210 qui·
1008 2138 1103 2193 hitrari
1117 2138 1296 2208 antiquiorem
1309 2137 1498 2206 hujuscemodi
1512 2136 1745 2194 consarcinatione
1755 2151 1801 2191 sa·

155 2209 278 2264 busdam
301 2208 502 2278 exemplaribus
525 2209 605 2278 hujus
628 2207 811 2281 gnomologiae
831 2223 956 2263 nonnun·
1007 2209 1041 2262 tis
1058 2223 1218 2278 persuasum
1233 2208 1375 2274 habemus,
1391 2223 1426 2263 ue
1441 2207 1502 2280 quis
1517 2207 1670 2288 suspicetur
1683 2206 1757 2278 quod
1772 2221 1803 2262 ca

154 2295 241 2350 quam
256 2279 415 2350 signabatur
428 2279 568 2334 alcuinus.
586 2279 686 2332 Praeter
700 2281 761 2346 hoc,
788 2279 914 2350 blagister
928 2279 956 2333 in
1007 2294 1069 2350 quae
1083 2285 1283 2334 commentatur
1297 2278 1435 2351 Magister,
1451 2277 1540 2349 potius
1556 2285 1610 2332 sunt
1626 2276 1758 2332 translata
1775 2276 1804 2331 in

153 2349 280 2404 secundo
300 2349 498 2404 sententiarum
515 2348 691 2404 distinetione
705 2348 868 2403 duodecima
907 2364 955 2404 ro·
1006 2349 1162 2416 huiusmodi
1201 2346 1346 2408 lossemata
1360 2347 1602 2420 quamediverso.
1627 2347 1697 2402 Nam
1710 2345 1739 2401 in
1757 2361 1805 2402 re-

153 2419 210 2475 fert
234 2419 395 2474 nominatim
415 2418 559 2474 Alcuinum
582 2417 779 2488 superGenes.
794 2419 828 2472 Et
843 2417 870 2472 id
884 2365 956 2488 fegi-
1006 2418 1109 2473 teribus
1125 2425 1151 2472 et
1165 2365 1242 2472 libris
1254 2427 1279 2474 et
1294 2417 1465 2474 bibliothecis
1479 2417 1539 2473 haec
1552 2417 1646 2488 glossa
1660 2415 1804 2496 interseri·

153 2498 204 2544 tur
217 2489 246 2544 in
261 2488 355 2560 glossa
369 2488 517 2544 ordinaria.
533 2489 637 2544 Rursus
652 2487 700 2542 lib.
725 2503 765 2554 ru,
783 2487 957 2544 distinctione
1006 2495 1057 2552 tur,
1073 2488 1190 2543 maxime
1206 2503 1268 2544 cum
1278 2487 1360 2558 prisci
1370 2487 1409 2543 illi
1419 2495 1543 2544 auctores
1558 2487 1594 2542 ob
1603 2486 1721 2556 inopiam
1736 2501 1802 2542 sorr-

154 2564 202 2624 ts,
218 2559 356 2641 profertur
370 2558 540 2626 Ambrosius,
565 2559 642 2628 cujas
665 2558 827 2613 sententiam
850 2558 956 2613 videtur
1005 2567 1125 2629 plorum,
1142 2566 1170 2614 et
1184 2558 1323 2630 scripturae
1341 2559 1495 2631 angustiam
1516 2556 1668 2612 laconismo
1683 2555 1803 2612 delecta-

152 2631 182 2684 ht
247 2637 288 2684 ter
296 2630 437 2700 accepisse
448 2645 481 2685 ex
491 2629 584 2700 glossa
594 2627 733 2684 ordinaria
743 2628 893 2698 ad9caput
903 2628 957 2698 epi·
1007 2638 1109 2684 rentur.
1126 2629 1180 2684 Sed
1195 2637 1221 2684 et
1236 2627 1327 2683 multis
1350 2629 1474 2700 partibus
1497 2628 1617 2684 loannes
1639 2625 1801 2682 Trithemius

152 2645 285 2756 stoffad
301 2700 440 2762 ilebraeos,
463 2714 524 2754 curn
539 2699 676 2754 Ambrosii
701 2699 914 2754 commentarius
927 2698 955 2753 in
1006 2699 1114 2753 anobis
1137 2707 1200 2764 stat,
1224 2699 1270 2771 qui
1286 2699 1356 2753 inter
1376 2699 1524 2769 scriptores
1539 2696 1745 2753 ecclesiasticos
1758 2711 1801 2752 rc-

152 2786 216 2826 eam
230 2770 375 2841 epistolam
383 2768 551 2825 desideretur
561 2769 629 2839 (ta),
641 2769 756 2839 Insuper
766 2767 836 2823 libro
847 2776 954 2840 quarto,
1006 2777 1100 2824 censet
1113 2769 1271 2824 anselmum
1287 2767 1495 2824 Laudunensern
1510 2768 1596 2824 airum
1610 2767 1721 2840 ingenio
1734 2781 1803 2822 acu·

152 2841 330 2896 distinctione
345 2847 452 2912 quarta,
467 2838 588 2912 glossam
602 2839 771 2894 ordinariam
785 2838 892 2893 videtur
904 2853 955 2894 vo·
1006 2846 1073 2904 tum,
1093 2854 1220 2894 sermone
1244 2839 1435 2896 scholasticum
1458 2853 1514 2894 non
1536 2837 1626 2893 minus
1650 2837 1705 2892 vita
1719 2851 1802 2909 quam

150 2926 219 2966 aare
234 2909 279 2965 hle
301 2909 374 2976 ster,
390 2910 594 2974 auctoritatem
611 2908 750 2963 adducens
764 2909 836 2963 enim
851 2907 955 2979 episto·
970 2909 1122 3003 Cscientia
1136 2907 1281 2980 insignem,
1298 2924 1368 2964 noro
1382 2908 1558 2979 expositionis
1573 2922 1687 2981 genere,
1698 2907 1802 2964 utrius·

150 2981 211 3036 lam
225 2981 261 3035 ad
300 2980 503 3044 ebraeossexto,
514 2979 554 3034 sic
564 2979 601 3033 ait
617 2996 623 3032 :
638 2999 649 3029 ι
663 2979 741 3035 Unde
751 2979 900 3034 auctoritas
914 2978 956 3033 di·
1006 2995 1057 3049 que
1071 2979 1237 3034 Testamenti
1252 2980 1397 3050 scripturas
1412 2979 1506 3051 glossa
1520 2976 1681 3034 interlineali
1695 2984 1722 3032 et
1732 2993 1805 3032 mar·

150 3051 202 3118 cit,
221 3051 285 3106 ideo
300 3049 460 3120 Apostolum
476 3049 617 3120 pluraliter
634 3048 736 3104 dixisse
750 3047 955 3103 fundamentum
1005 3049 1090 3121 ginali
1112 3065 1145 3104 ex
1169 3050 1278 3104 Petrum
1301 3050 1409 3120 scriptis
1434 3065 1467 3105 ex
1488 3049 1604 3104 lanasse.
1628 3048 1654 3102 ls
1668 3054 1759 3102 autem
1773 3054 1803 3102 ut

150 3121 358 3201 baptismatum,
384 3120 447 3192 quia
471 3127 511 3174 est
537 3119 687 3190 baptismus
707 3119 735 3174 iu
750 3134 831 3188 aqna,
846 3119 872 3174 in
888 3135 954 3174 san·
1005 3136 1038 3174 ex
1054 3118 1150 3174 eodem
1164 3127 1276 3174 auctore
1290 3119 1444 3191 colligimus
1458 3066 1555 3173 claruit
1569 3125 1632 3173 ante
1641 3117 1802 3186 Magistrum

149 3207 247 3264 gnane,
264 3191 292 3245 iu
305 3189 475 3260 paenitentia,
493 3197 558 3254 etc,
572 3205 633 3260 quae
647 3189 739 3244 omnia
760 3188 915 3270 comperies
927 3188 955 3244 in
1005 3189 1202 3244 sententiarum
1218 3189 1296 3244 annis
1318 3188 1428 3245 circiter
1451 3188 1571 3260 triginta.
1594 3186 1718 3258 Denique
1732 3187 1803 3243 adeo

173 3263 248 3316 fossa
261 3260 410 3326 ordinaria,
426 3260 461 3314 ad
475 3259 543 3314 illud
558 3266 647 3330 caput.
659 3258 717 3315 Nec
740 3259 847 3314 mireris
861 3259 889 3314 in
904 3259 955 3314 hac
1025 3259 1132 3315 raeclara
1147 3259 1237 3314 disces
1264 3275 1296 3315 ex
1321 3259 1363 3314 his
1377 3257 1589 3325 commentariis,
1606 3273 1667 3328 quae
1681 3272 1736 3312 uon
1751 3256 1802 3311 lra-

184 3331 281 3412 agistri
295 3330 431 3402 faragine,
447 3336 545 3386 cuncta
560 3346 621 3400 qum
635 3336 697 3384 sunt
721 3332 750 3384 in
775 3328 869 3410 glossa
883 3329 956 3385 ordi·
1004 3277 1104 3384 gantur
1119 3331 1147 3384 in
1165 3329 1227 3384 aliis
1250 3328 1404 3400 glossarum
1426 3327 1575 3392 fasciculis,
1599 3334 1628 3382 ut
1642 3342 1698 3382 non
1714 3326 1803 3398 poeni·

152 3417 233 3457 nana
255 3409 284 3456 et
310 3399 477 3456 interlineali
487 3399 584 3456 feread
599 3399 712 3456 verbum
737 3399 809 3472 leg13
826 3399 951 3470 quando·
1006 3406 1062 3454 teat
1077 3397 1227 3470 frequentis
1241 3397 1376 3455 lectionis.
1391 3397 1494 3456 Fruere
1501 3397 1584 3472 igitur
1595 3405 1621 3454 et
1630 3395 1687 3454 vale
1698 3397 1724 3452 in
1739 3411 1802 3453 oru-

148 3473 264 3545 qnidem
278 3471 422 3543 utrobique
445 3471 516 3526 idem
541 3477 733 3544 argumentum
748 3469 949 3537 assumebatur,
1001 3469 1082 3526 cillxo
1096 3469 1170 3537 lesu,
1186 3469 1272 3528 amice
1288 3469 1388 3528 lector.

186 3567 236 3624 tta)
248 3571 318 3622 aune
328 3569 418 3622 dicitur
429 3581 556 3620 excussus.

746 3773 832 3874 Ab
870 3773 1225 3877 LECTOREM.

187 4017 334 4084 Quantum
344 4016 445 4086 [rapu.
457 4017 547 4071 amice
563 4016 659 4080 lectar,
672 4019 700 4070 ct
714 4015 882 4071 accessionis
896 4015 1131 4070 aderuditionem
1147 4019 1231 4070 tuam
1240 4018 1338 4070 noster
1352 4014 1397 4070 lrie
1405 4015 1506 4070 Petrus
1517 4013 1686 4071 lombardus
1702 4015 1805 4074 tilisit
1835 4015 1842 4031 '

146 4087 297 4142 allaturas
311 4087 381 4141 setis
396 4087 439 4141 cel
455 4090 482 4140 te
491 4086 589 4142 decere
600 4088 773 4158 potestsilua
784 4085 934 4158 proborum
943 4089 1093 4141 auctorum
1104 4101 1171 4158 quos
1183 4087 1286 4140 citatos
1300 4085 1385 4141 vides.
1397 4085 1503 4140 lieinde
1517 4101 1575 4141 non
1585 4087 1673 4142 unias
1688 4089 1804 4146 tantam

147 4157 274 4212 doctoris
298 4160 422 4212 mentem
440 4156 486 4212 laic
506 4158 638 4226 reperies,
662 4156 691 4212 id
704 4156 775 4228 qued
789 4158 821 4211 in
839 4157 905 4212 aliis
926 4157 1089 4226 contingere
1113 4156 1195 4222 solet,
1217 4156 1265 4210 sed
1283 4156 1432 4212 oraculum
1453 4155 1591 4228 quoddam
1612 4156 1740 4214 divorum
1754 4161 1806 4230 (sic

144 4229 228 4282 enim
242 4227 379 4310 dixerim)
391 4231 420 4282 et
433 4229 510 4282 inter
519 4230 632 4282 sanctes
646 4230 675 4282 ct
686 4231 791 4283 veteres
806 4227 870 4282 illos
884 4227 1009 4283 docteres
1023 4225 1172 4293 delinitam
1198 4227 1393 4298 sancitamque
1406 4225 1623 4297 expositionem,
1639 4228 1673 4283 ai
1684 4244 1714 4284 eo
1729 4245 1805 4286 cem-

169 4297 309 4362 robatam,
320 4313 367 4352 eur
381 4313 484 4354 namen
498 4297 625 4368 llaqistri
639 4297 707 4352 bono
714 4299 780 4367 jure
790 4298 928 4352 tributum
941 4300 993 4360 est,
1009 4297 1087 4351 velut
1096 4314 1113 4351 a
1122 4298 1213 4367 prime
1228 4300 1368 4358 senatore,
1381 4300 1445 4368 pest
1456 4296 1644 4352 assidentium
1655 4297 1803 4371 sutfragia,

143 4315 242 4422 {atam
256 4369 441 4422 sententiam.
461 4365 530 4435 Quid
548 4367 597 4422 aid
607 4367 684 4421 enim
697 4367 763 4421 binc
780 4367 894 4422 haurire
904 4367 1007 4432 licebit,
1020 4383 1077 4422 nen
1091 4371 1119 4421 et
1135 4367 1256 4429 lacunis,
1273 4383 1330 4421 non
1341 4382 1378 4422 ce
1393 4367 1524 4421 amnibus
1536 4367 1805 4440 turbidis,AEpyptiis

146 4441 178 4492 et
192 4439 301 4492 amaris
316 4437 513 4493 hereticorum
522 4385 617 4504 stuciis
626 4437 748 4508 petitum
764 4437 847 4491 uelim
857 4437 1015 4492 existimes.
1033 4437 1133 4492 Omnia
1142 4437 1229 4520 plena
1240 4440 1308 4492 sunt
1319 4438 1420 4492 veteris
1432 4439 1461 4490 ct
1469 4437 1569 4508 primm
1577 4437 1657 4492 illius
1667 4438 1804 4496 doctrinm

167 4524 204 4562 aa
218 4509 318 4576 tiarati
332 4508 467 4569 Ecclesia,
483 4523 548 4562 cum
564 4507 702 4562 veteribus
716 4507 875 4562 doctoribus
889 4510 1026 4579 tanquam
1044 4523 1162 4577 gemmas
1177 4523 1209 4562 ac
1224 4509 1390 4590 margaritis
1405 4507 1572 4577 perlucebat.
1592 4507 1667 4575 Quod
1678 4509 1704 4562 si
1719 4510 1803 4566 bom·

145 4525 252 4633 zuram
267 4579 313 4633 sai
322 4578 413 4632 animi
427 4593 543 4632 sensam
558 4580 674 4632 tantum
686 4577 854 4648 scripsisset,
870 4579 997 4648 prefecto
1006 4593 1064 4632 nen
1081 4579 1192 4632 tamesi
1205 4577 1467 4646 inferterdoctrr'na
1481 4579 1510 4632 et
1524 4577 1655 4648 opinione
1665 4579 1733 4650 quin
1754 4597 1806 4652 po·

147 4651 275 4704 tanseat
285 4650 345 4718 ejus
361 4647 571 4703 lucubrationes
583 4648 661 4702 inter
675 4647 821 4703 doctorum
831 4651 1017 4702 monumenta
1028 4648 1179 4702 recenseri.
1196 4647 1329 4702 famvero
1339 4646 1450 4719 quando
1462 4663 1514 4702 sue
1524 4648 1669 4703 sententia
1684 4650 1806 4706 aliorum

145 4734 200 4774 nec
209 4718 369 4790 uulgarium
384 4721 531 4774 auctorum
548 4718 797 4789 interpretationes
810 4733 869 4772 com
890 4717 995 4773 rebauit
1009 4721 1042 4772 ut
1054 4721 1260 4782 sacrosanctas,
1271 4717 1338 4800 qaid
1351 4733 1409 4772 non
1419 4717 1537 4788 dignam
1547 4717 1605 4774 vire
1619 4718 1688 4774 beno
1706 4735 1806 4776 acmo·

141 4787 308 4860 destaquid
317 4805 373 4845 neri
385 4789 447 4842 ant’
467 4789 850 4860 uumreceptamqaepoteris
865 4734 1017 4842 ssicaudire
1031 4789 1074 4843 uel
1089 4789 1177 4857 tepere
1189 4791 1200 4842 t
1210 4787 1344 4859 Equidem
1358 4790 1475 4857 pretam
1484 4787 1584 4842 maltis
1594 4789 1625 4842 in
1634 4789 1806 4846 psalterium

146 4859 374 4924 commentariis,
393 4859 437 4912 uel
472 4859 498 4913 ie
513 4873 588 4912 unas
605 4857 655 4912 tibi
669 4873 728 4912 esse
740 4859 854 4930 poterit,
875 4859 968 4942 sieque
983 4857 1089 4912 carebis
1102 4859 1223 4922 ceteris,
1240 4861 1273 4912 ut
1287 4874 1353 4929 quos
1369 4857 1471 4928 delegit
1493 4857 1672 4912 doctissimus
1694 4875 1802 4926 censer,

143 4930 236 4984 simul
249 4929 282 4983 in
293 4929 348 4984 iste
362 4928 464 4984 babeas
486 4930 643 4984 universos.
658 4927 733 4982 Adde
763 4927 834 4999 qued
849 4929 930 4982 titula
949 4929 1125 5012 psalmorum
1140 4929 1182 4982 ita
1198 4928 1316 4998 copiose,
1333 4929 1412 4983 docte
1428 4931 1455 4982 et
1470 4928 1583 4982 utiliter
1596 4928 1709 4983 collecti
1723 4934 1803 4993 sunt,

143 5003 180 5054 ut
194 5015 247 5058 nee
262 4998 339 5081 apud
362 4999 527 5122 quempiam
542 4999 668 5069 reperias
692 4998 865 5082 hujusmodi·
875 4998 1040 5082 divitiorem
1052 5015 1140 5069 penu,
1157 4999 1319 5122 etjalearis
1342 5001 1438 5068 postea
1460 4997 1535 5052 ntltt
1558 5012 1627 5082 esse,⁸
1643 4999 1715 5069 qaod
1730 5001 1806 5056 brevi

144 5067 1806 5210 ⁶⁰ttttttt..litttttitttttetiltftiatattestantia·lltltettttttitttn....a

143 5226 219 5266 nam
232 5209 287 5265 duc
296 5223 402 5280 genera
411 5209 506 5274 uelim,
516 5209 641 5264 alterum
651 5210 803 5280 eorumqui
817 5212 915 5263 nostra
928 5210 1042 5278 Vulgata
1052 5210 1174 5264 editione
1185 5211 1306 5279 suerunt
1318 5210 1455 5264 hactenus
1465 5208 1605 5272 contenti,
1617 5209 1744 5266 alteram
1755 5213 1805 5268 lle·

142 5281 250 5336 braicee
265 5280 371 5351 linqua
385 5279 612 5334 candidatorum.
628 5279 676 5333 lili
689 5280 798 5346 statim,
815 5278 862 5334 uhi
877 5280 919 5334 ael
934 5279 1061 5334 Hebrreas
1076 5283 1126 5334 aut
1142 5280 1251 5334 Grecos
1265 5294 1344 5334 voees
1359 5279 1468 5350 aliquot
1482 5278 1617 5345 uiderint,
1634 5295 1692 5335 nen
1706 5281 1754 5336 des
1774 5299 1806 5338 e·

142 5354 224 5415 rent,
236 5354 373 5422 tanquam
383 5351 431 5421 qui
441 5350 516 5404 nihil
527 5349 663 5404 utilitatis
671 5350 732 5404 sint
741 5348 806 5404 inde
817 5349 915 5414 laturi,
928 5348 999 5421 quod
1018 5349 1049 5403 in
1064 5350 1168 5419 linquis
1179 5349 1239 5403 illis
1249 5364 1307 5404 nea
1322 5350 1523 5431 promoverint.
1535 5349 1641 5419 Legunt
1653 5353 1730 5406 enim
1760 5353 1806 5407 ili-

141 5425 246 5492 qenter
255 5421 412 5544 alreloqiam
421 5435 504 5491 quam
513 5419 695 5474 collationem
705 5423 792 5484 vocat,
805 5423 904 5474 eleum
914 5421 1139 5502 censeranteum
1149 5434 1180 5475 eo
1190 5434 1330 5542 versuque
1339 5421 1492 5486 tractatur,
1506 5419 1806 5491 legantqaeeemmen-

144 5493 256 5547 tarium
275 5493 321 5545 eci
331 5491 422 5555 illias,
434 5493 494 5544 tara
501 5491 675 5562 perspicient
683 5505 767 5560 qaam
778 5490 933 5544 ridiculam
944 5494 992 5550 stt,
1009 5490 1063 5544 leui
1073 5491 1218 5544 occasione
1233 5492 1262 5544 et
1292 5489 1460 5544 eindustria
1475 5489 1626 5546 editionem
1637 5493 1808 5548 ecclesiacti-

142 5579 220 5628 eam,
245 5577 307 5634 quac
320 5561 354 5616 alr
367 5561 496 5617 omnihus
515 5561 656 5617 ueteribus
683 5575 792 5616 summe
817 5559 934 5618 laudata
948 5564 1001 5626 est,
1017 5577 1034 5614 a
1048 5561 1225 5632 Hieronymo,
1263 5559 1367 5616 lirano
1384 5563 1412 5615 et
1425 5561 1534 5631 aliquot
1554 5560 1620 5614 aliis
1640 5565 1741 5630 peritis
1764 5564 1812 5619 lle·
