3946 6070
842 215 943 272 PETRI
967 215 1154 276 toussani.

725 409 1010 519 esinatis
1068 417 1291 524 CXXIV.

269 612 367 654 asinus
382 614 497 655 rrrunus
514 620 520 655 :
539 625 549 649 ιι
569 618 707 660 ειιιιτιοιιιι
721 619 863 674 cnsnuuu.
884 629 894 656 ι
991 613 1160 678 Αιιιιιιιιιιε,
1177 611 1251 666 addit
1267 630 1272 666 :
1286 615 1320 668 ut
1331 615 1486 681 Dominus,
1505 611 1551 685 qui
1565 613 1706 669 habitatin
1723 601 1827 670 mouti'-

221 715 273 782 Qui
283 715 430 784 confidunt
443 719 475 773 in
486 721 612 776 Domino.
622 722 726 776 Titulus
739 741 745 777 :
765 725 982 796 Canticumgrn·

184 799 281 860 dnum.
308 804 455 878 [Cassiod.,
486 807 569 880 Aug]
599 809 695 864 Sextus
724 813 827 884 gradus
852 819 893 867 est
915 829 980 868 con-

183 888 294 948 fidentia
317 893 469 950 fidelissimi
496 897 652 967 Christiani,
684 900 856 955 solidissimis
878 903 979 956 monti-

184 981 236 1036 bus
251 991 415 1054 oomparata‚
434 1001 516 1056 qnam
544 987 624 1041 habet
648 988 676 1041 iu
703 989 830 1056 Domino,
854 1007 887 1045 ue
912 991 980 1046 zelet

183 1067 276 1126 felices
293 1072 318 1126 in
334 1073 385 1128 boc
400 1074 509 1140 sacculo,
527 1083 556 1128 ut
571 1091 619 1130 eos
632 1077 780 1133 imitemur.
798 1079 846 1135 Hic
863 1097 980 1150 tranique

183 1158 305 1230 psalmus
330 1161 410 1216 docet
438 1178 493 1217 nou
522 1165 662 1220 intendere
684 1166 710 1220 in
733 1177 924 1238 prosperantes
954 1169 980 1222 in

183 1247 235 1304 boc
251 1248 351 1304 saeculo
368 1267 374 1303 :
391 1250 426 1306 dc
442 1267 496 1323 qua
520 1254 710 1324 prosperitate,
736 1255 864 1326 superbia
880 1258 978 1325 evenit,

183 1341 213 1388 ut
235 1352 265 1390 se
279 1337 420 1407 preferant
434 1341 560 1395 omnibus
575 1343 729 1398 bominibus
745 1361 794 1415 per
808 1347 973 1415 superbiam,

182 1423 279 1496 quibus
303 1435 366 1481 suut
387 1428 530 1484 inferiores
549 1447 599 1501 per
612 1431 790 1504 iniquitatem.
820 1435 885 1488 lude
900 1435 982 1489 etiarn

182 1527 229 1570 cor
244 1513 344 1570 durum
358 1514 388 1571 lit
407 1525 502 1573 contra
526 1518 642 1574 imbrem
666 1521 759 1593 gratiae
774 1522 834 1590 Dei,
865 1539 899 1578 ne
922 1523 995 1578 lru-·

185 1612 259 1662 ctum
273 1603 344 1660 ierat
360 1623 366 1658 :
384 1623 452 1678 quos
468 1608 638 1663 attendentes
660 1609 760 1664 intirmi
783 1619 886 1678 nutant,
911 1629 980 1684 qua-

184 1689 245 1748 liter
259 1709 341 1765 supra
355 1693 456 1749 infirmi
471 1697 612 1767 cujusdam
629 1713 725 1768 pacem
748 1708 922 1770 peccatorum
939 1702 981 1756 vi-

1030 698 1091 766 bus,
1108 708 1149 754 cst
1164 703 1334 758 incircuitu
1352 704 1450 776 populi
1465 705 1523 768 sni,
1541 719 1576 758 ue
1590 719 1658 776 ergo
1674 717 1738 774 spes
1754 702 1789 756 sit
1800 702 1831 756 in

1031 789 1178 856 montibus,
1209 789 1257 844 sed
1281 790 1309 844 in
1328 791 1431 847 vertice
1455 789 1594 846 montium.
1619 791 1696 847 Unde
1718 790 1830 846 isaias:

1032 875 1093 930 Erit
1108 878 1139 932 in
1157 879 1315 934 izoirtssz'mis
1326 880 1431 946 dietus,
1456 895 1536 935 mons
1552 879 1650 938 domus
1668 880 1782 936 Domini
1797 881 1832 934 in

1032 967 1135 1020 ucrlice
1150 969 1291 1022 montium
1309 969 1377 1037 (lan.
1402 967 1442 1038 ιι).
1456 967 1506 1025 Hic
1521 983 1588 1040 ergo
1601 984 1691 1035 mous,
1706 984 1830 1042 magnus

1031 1061 1080 1118 est,
1095 1057 1124 1109 in
1141 1057 1267 1112 circuitu
1279 1059 1378 1129 populi
1393 1058 1448 1122 sui,
1460 1075 1496 1113 en
1508 1057 1644 1113 bocnnne
1659 1062 1687 1112 et
1701 1059 1830 1132 usquein

1031 1145 1177 1199 seculum.
1196 1143 1270 1214 Quos
1286 1145 1358 1199 cuim
1369 1145 1484 1200 assumit
1507 1153 1535 1199 ut
1551 1145 1604 1200 sint
1619 1145 1734 1217 populus
1749 1163 1829 1212 suuS,

1032 1233 1193 1304 constringit
1207 1232 1234 1286 in
1249 1233 1451 1288 unurnviuculo
1465 1231 1603 1289 charitatis
1619 1241 1645 1288 et
1659 1234 1745 1305 pacis,
1762 1235 1831 1288 utin

1032 1327 1163 1374 aternum
1188 1337 1242 1376 non
1266 1329 1435 1376 moveantur.
1461 1321 1495 1376 Et
1518 1337 1582 1376 vere
1597 1336 1653 1376 non
1674 1337 1832 1378 commove-

1034 1408 1143 1463 buntur.

1068 1515 1153 1570 Vens.
1170 1519 1196 1570 3.
1213 1547 1247 1556 —
1260 1541 1270 1565 ιι
1289 1517 1357 1586 Quia
1372 1533 1427 1572 nou
1440 1517 1610 1589 derelinquet
1624 1516 1755 1574 Dominus
1769 1517 1830 1576 vir-

1034 1623 1045 1652 «
1063 1619 1127 1675 gam
1148 1614 1325 1674 pcccatorum
1350 1621 1432 1677 super
1456 1614 1558 1661 sortem
1570 1607 1716 1674 Justorum,
1730 1615 1759 1663 ut
1774 1625 1832 1664 uon

1036 1711 1045 1742 ι
1064 1693 1208 1746 extendant
1220 1694 1287 1763 justi
1301 1694 1517 1771 adiniquitatem
1533 1711 1630 1749 manus
1645 1711 1720 1750 suas.
1738 1719 1749 1746 ι

186 1781 284 1850 dentis,
308 1784 373 1838 moti
398 1786 482 1854 pedes
505 1786 633 1857 leguntur
649 1805 656 1853 3
673 1789 722 1842 sed
754 1789 919 1843 credendum
941 1799 982 1844 est
1072 1800 1209 1866 Quianam
1233 1801 1374 1873 relinquet
1389 1799 1833 1873 dominnsnirpnmpercntorum

185 1871 324 1943 sapientiae
340 1872 403 1938 Dei,
429 1874 502 1944 quod
524 1875 615 1930 omnia
640 1876 709 1930 bene
737 1875 815 1944 lacit,
847 1877 897 1931 etsi
927 1895 981 1933 non
1032 1903 1116 1958 super
1126 1891 1230 1942 sortem
1241 1891 1389 1957 justornm,
1406 1887 1692 1960 [dicuin.,Cassiod.,
1708 1890 1794 1962 Aug]
1804 1891 1833 1945 id

187 1959 326 2015 videamus
342 1962 489 2032 quomodo·
506 1963 540 2015 Et
555 1962 590 2016 ita
612 1963 663 2017 erit
678 1972 780 2018 rectum
795 1981 855 2031 cor,
871 1975 899 2020 ut
914 1983 983 2021 0011·
998 1972 1172 2045 Best‘super
1183 1976 1272 2043 justos
1292 1984 1365 2031 sorte
1388 1977 1501 2040 electos,
1521 1976 1565 2032 vel
1579 1977 1624 2048 qui
1649 1985 1712 2032 sunt
1726 1992 1790 2032 sors
1804 1987 1833 2033 et

186 2045 300 2102 fidamus
329 2049 356 2102 in
371 2049 502 2115 Domino,
522 2059 547 2104 et
562 2067 616 2105 uon
641 2053 820 2106 movebuntur
833 2056 919 2125 pedes
935 2072 983 2109 no-

186 2136 246 2190 stri.
263 2136 388 2192 Intentio.
412 2139 503 2192 llouet
527 2137 666 2194 confidere
690 2139 716 2193 in
734 2142 857 2196 Domino.
877 2143 982 2197 llodus.

186 2223 333 2297 [Cassiod]
360 2225 506 2297 Bipartitus
530 2235 580 2281 cst.
609 2228 698 2283 Primo
722 2230 818 2284 asserit
834 2247 887 2285 uon
903 2248 983 2302 posse

186 2314 290 2370 moveri
305 2330 381 2381 eum,
398 2315 444 2386 qui
460 2314 649 2370 confidentiam
664 2317 692 2370 iu
706 2317 757 2373 Dei
777 2319 873 2374 virtute
898 2321 982 2390 pouit.

187 2403 312 2458 Secundo
328 2411 455 2475 precatur
470 2413 499 2460 ut
514 2405 778 2477 bonisprosperitaS,
791 2409 869 2462 malis
893 2410 984 2464 reniet

188 2492 320 2558 vindicta,
332 2493 369 2547 ibi
384 2495 515 2564 Benesuc.
536 2493 691 2550 Ostendens
706 2511 774 2568 ergo
803 2495 930 2551 fidentem
956 2499 983 2552 in

188 2581 246 2636 Deo
261 2597 315 2636 non
330 2597 412 2652 posse
427 2583 545 2648 moveri,
562 2582 598 2637 ait
616 2601 621 2637 :

223 2706 306 2760 Vens.
322 2709 408 2760 l.-«
424 2706 476 2774 Qui
492 2706 631 2761 confidunt
647 2707 675 2762 in
690 2708 807 2763 Domino
823 2709 891 2766 sicut
907 2727 984 2766 mous

190 2816 200 2845 ι
219 2793 283 2849 Sion
301 2810 373 2858 ;non
389 2795 605 2851 commovebitur
620 2795 646 2850 in
663 2805 805 2862 aeternum,
822 2799 866 2868 qiri
882 2800 985 2855 liabitat

189 2905 200 2929 ιι
219 2881 246 2937 in
261 2882 425 2938 Jerusalem.
446 2905 457 2933 s

225 2989 277 3056 nus
292 2990 437 3060 confidunt
449 2993 479 3046 in
495 2993 622 3050 Domino.
639 2991 882 3066 [Aug.,Cassiod.]
897 2995 929 3048 lit
940 2993 985 3064 qui

187 3085 251 3134 sunt
264 3079 331 3134 istil
349 3081 402 3148 Qui
426 3080 535 3136 habitat
556 3083 586 3135 in
605 3083 775 3145 Jerusalem,
793 3083 940 3153 spirituali,
958 3083 985 3136 id

187 3176 228 3225 est
243 3171 274 3224 in
289 3169 414 3225 Ecclesia
426 3170 541 3236 Christi,
553 3187 611 3225 non
621 3171 985 3238 cornmooelunroratiatir-

185 3264 251 3328 tera,
263 3260 294 3313 in
307 3262 461 3313 aeternnm.
480 3260 607 3314 Terrenae
621 3259 774 3314 Jerusalem
799 3259 873 3314 cives
887 3302 894 3328 ,
912 3277 984 3328 saepe

1035 2063 1178 2118 hareditas
1195 2064 1254 2118 Dei.
1270 2064 1359 2134 Super
1373 2065 1433 2130 hos,
1451 2081 1508 2120 non
1523 2066 1665 2137 relinquet
1694 2067 1833 2122 luminas

1034 2153 1150 2222 virgam,
1167 2152 1195 2206 id
1209 2161 1249 2206 est
1262 2153 1421 2218 dominium,
1438 2157 1628 2225 peccatoram.
1653 2153 1835 2210 Dominantur

1035 2240 1107 2294 enirn
1121 2240 1268 2311 aliquando
1282 2248 1393 2311 propter
1412 2240 1584 2311 disciplinam
1608 2241 1742 2296 bonorum
1757 2260 1764 2306 ;
1782 2243 1832 2297 scd

1035 2345 1142 2398 semper
1158 2345 1211 2383 non
1226 2328 1277 2384 erit
1301 2329 1363 2396 boc,
1389 2337 1418 2383 ut
1432 2329 1476 2384 bic
1490 2337 1583 2400 aperte
1599 2329 1663 2385 dicit
1683 2330 1830 2402 Propheta.

1036 2417 1068 2470 Et
1085 2432 1169 2487 quare
1184 2432 1238 2470 non
1254 2416 1404 2488 relinquit?
1419 2419 1453 2474 lit
1462 2433 1520 2472 non
1534 2418 1694 2472 extendant
1700 2420 1778 2489 justi
1796 2420 1834 2474 nd

1036 2504 1833 2577 iniquitutemnrnnussuos.intelligenteshocpondustri-

1037 2593 1201 2648 bulationum
1225 2595 1260 2648 ad
1284 2601 1391 2664 tempus
1414 2609 1490 2659 esse,
1514 2603 1539 2648 et
1556 2593 1618 2648 ideo
1638 2595 1774 2664 patienter
1792 2595 1833 2650 te·

1035 2690 1105 2736 rant.
1123 2683 1150 2736 Si
1166 2683 1238 2736 enim
1253 2682 1293 2738 sic
1308 2698 1417 2753 semper
1432 2697 1493 2738 esse
1508 2683 1654 2746 videretur,
1670 2683 1832 2738 desererent

1033 2771 1164 2839 justitium
1182 2771 1250 2836 3sed
1276 2769 1338 2825 ideo
1375 2785 1428 2825 nou
1466 2770 1608 2836 deficiunt,
1644 2771 1709 2842 quia
1743 2771 1834 2827 sciunt

946 2919 949 2926 ,
1035 2862 1142 2924 tempus
1157 2854 1274 2908 futurum
1290 2869 1344 2925 quo
1358 2853 1521 2908 Christusin
1535 2853 1657 2909 clariute
1684 2870 1734 2909 sua
1748 2841 1835 2927 appa-

1037 2960 1108 3012 rens,
1126 2942 1308 3016 congregabit
1322 2950 1384 2996 aute
1403 2959 1433 2998 se
1448 2957 1543 2997 ornnes
1557 2951 1663 3015 gentes,
1681 2950 1708 2998 et
1725 2943 1830 3000 dividet

1036 3047 1093 3096 eas,
1112 3033 1180 3087 sicut
1199 3040 1292 3102 pastor
1305 3030 1402 3086 dividit
1415 3031 1509 3086 baedos
1524 3032 1559 3085 ab
1574 3031 1670 3086 oribus
1687 3051 1695 3098 ;
1710 3047 1834 3104 ovesque

1036 3131 1118 3192 ponet
1133 3137 1148 3174 a
1164 3120 1274 3182 dextris,
1299 3119 1493 3174 lraedosautem
1516 3135 1532 3172 a
1560 3119 1676 3174 sinistris
1705 3121 1830 3190 (Datim,

1036 3210 1104 3262 xxvi

1109 3251 1114 3262 ι

1095 3268 1100 3280 d

186 3353 248 3400 suut
280 3346 500 3417 captivati;uon
526 3346 681 3417 spiritualis,
706 3365 766 3417 quac
798 3364 903 3401 sursum
933 3327 1024 3402 est.C
1071 3335 1153 3387 PARS·
1171 3349 1200 3387 ¹¹·
1215 3335 1299 3388 VERS·
1316 3331 1701 3399 4·-·⁴sst³¹¹0s8⁰‚1)0ffl5ss0‚
1713 3333 1795 3390 b⁰nis
1806 3343 1833 3390 θῑ

189 3434 658 3500 Noncommovebunturdico,sicut
672 3451 751 3490 erroris
764 3439 830 3490 Sion
841 3452 898 3490 non
907 3455 985 3492 corrr-

188 3522 346 3578 mouebitur
361 3523 391 3576 in
407 3527 558 3592 (eternum,
574 3523 602 3577 id
617 3533 658 3578 est
673 3524 796 3578 Christus
816 3524 843 3577 iu
858 3541 911 3596 quo
926 3524 985 3578 sun-

188 3610 251 3665 data
266 3617 307 3664 est
321 3611 453 3666 Ecclesia.
471 3613 548 3668 lions
557 3612 628 3667 enim
641 3612 685 3667 ille
696 3612 781 3667 inline
793 3612 884 3668 saeculi
893 3630 986 3668 more-

188 3699 268 3754 bitur.
286 3700 335 3754 l'el
351 3700 385 3754 ita
401 3701 548 3755 secundum
564 3701 645 3755 aliam
669 3701 806 3757 litteram:
825 3703 877 3768 Qui
900 3703 987 3771 corrri-

188 3789 230 3844 dit
246 3789 278 3844 in
292 3789 420 3858 Domino,
433 3797 482 3854 est,
500 3791 574 3845 sicut
586 3807 664 3844 mons
678 3793 755 3856 Sion,
772 3791 798 3844 id
814 3799 855 3844 cst
869 3791 907 3844 illi
918 3791 985 3846 soli-

188 3877 301 3932 dissimo
324 3879 408 3933 monti
433 3878 625 3949 consparabilis
649 3887 700 3933 est.
723 3881 766 3944 lit,
783 3880 829 3950 qui
843 3880 944 3934 bnlritnt
958 3881 985 3934 in

186 3967 353 4034 Jerusalem,
370 3984 423 4023 non
443 3967 659 4023 commovebitur
678 3968 705 4022 iu
725 3977 870 4034 aeternum,
891 3967 985 4041 [nug]

188 4056 258 4112 sicut
280 4073 391 4126 passer,
413 4056 458 4127 qui
479 4057 613 4110 instabilis
632 4065 689 4119 est,
711 4065 737 4110 et
758 4057 812 4112 cito
830 4059 902 4111 volat
921 4057 985 4112 binc

188 4143 261 4199 inde.
283 4143 429 4216 [Cassiod]
455 4145 503 4199 Vel
527 4145 676 4200 secuudum
703 4145 819 4200 litteram
847 4155 984 4210 nostram,

187 4238 216 4285 ut
243 4232 341 4303 partim
367 4231 522 4303 pluraliter,
546 4233 645 4304 partim
670 4233 853 4304 singulariter,
880 4235 986 4308 legatur

190 4320 229 4376 sic
246 4319 319 4388 :Qui
355 4321 494 4376 confidunt
517 4321 545 4375 in
577 4321 690 4377 Domino
719 4331 781 4376 sunt
811 4323 880 4377 sicut
907 4339 986 4378 mons

189 4409 269 4478 Sion,
299 4410 333 4464 ad
363 4410 493 4476 litteram,
516 4409 600 4465 idest
616 4411 653 4464 illi
677 4411 761 4465 monti
777 4412 984 4483 comparabiles.

187 4497 248 4554 Non
271 4499 487 4554 commovebitur.¹
501 4499 528 4553 iu
544 4507 672 4554 mteruum
693 4501 737 4572 qui
754 4501 853 4556 habitat
869 4501 896 4555 in
910 4503 985 4555 leru-

188 4581 283 4638 salem.
313 4584 391 4639 Prius
418 4584 502 4648 dicit,
540 4583 696 4651 confidunt,
727 4585 887 4655 pluraliter;
905 4594 983 4656 post,

187 4687 241 4726 non
257 4673 480 4738 commovebitur,
498 4673 691 4744 singulariter:
705 4676 767 4744 (ruia
782 4691 928 4729 nutrierosa
945 4683 985 4728 est
1000 4682 1026 4741 Ι)

187 4761 276 4815 unitas
299 4762 377 4830 hujus
405 4762 509 4832 populi,
535 4763 599 4833 quia
624 4770 650 4817 et
673 4763 749 4817 multi
775 4771 846 4826 scrut,
864 4771 889 4818 et
903 4779 986 4818 unnrn

190 4857 261 4904 suut.
278 4848 374 4923 [Aug]
393 4851 497 4906 Deinde
525 4851 613 4922 qualis
627 4859 667 4906 est
683 4851 734 4905 ista
755 4851 907 4906 Jerusalem
925 4852 985 4906 brc-

184 4939 251 4994 vitcr
265 4939 404 5006 describit,
424 4939 545 4994 subdens
565 4958 571 4993 ε

223 5066 306 5120 Vens.
324 5069 351 5120 2.
369 5086 427 5114 -ι
445 5063 549 5119 llontes
565 5064 710 5120 incircuitu
720 5065 777 5134 ejus
795 5082 801 5119 :
817 5075 844 5119 et
854 5065 986 5120 Dominus

194 5177 204 5198 ·
220 5153 247 5206 in
259 5153 373 5208 circuitu
397 5153 489 5224 populi
520 5153 572 5220 sui,
603 5171 633 5207 ex
649 5155 701 5209 linc
722 5171 793 5209 nunc
817 5163 841 5209 et
858 5155 985 5226 usquein

190 5263 200 5286 ιι
221 5242 361 5298 saeculum.
381 5263 392 5292 s

224 5348 328 5402 Montes
343 5349 510 5405 incircuitu
525 5352 595 5420 ejus.
613 5349 706 5422 [nugi
718 5348 800 5417 Quasi
817 5349 890 5404 dieat
906 5367 911 5404 :
925 5351 985 5406 Nou

188 5436 404 5492 commovebitur
417 5438 571 5509 quibabitat
586 5439 612 5492 in
623 5438 782 5506 Jerusalem,
795 5439 983 5510 quiarnnnlcs,

188 5524 727 5598 idestangeli,prophetae,etaugelisunt,
740 5529 902 5582 incircuitu
913 5531 983 5598 rjus,

187 5613 263 5685 quasi
278 5627 381 5682 murus,
399 5622 425 5668 et
438 5616 615 5678 autemurale,
632 5616 729 5670 sedne
747 5616 773 5669 iu
792 5615 927 5673 montibus
939 5633 985 5670 re·

1038 3443 1048 3471 a
1069 3421 1151 3476 rectis
1167 3420 1258 3477 corde.
1278 3447 1288 3469 ιι

1073 3539 1202 3608 liceretne,
1219 3539 1346 3606 Domine,
1363 3536 1506 3610 [Cassiod.,
1519 3537 1604 3604 Hier„
1617 3536 1834 3610 sigismunde

1036 3642 1112 3696 pars,
1136 3626 1193 3691 ubi,
1215 3625 1373 3681 confirmato
1393 3625 1504 3696 populo,
1533 3633 1658 3696 precatur
1683 3627 1756 3697 quod
1781 3627 1834 3682 scit

1038 3715 1166 3782 futurum,
1193 3715 1296 3770 scilicet
1319 3724 1347 3769 ut
1368 3715 1447 3770 bonis
1469 3714 1649 3784 prosperitas,
1673 3715 1753 3770 malis
1771 3714 1834 3770 vin-

1037 3804 1108 3858 dicta
1128 3804 1230 3858 reniat.
1251 3802 1334 3872 Quasi
1361 3803 1432 3859 dicat
1448 3821 1455 3856 ε
1471 3804 1506 3858 Et
1532 3803 1594 3874 quia
1619 3803 1659 3859 sic
1681 3803 1768 3874 placet
1792 3804 1834 3860 eis

1037 3892 1110 3946 Deus
1125 3909 1174 3963 per
1189 3892 1288 3958 omnia,
1305 3893 1430 3962 benefac,
1450 3892 1574 3960 Domine,
1586 3893 1672 3948 rectis
1696 3907 1791 3962 opere,
1804 3897 1832 3948 et

1037 3982 1122 4037 rectis
1133 3982 1224 4048 corde,
1242 3981 1287 4051 qui
1302 3980 1395 4035 nolunt
1410 3979 1511 4048 perire,
1529 3980 1577 4034 sed
1593 3980 1680 4051 sequi.
1792 3975 1795 3982 ’

1073 4099 1157 4153 Vsus.
1175 4101 1200 4152 5.
1217 4127 1251 4136 -
1269 4117 1280 4146 ιι
1298 4096 1472 4151 Declinantes
1496 4103 1586 4150 autem
1600 4095 1628 4148 in
1649 4094 1834 4167 obligationes

1039 4187 1182 4241 «adducet
1201 4184 1333 4240 Dominus
1357 4199 1418 4240 cum
1442 4183 1617 4253 operantibus
1640 4183 1808 4255 iniquitatem
1826 4203 1835 4250 ;

1039 4299 1049 4322 ιι
1067 4291 1118 4344 pax
1134 4289 1216 4343 super
1230 4273 1324 4327 lsrael.
1345 4295 1355 4319 ι

1072 4382 1256 4436 Declinnntes
1271 4383 1401 4448 antonem
1412 4377 1498 4446 jussis
1514 4377 1562 4432 Dei
1579 4377 1626 4450 qui
1644 4377 1836 4433 scandalizan-

1037 4475 1080 4523 tur
1094 4467 1302 4533 iuriisDomini,
1311 4465 1640 4524 addiscetDominnseuns
1649 4467 1834 4537 operantibus

1036 4559 1230 4629 iniquitatem,
1247 4556 1340 4627 [ittig.
1358 4553 1493 4626 Cassiod]
1509 4569 1625 4627 quorum
1649 4554 1721 4610 lacta
1736 4553 1834 4610 imitati

1037 4654 1109 4712 sunt,
1125 4661 1240 4717 quorum
1252 4651 1401 4714 praesentes
1415 4643 1521 4698 laelitias
1546 4651 1714 4698 amaverunt.
1743 4643 1837 4699 addu-

1037 4742 1079 4789 cet
1095 4734 1165 4800 dico,
1183 4737 1213 4788 in
1222 4733 1405 4802 obligationes
1419 4731 1507 4801 culpae
1522 4738 1548 4787 et
1576 4747 1673 4802 pinnae.
1704 4731 1835 4803 iniquitas

1036 4823 1109 4877 enim
1123 4823 1227 4894 obligat
1253 4836 1301 4874 eos
1316 4819 1403 4885 malis,
1427 4835 1478 4874 nec
1492 4819 1554 4873 sinit
1569 4835 1617 4874 eos
1631 4819 1744 4875 liberos.
1761 4820 1835 4876 Ecce

1036 4911 1095 4982 pari
1110 4909 1243 4965 sententia
1256 4917 1382 4978 pereunt,
1398 4907 1443 4979 qui
1458 4907 1595 4963 declinant
1603 4908 1681 4976 iussa
1690 4907 1833 4980 principis,

1037 5000 1120 5070 etqui
1145 5015 1192 5053 eos
1218 4997 1327 5069 operari
1352 4996 1422 5050 velle
1443 4995 1515 5051 mala
1539 4997 1716 5062 contendunt,
1740 4996 1836 5052 idest

1037 5086 1194 5142 deficientes
1219 5101 1281 5141 cum
1311 5084 1473 5157 cogentibus
1497 5084 1624 5140 deficere.
1655 5083 1749 5156 [Aug]
1780 5085 1835 5140 Sed

1038 5175 1103 5247 quid
1119 5177 1169 5230 erit
1185 5175 1265 5230 rectis
1279 5173 1385 5229 corde?
1412 5188 1485 5234 ecce.
1501 5189 1561 5244 pax
1575 5173 1626 5227 erit
1637 5189 1726 5244 super
1746 5175 1836 5229 lsrael

1037 5281 1091 5320 uno
1115 5265 1198 5319 verbo
1226 5263 1317 5318 omnia
1345 5262 1415 5317 bona
1436 5261 1511 5316 dicit.
1540 5263 1600 5317 Uno
1627 5261 1699 5316 enim
1724 5261 1837 5317 nomine

1037 5354 1109 5425 qrrod
1132 5361 1171 5407 est
1195 5367 1257 5423 pax,
1283 5350 1371 5422 patria
1399 5349 1543 5405 baereditas
1565 5349 1672 5416 dicitur,
1703 5366 1766 5420 quae
1793 5359 1838 5405 est

1037 5442 1170 5497 Christus.
1188 5443 1250 5511 lpse
1262 5440 1333 5494 enirn
1350 5445 1390 5493 cst
1414 5455 1466 5509 pax
1481 5446 1584 5504 nostra,
1601 5439 1647 5510 qui
1669 5437 1732 5494 tecit
1758 5447 1836 5494 utra·

1037 5547 1090 5603 que
1105 5547 1187 5584 unum
1202 5529 1313 5602 (pres.
1329 5534 1369 5598 ul,
1387 5528 1432 5598 qui
1456 5543 1550 5599 pacem
1564 5543 1646 5598 super
1660 5541 1756 5598 pacem
1781 5527 1835 5582 du-

1037 5620 1073 5673 bit
1090 5619 1177 5674 nobis.
