<?xml version="1.0" encoding="UTF-8"?>
<!DOCTYPE html PUBLIC "-//W3C//DTD XHTML 1.0 Transitional//EN"
    "http://www.w3.org/TR/xhtml1/DTD/xhtml1-transitional.dtd">
<html xmlns="http://www.w3.org/1999/xhtml" xml:lang="en" lang="en">
 <head>
  <title>
</title>
<meta http-equiv="Content-Type" content="text/html;charset=utf-8" />
  <meta name='ocr-system' content='tesseract 3.04.00' />
  <meta name='ocr-capabilities' content='ocr_page ocr_carea ocr_par ocr_line ocrx_word'/>
</head>
<body>
  <div class='ocr_page' id='page_1' title='image "./patrologiaecurs122unkngoog_0828.png"; bbox 0 0 3878 6322; ppageno 0'>
   <div class='ocr_carea' id='block_1_1' title="bbox 178 180 1838 246">
    <p class='ocr_par' dir='ltr' id='par_1_1' title="bbox 178 180 1838 246">
     <span class='ocr_line' id='line_1_1' title="bbox 178 180 1838 246; baseline -0.005 0"><span class='ocrx_word' id='word_1_1' title='bbox 178 190 248 246; x_wconf 76' lang='lat' dir='ltr'><strong><em>ihil</em></strong></span> <span class='ocrx_word' id='word_1_2' title='bbox 839 183 940 239; x_wconf 84' lang='lat' dir='ltr'>PETRI</span> <span class='ocrx_word' id='word_1_3' title='bbox 967 180 1154 238; x_wconf 76' lang='lat' dir='ltr'><strong><em>touchant.</em></strong></span> <span class='ocrx_word' id='word_1_4' title='bbox 1761 193 1838 246; x_wconf 63' lang='lat'><strong><em>1548</em></strong></span> 
     </span>
    </p>
   </div>
   <div class='ocr_carea' id='block_1_2' title="bbox 174 307 1837 2064">
    <p class='ocr_par' dir='ltr' id='par_1_2' title="bbox 178 307 1837 1184">
     <span class='ocr_line' id='line_1_2' title="bbox 179 307 1837 384; baseline 0.001 -15"><span class='ocrx_word' id='word_1_5' title='bbox 179 330 237 370; x_wconf 89' lang='lat' dir='ltr'><strong><em>cam</em></strong></span> <span class='ocrx_word' id='word_1_6' title='bbox 252 327 358 368; x_wconf 86' lang='lat' dir='ltr'><strong><em>coenatn</em></strong></span> <span class='ocrx_word' id='word_1_7' title='bbox 374 310 476 382; x_wconf 91' lang='lat' dir='ltr'><strong><em>pariter</em></strong></span> <span class='ocrx_word' id='word_1_8' title='bbox 497 309 622 377; x_wconf 85' lang='lat' dir='ltr'><strong><em>necessit,</em></strong></span> <span class='ocrx_word' id='word_1_9' title='bbox 648 310 696 364; x_wconf 89' lang='lat' dir='ltr'><strong><em>sed</em></strong></span> <span class='ocrx_word' id='word_1_10' title='bbox 713 311 806 365; x_wconf 88' lang='lat' dir='ltr'><strong><em>Petrus</em></strong></span> <span class='ocrx_word' id='word_1_11' title='bbox 820 309 926 380; x_wconf 89' lang='lat' dir='ltr'><strong><em>accepit</em></strong></span> <span class='ocrx_word' id='word_1_12' title='bbox 940 307 1012 369; x_wconf 84' lang='lat' dir='ltr'><strong><em>adA</em></strong></span> <span class='ocrx_word' id='word_1_13' title='bbox 1063 308 1147 363; x_wconf 84' lang='lat' dir='ltr'><strong><em>Vens.</em></strong></span> <span class='ocrx_word' id='word_1_14' title='bbox 1164 310 1257 363; x_wconf 85' lang='lat' dir='ltr'><strong><em>sc-st.</em></strong></span> <span class='ocrx_word' id='word_1_15' title='bbox 1274 339 1309 349; x_wconf 95' lang='lat'><em>-</em></span> <span class='ocrx_word' id='word_1_16' title='bbox 1325 310 1386 368; x_wconf 88' lang='lat' dir='ltr'><strong><em>ldco</em></strong></span> <span class='ocrx_word' id='word_1_17' title='bbox 1402 312 1479 368; x_wconf 84' lang='lat' dir='ltr'><strong><em>inter</em></strong></span> <span class='ocrx_word' id='word_1_18' title='bbox 1493 329 1539 371; x_wconf 85' lang='lat' dir='ltr'><strong><em>cos</em></strong></span> <span class='ocrx_word' id='word_1_19' title='bbox 1558 316 1645 370; x_wconf 85' lang='lat' dir='ltr'><strong><em>matti</em></strong></span> <span class='ocrx_word' id='word_1_20' title='bbox 1665 315 1780 384; x_wconf 72' lang='lat' dir='ltr'><strong><em>infirnus·</em></strong></span> <span class='ocrx_word' id='word_1_21' title='bbox 1803 322 1837 372; x_wconf 83' lang='lat' dir='ltr'><strong><em>et</em></strong></span> 
     </span>
     <span class='ocr_line' id='line_1_3' title="bbox 179 397 1833 478; baseline 0.004 -22"><span class='ocrx_word' id='word_1_22' title='bbox 179 402 271 466; x_wconf 90' lang='lat' dir='ltr'><strong><em>vitam,</em></strong></span> <span class='ocrx_word' id='word_1_23' title='bbox 296 400 381 455; x_wconf 82' lang='lat' dir='ltr'><strong><em>ludas</em></strong></span> <span class='ocrx_word' id='word_1_24' title='bbox 403 400 438 454; x_wconf 88' lang='lat' dir='ltr'><strong><em>ad</em></strong></span> <span class='ocrx_word' id='word_1_25' title='bbox 459 407 585 455; x_wconf 88' lang='lat' dir='ltr'><strong><em>mortem.</em></strong></span> <span class='ocrx_word' id='word_1_26' title='bbox 611 400 681 468; x_wconf 85' lang='lat' dir='ltr'><strong><em>lton,</em></strong></span> <span class='ocrx_word' id='word_1_27' title='bbox 706 407 757 455; x_wconf 91' lang='lat' dir='ltr'><strong><em>etc.</em></strong></span> <span class='ocrx_word' id='word_1_28' title='bbox 791 397 978 472; x_wconf 71' lang='lat' dir='ltr'><strong>[Augustinus]</strong></span> <span class='ocrx_word' id='word_1_29' title='bbox 1029 397 1192 462; x_wconf 76' lang='lat' dir='ltr'><strong><em>ientecities,</em></strong></span> <span class='ocrx_word' id='word_1_30' title='bbox 1204 401 1233 453; x_wconf 88' lang='lat' dir='ltr'><strong><em>ct</em></strong></span> <span class='ocrx_word' id='word_1_31' title='bbox 1247 397 1393 454; x_wconf 86' lang='lat' dir='ltr'><strong><em>dorruinnt</em></strong></span> <span class='ocrx_word' id='word_1_32' title='bbox 1402 401 1499 456; x_wconf 85' lang='lat' dir='ltr'><strong><em>mutii.</em></strong></span> <span class='ocrx_word' id='word_1_33' title='bbox 1518 401 1629 470; x_wconf 83' lang='lat' dir='ltr'><strong><em>Quodsi</em></strong></span> <span class='ocrx_word' id='word_1_34' title='bbox 1638 408 1833 478; x_wconf 79' lang='lat' dir='ltr'><strong><em>nosmetipsos</em></strong></span> 
     </span>
     <span class='ocr_line' id='line_1_4' title="bbox 179 485 1835 566; baseline 0.004 -22"><span class='ocrx_word' id='word_1_35' title='bbox 179 487 265 558; x_wconf 83' lang='lat' dir='ltr'><strong>Quasi</strong></span> <span class='ocrx_word' id='word_1_36' title='bbox 286 488 509 560; x_wconf 75' lang='lat' dir='ltr'><strong><em>dicattPropter</em></strong></span> <span class='ocrx_word' id='word_1_37' title='bbox 538 489 589 544; x_wconf 89' lang='lat' dir='ltr'><strong><em>hoc</em></strong></span> <span class='ocrx_word' id='word_1_38' title='bbox 610 487 741 557; x_wconf 84' lang='lat' dir='ltr'><strong><em>judicium</em></strong></span> <span class='ocrx_word' id='word_1_39' title='bbox 765 487 908 542; x_wconf 87' lang='lat' dir='ltr'><strong><em>manducat</em></strong></span> <span class='ocrx_word' id='word_1_40' title='bbox 932 486 979 558; x_wconf 90' lang='lat' dir='ltr'><strong><em>qui</em></strong></span> <span class='ocrx_word' id='word_1_41' title='bbox 1028 485 1259 555; x_wconf 77' lang='lat' dir='ltr'><strong><em>dijudicaremus,</em></strong></span> <span class='ocrx_word' id='word_1_42' title='bbox 1276 504 1334 544; x_wconf 84' lang='lat' dir='ltr'><strong><em>noa</em></strong></span> <span class='ocrx_word' id='word_1_43' title='bbox 1349 490 1446 561; x_wconf 74' lang='lat' dir='ltr'><strong><em>utiquc</em></strong></span> <span class='ocrx_word' id='word_1_44' title='bbox 1457 491 1660 548; x_wconf 86' lang='lat' dir='ltr'><strong><em>iudicaremur.</em></strong></span> <span class='ocrx_word' id='word_1_45' title='bbox 1672 494 1746 550; x_wconf 85' lang='lat' dir='ltr'><strong><em>Dum</em></strong></span> <span class='ocrx_word' id='word_1_46' title='bbox 1751 496 1835 566; x_wconf 85' lang='lat' dir='ltr'><strong><em>judi·</em></strong></span> 
     </span>
     <span class='ocr_line' id='line_1_5' title="bbox 178 574 1835 652; baseline 0.004 -20"><span class='ocrx_word' id='word_1_47' title='bbox 178 577 290 649; x_wconf 79' lang='lat' dir='ltr'><strong><em>indigne</em></strong></span> <span class='ocrx_word' id='word_1_48' title='bbox 313 577 467 644; x_wconf 88' lang='lat' dir='ltr'><strong><em>manducat,</em></strong></span> <span class='ocrx_word' id='word_1_49' title='bbox 489 577 552 649; x_wconf 89' lang='lat' dir='ltr'><strong><em>quia</em></strong></span> <span class='ocrx_word' id='word_1_50' title='bbox 575 593 630 632; x_wconf 91' lang='lat' dir='ltr'><strong><em>nnn</em></strong></span> <span class='ocrx_word' id='word_1_51' title='bbox 652 584 694 632; x_wconf 91' lang='lat' dir='ltr'><strong><em>est</em></strong></span> <span class='ocrx_word' id='word_1_52' title='bbox 718 576 879 646; x_wconf 74' lang='lat' dir='ltr'><strong><em>diiudicans,</em></strong></span> <span class='ocrx_word' id='word_1_53' title='bbox 895 574 922 629; x_wconf 92' lang='lat' dir='ltr'><strong><em>id</em></strong></span> <span class='ocrx_word' id='word_1_54' title='bbox 938 581 978 629; x_wconf 89' lang='lat' dir='ltr'><strong><em>est</em></strong></span> <span class='ocrx_word' id='word_1_55' title='bbox 1028 590 1128 630; x_wconf 88' lang='lat' dir='ltr'><strong><em>cotnur</em></strong></span> <span class='ocrx_word' id='word_1_56' title='bbox 1142 580 1249 642; x_wconf 84' lang='lat' dir='ltr'><strong><em>autera,</em></strong></span> <span class='ocrx_word' id='word_1_57' title='bbox 1271 593 1288 632; x_wconf 90' lang='lat' dir='ltr'><strong><em>a</em></strong></span> <span class='ocrx_word' id='word_1_58' title='bbox 1315 578 1430 635; x_wconf 85' lang='lat' dir='ltr'><strong><em>Domino</em></strong></span> <span class='ocrx_word' id='word_1_59' title='bbox 1444 581 1625 652; x_wconf 76' lang='lat' dir='ltr'><strong><em>corripimur,</em></strong></span> <span class='ocrx_word' id='word_1_60' title='bbox 1641 586 1674 638; x_wconf 88' lang='lat' dir='ltr'><strong><em>ut</em></strong></span> <span class='ocrx_word' id='word_1_61' title='bbox 1688 600 1747 640; x_wconf 87' lang='lat' dir='ltr'><strong><em>non</em></strong></span> <span class='ocrx_word' id='word_1_62' title='bbox 1763 600 1835 640; x_wconf 89' lang='lat' dir='ltr'><strong><em>cum</em></strong></span> 
     </span>
     <span class='ocr_line' id='line_1_6' title="bbox 178 662 1834 740; baseline 0.002 -18"><span class='ocrx_word' id='word_1_63' title='bbox 178 665 338 722; x_wconf 87' lang='lat' dir='ltr'><strong><em>discernens</em></strong></span> <span class='ocrx_word' id='word_1_64' title='bbox 361 682 462 739; x_wconf 86' lang='lat' dir='ltr'><strong><em>corpus</em></strong></span> <span class='ocrx_word' id='word_1_65' title='bbox 485 667 598 722; x_wconf 77' lang='lat' dir='ltr'><strong><em>Domini</em></strong></span> <span class='ocrx_word' id='word_1_66' title='bbox 612 665 647 720; x_wconf 89' lang='lat' dir='ltr'><strong><em>ab</em></strong></span> <span class='ocrx_word' id='word_1_67' title='bbox 661 665 722 720; x_wconf 87' lang='lat' dir='ltr'><strong><em>aliis</em></strong></span> <span class='ocrx_word' id='word_1_68' title='bbox 746 665 824 731; x_wconf 85' lang='lat' dir='ltr'>cibis,</span> <span class='ocrx_word' id='word_1_69' title='bbox 841 665 889 720; x_wconf 90' lang='lat' dir='ltr'><strong><em>sed</em></strong></span> <span class='ocrx_word' id='word_1_70' title='bbox 906 663 978 718; x_wconf 92' lang='lat' dir='ltr'><strong><em>indi·</em></strong></span> <span class='ocrx_word' id='word_1_71' title='bbox 1028 662 1079 718; x_wconf 90' lang='lat' dir='ltr'><strong><em>ttoo</em></strong></span> <span class='ocrx_word' id='word_1_72' title='bbox 1092 664 1197 720; x_wconf 88' lang='lat' dir='ltr'><strong><em>mundo</em></strong></span> <span class='ocrx_word' id='word_1_73' title='bbox 1220 665 1399 721; x_wconf 79' lang='lat' dir='ltr'><strong><em>damnemur.</em></strong></span> <span class='ocrx_word' id='word_1_74' title='bbox 1426 668 1532 740; x_wconf 78' lang='lat' dir='ltr'><strong><em>ltaque,</em></strong></span> <span class='ocrx_word' id='word_1_75' title='bbox 1552 673 1660 739; x_wconf 74' lang='lat' dir='ltr'><strong><em>fratres</em></strong></span> <span class='ocrx_word' id='word_1_76' title='bbox 1675 673 1740 740; x_wconf 86' lang='lat' dir='ltr'><strong><em>mei,</em></strong></span> <span class='ocrx_word' id='word_1_77' title='bbox 1762 689 1834 728; x_wconf 87' lang='lat' dir='ltr'><strong><em>cam</em></strong></span> 
     </span>
     <span class='ocr_line' id='line_1_7' title="bbox 178 752 1832 830; baseline 0.002 -18"><span class='ocrx_word' id='word_1_78' title='bbox 178 764 267 813; x_wconf 83' lang='lat' dir='ltr'><strong><em>screto</em></strong></span> <span class='ocrx_word' id='word_1_79' title='bbox 282 764 308 811; x_wconf 92' lang='lat' dir='ltr'><strong><em>et</em></strong></span> <span class='ocrx_word' id='word_1_80' title='bbox 322 754 495 828; x_wconf 76' lang='lat' dir='ltr'>negligenter</span> <span class='ocrx_word' id='word_1_81' title='bbox 519 755 608 822; x_wconf 90' lang='lat' dir='ltr'><strong><em>sumit,</em></strong></span> <span class='ocrx_word' id='word_1_82' title='bbox 633 755 837 810; x_wconf 88' lang='lat' dir='ltr'><strong><em>venerationem</em></strong></span> <span class='ocrx_word' id='word_1_83' title='bbox 853 752 978 826; x_wconf 84' lang='lat' dir='ltr'><strong><em>singula·</em></strong></span> <span class='ocrx_word' id='word_1_84' title='bbox 1028 753 1187 808; x_wconf 83' lang='lat' dir='ltr'><strong><em>convenitis</em></strong></span> <span class='ocrx_word' id='word_1_85' title='bbox 1197 753 1233 808; x_wconf 91' lang='lat' dir='ltr'><strong><em>ad</em></strong></span> <span class='ocrx_word' id='word_1_86' title='bbox 1247 754 1489 822; x_wconf 86' lang='lat' dir='ltr'><strong><em>manducandum,</em></strong></span> <span class='ocrx_word' id='word_1_87' title='bbox 1505 757 1626 814; x_wconf 79' lang='lat' dir='ltr'><strong><em>incimm</em></strong></span> <span class='ocrx_word' id='word_1_88' title='bbox 1649 765 1832 830; x_wconf 79' lang='lat' dir='ltr'><strong><em>exspectate.</em></strong></span> 
     </span>
     <span class='ocr_line' id='line_1_8' title="bbox 178 840 1834 919; baseline 0.004 -19"><span class='ocrx_word' id='word_1_89' title='bbox 178 843 241 900; x_wconf 89' lang='lat' dir='ltr'><strong><em>riter</em></strong></span> <span class='ocrx_word' id='word_1_90' title='bbox 262 843 381 901; x_wconf 90' lang='lat' dir='ltr'><strong><em>debitam</em></strong></span> <span class='ocrx_word' id='word_1_91' title='bbox 401 858 456 898; x_wconf 91' lang='lat' dir='ltr'><strong><em>non</em></strong></span> <span class='ocrx_word' id='word_1_92' title='bbox 479 844 622 898; x_wconf 84' lang='lat' dir='ltr'><strong><em>exhibens.</em></strong></span> <span class='ocrx_word' id='word_1_93' title='bbox 647 845 698 898; x_wconf 89' lang='lat' dir='ltr'><strong><em>Per</em></strong></span> <span class='ocrx_word' id='word_1_94' title='bbox 720 844 773 898; x_wconf 91' lang='lat' dir='ltr'><strong><em>hoc</em></strong></span> <span class='ocrx_word' id='word_1_95' title='bbox 787 842 867 897; x_wconf 87' lang='lat' dir='ltr'><strong><em>docet</em></strong></span> <span class='ocrx_word' id='word_1_96' title='bbox 882 841 978 896; x_wconf 85' lang='lat' dir='ltr'><strong><em>devote</em></strong></span> <span class='ocrx_word' id='word_1_97' title='bbox 1028 840 1057 894; x_wconf 86' lang='lat' dir='ltr'><strong><em>Si</em></strong></span> <span class='ocrx_word' id='word_1_98' title='bbox 1072 843 1134 912; x_wconf 83' lang='lat' dir='ltr'><strong><em>quis</em></strong></span> <span class='ocrx_word' id='word_1_99' title='bbox 1149 843 1249 908; x_wconf 86' lang='lat' dir='ltr'><strong><em>esurit,</em></strong></span> <span class='ocrx_word' id='word_1_100' title='bbox 1266 843 1341 899; x_wconf 88' lang='lat' dir='ltr'><strong><em>domi</em></strong></span> <span class='ocrx_word' id='word_1_101' title='bbox 1356 844 1517 913; x_wconf 87' lang='lat' dir='ltr'><strong><em>manducet,</em></strong></span> <span class='ocrx_word' id='word_1_102' title='bbox 1530 851 1563 902; x_wconf 88' lang='lat' dir='ltr'><strong><em>ut</em></strong></span> <span class='ocrx_word' id='word_1_103' title='bbox 1578 864 1634 903; x_wconf 87' lang='lat' dir='ltr'><strong><em>non</em></strong></span> <span class='ocrx_word' id='word_1_104' title='bbox 1645 849 1834 919; x_wconf 84' lang='lat' dir='ltr'><strong><em>iujudieium</em></strong></span> 
     </span>
     <span class='ocr_line' id='line_1_9' title="bbox 179 930 1832 1010; baseline 0.004 -22"><span class='ocrx_word' id='word_1_105' title='bbox 179 941 206 988; x_wconf 88' lang='lat' dir='ltr'><strong><em>et</em></strong></span> <span class='ocrx_word' id='word_1_106' title='bbox 219 949 281 988; x_wconf 89' lang='lat' dir='ltr'><strong><em>oum</em></strong></span> <span class='ocrx_word' id='word_1_107' title='bbox 296 933 392 987; x_wconf 89' lang='lat' dir='ltr'><strong><em>timore</em></strong></span> <span class='ocrx_word' id='word_1_108' title='bbox 417 932 603 988; x_wconf 87' lang='lat' dir='ltr'><strong><em>accedendum</em></strong></span> <span class='ocrx_word' id='word_1_109' title='bbox 623 948 684 987; x_wconf 91' lang='lat' dir='ltr'><strong><em>esse</em></strong></span> <span class='ocrx_word' id='word_1_110' title='bbox 699 931 739 1008; x_wconf 85' lang='lat' dir='ltr'><strong><em>ad¹</em></strong></span> <span class='ocrx_word' id='word_1_111' title='bbox 749 930 977 997; x_wconf 84' lang='lat' dir='ltr'><strong><em>communionem,</em></strong></span> <span class='ocrx_word' id='word_1_112' title='bbox 1028 931 1216 986; x_wconf 69' lang='lat' dir='ltr'><strong><em>conveniatis.</em></strong></span> <span class='ocrx_word' id='word_1_113' title='bbox 1230 930 1453 999; x_wconf 76' lang='lat' dir='ltr'><strong><em>Coteraautem,</em></strong></span> <span class='ocrx_word' id='word_1_114' title='bbox 1469 951 1534 990; x_wconf 89' lang='lat' dir='ltr'><strong><em>cum</em></strong></span> <span class='ocrx_word' id='word_1_115' title='bbox 1545 952 1655 1003; x_wconf 84' lang='lat' dir='ltr'><strong><em>uenero,</em></strong></span> <span class='ocrx_word' id='word_1_116' title='bbox 1665 938 1832 1010; x_wconf 75' lang='lat' dir='ltr'><strong><em>disponam.</em></strong></span> 
     </span>
     <span class='ocr_line' id='line_1_10' title="bbox 178 1018 1834 1093; baseline 0.004 -17"><span class='ocrx_word' id='word_1_117' title='bbox 178 1022 243 1093; x_wconf 87' lang='lat' dir='ltr'><strong><em>quia</em></strong></span> <span class='ocrx_word' id='word_1_118' title='bbox 258 1021 391 1076; x_wconf 87' lang='lat' dir='ltr'><strong><em>Dominus</em></strong></span> <span class='ocrx_word' id='word_1_119' title='bbox 407 1029 448 1075; x_wconf 88' lang='lat' dir='ltr'><strong><em>est</em></strong></span> <span class='ocrx_word' id='word_1_120' title='bbox 463 1021 540 1088; x_wconf 77' lang='lat' dir='ltr'><strong><em>cuius</em></strong></span> <span class='ocrx_word' id='word_1_121' title='bbox 555 1035 620 1076; x_wconf 89' lang='lat' dir='ltr'><strong><em>caro</em></strong></span> <span class='ocrx_word' id='word_1_122' title='bbox 636 1019 750 1075; x_wconf 75' lang='lat' dir='ltr'><strong><em>sumitur</em></strong></span> <span class='ocrx_word' id='word_1_123' title='bbox 764 1028 792 1074; x_wconf 90' lang='lat' dir='ltr'><strong><em>ut</em></strong></span> <span class='ocrx_word' id='word_1_124' title='bbox 805 1019 921 1091; x_wconf 82' lang='lat' dir='ltr'><strong><em>gratiam</em></strong></span> <span class='ocrx_word' id='word_1_125' title='bbox 934 1018 978 1076; x_wconf 83' lang='lat' dir='ltr'><strong><em>ti-</em></strong></span> <span class='ocrx_word' id='word_1_126' title='bbox 1065 1019 1126 1074; x_wconf 91' lang='lat' dir='ltr'><strong><em>ldco</em></strong></span> <span class='ocrx_word' id='word_1_127' title='bbox 1138 1020 1216 1074; x_wconf 89' lang='lat' dir='ltr'><strong><em>inter</em></strong></span> <span class='ocrx_word' id='word_1_128' title='bbox 1230 1037 1275 1077; x_wconf 86' lang='lat' dir='ltr'><strong><em>vos</em></strong></span> <span class='ocrx_word' id='word_1_129' title='bbox 1288 1022 1375 1077; x_wconf 80' lang='lat' dir='ltr'><strong><em>ntulit</em></strong></span> <span class='ocrx_word' id='word_1_130' title='bbox 1390 1022 1510 1091; x_wconf 73' lang='lat' dir='ltr'><strong><em>infirmi,</em></strong></span> <span class='ocrx_word' id='word_1_131' title='bbox 1528 1023 1650 1080; x_wconf 81' lang='lat' dir='ltr'><strong><em>febribus</em></strong></span> <span class='ocrx_word' id='word_1_132' title='bbox 1666 1035 1692 1081; x_wconf 87' lang='lat' dir='ltr'><strong><em>et</em></strong></span> <span class='ocrx_word' id='word_1_133' title='bbox 1705 1027 1769 1082; x_wconf 90' lang='lat' dir='ltr'><strong><em>aliis</em></strong></span> <span class='ocrx_word' id='word_1_134' title='bbox 1785 1029 1834 1082; x_wconf 89' lang='lat' dir='ltr'><strong><em>in-</em></strong></span> 
     </span>
     <span class='ocr_line' id='line_1_11' title="bbox 178 1103 1834 1184; baseline 0.005 -20"><span class='ocrx_word' id='word_1_135' title='bbox 178 1109 422 1164; x_wconf 88' lang='lat' dir='ltr'><strong><em>deamurreddere</em></strong></span> <span class='ocrx_word' id='word_1_136' title='bbox 439 1109 627 1180; x_wconf 82' lang='lat' dir='ltr'><strong><em>Redemptori.</em></strong></span> <span class='ocrx_word' id='word_1_137' title='bbox 1028 1103 1211 1170; x_wconf 85' lang='lat' dir='ltr'><strong><em>firmitatibus,</em></strong></span> <span class='ocrx_word' id='word_1_138' title='bbox 1239 1113 1267 1164; x_wconf 89' lang='lat' dir='ltr'><strong><em>ct</em></strong></span> <span class='ocrx_word' id='word_1_139' title='bbox 1291 1111 1454 1176; x_wconf 84' lang='lat' dir='ltr'><strong><em>imbeciltes,</em></strong></span> <span class='ocrx_word' id='word_1_140' title='bbox 1481 1111 1563 1184; x_wconf 82' lang='lat' dir='ltr'><strong><em>longa</em></strong></span> <span class='ocrx_word' id='word_1_141' title='bbox 1582 1113 1777 1182; x_wconf 77' lang='lat' dir='ltr'><strong><em>invaletudine,</em></strong></span> <span class='ocrx_word' id='word_1_142' title='bbox 1804 1121 1834 1172; x_wconf 84' lang='lat' dir='ltr'><strong><em>et</em></strong></span> 
     </span>
    </p>

    <p class='ocr_par' dir='ltr' id='par_1_3' title="bbox 174 1194 1836 2064">
     <span class='ocr_line' id='line_1_12' title="bbox 214 1194 1834 1272; baseline 0.005 -20"><span class='ocrx_word' id='word_1_143' title='bbox 214 1198 271 1268; x_wconf 81' lang='grc'>(67)</span> <span class='ocrx_word' id='word_1_144' title='bbox 286 1195 421 1266; x_wconf 85' lang='lat' dir='ltr'><strong><em>Quaeritur</em></strong></span> <span class='ocrx_word' id='word_1_145' title='bbox 435 1214 468 1252; x_wconf 91' lang='lat' dir='ltr'><strong><em>an</em></strong></span> <span class='ocrx_word' id='word_1_146' title='bbox 484 1197 604 1269; x_wconf 90' lang='lat' dir='ltr'><strong><em>quotidie</em></strong></span> <span class='ocrx_word' id='word_1_147' title='bbox 615 1197 649 1252; x_wconf 92' lang='lat' dir='ltr'><strong><em>sit</em></strong></span> <span class='ocrx_word' id='word_1_148' title='bbox 659 1198 791 1253; x_wconf 90' lang='lat' dir='ltr'><strong><em>sumenda</em></strong></span> <span class='ocrx_word' id='word_1_149' title='bbox 802 1195 976 1265; x_wconf 77' lang='lat' dir='ltr'><strong><em>eucharistia,</em></strong></span> <span class='ocrx_word' id='word_1_150' title='bbox 1027 1196 1114 1250; x_wconf 85' lang='lat' dir='ltr'><strong><em>multi</em></strong></span> <span class='ocrx_word' id='word_1_151' title='bbox 1125 1194 1282 1262; x_wconf 90' lang='lat' dir='ltr'><strong><em>dormiunt,</em></strong></span> <span class='ocrx_word' id='word_1_152' title='bbox 1292 1196 1474 1272; x_wconf 77' lang='lat' dir='ltr'><strong><em>[umbrosius]</em></strong></span> <span class='ocrx_word' id='word_1_153' title='bbox 1489 1199 1517 1254; x_wconf 94' lang='lat' dir='ltr'><strong><em>id</em></strong></span> <span class='ocrx_word' id='word_1_154' title='bbox 1532 1201 1834 1260; x_wconf 88' lang='lat' dir='ltr'><strong><em>esttnoriunturmorte</em></strong></span> 
     </span>
     <span class='ocr_line' id='line_1_13' title="bbox 178 1283 1832 1358; baseline 0.004 -17"><span class='ocrx_word' id='word_1_155' title='bbox 178 1301 213 1341; x_wconf 84' lang='lat' dir='ltr'><strong><em>sn</em></strong></span> <span class='ocrx_word' id='word_1_156' title='bbox 227 1285 348 1358; x_wconf 87' lang='lat' dir='ltr'><strong><em>eligendi</em></strong></span> <span class='ocrx_word' id='word_1_157' title='bbox 362 1286 415 1340; x_wconf 90' lang='lat' dir='ltr'><strong><em>sint</em></strong></span> <span class='ocrx_word' id='word_1_158' title='bbox 429 1285 497 1352; x_wconf 91' lang='lat' dir='ltr'><strong><em>dies,</em></strong></span> <span class='ocrx_word' id='word_1_159' title='bbox 514 1286 612 1358; x_wconf 87' lang='lat' dir='ltr'><strong><em>quibus</em></strong></span> <span class='ocrx_word' id='word_1_160' title='bbox 629 1287 709 1342; x_wconf 89' lang='lat' dir='ltr'><strong><em>homo</em></strong></span> <span class='ocrx_word' id='word_1_161' title='bbox 724 1285 819 1358; x_wconf 89' lang='lat' dir='ltr'><strong><em>purius</em></strong></span> <span class='ocrx_word' id='word_1_162' title='bbox 834 1286 977 1342; x_wconf 90' lang='lat' dir='ltr'><strong><em>continen-</em></strong></span> <span class='ocrx_word' id='word_1_163' title='bbox 1027 1283 1163 1355; x_wconf 88' lang='lat' dir='ltr'><strong><em>corporali</em></strong></span> <span class='ocrx_word' id='word_1_164' title='bbox 1179 1302 1186 1339; x_wconf 94' lang='lat'>:</span> <span class='ocrx_word' id='word_1_165' title='bbox 1201 1285 1254 1341; x_wconf 92' lang='lat' dir='ltr'><strong><em>hoc</em></strong></span> <span class='ocrx_word' id='word_1_166' title='bbox 1269 1293 1359 1341; x_wconf 90' lang='lat' dir='ltr'><strong><em>autem</em></strong></span> <span class='ocrx_word' id='word_1_167' title='bbox 1382 1286 1411 1341; x_wconf 85' lang='lat' dir='ltr'><strong><em>fit</em></strong></span> <span class='ocrx_word' id='word_1_168' title='bbox 1425 1288 1458 1342; x_wconf 89' lang='lat' dir='ltr'><strong><em>ad</em></strong></span> <span class='ocrx_word' id='word_1_169' title='bbox 1479 1290 1677 1347; x_wconf 82' lang='lat' dir='ltr'><strong><em>correctionem</em></strong></span> <span class='ocrx_word' id='word_1_170' title='bbox 1696 1292 1832 1348; x_wconf 86' lang='lat' dir='ltr'><strong><em>aliorum.</em></strong></span> 
     </span>
     <span class='ocr_line' id='line_1_14' title="bbox 174 1370 1834 1449; baseline 0.005 -22"><span class='ocrx_word' id='word_1_171' title='bbox 174 1373 282 1446; x_wconf 89' lang='lat' dir='ltr'><strong><em>tiusque</em></strong></span> <span class='ocrx_word' id='word_1_172' title='bbox 296 1374 393 1430; x_wconf 87' lang='lat' dir='ltr'><strong><em>vivens</em></strong></span> <span class='ocrx_word' id='word_1_173' title='bbox 415 1375 451 1429; x_wconf 87' lang='lat' dir='ltr'><strong><em>ad</em></strong></span> <span class='ocrx_word' id='word_1_174' title='bbox 475 1382 578 1430; x_wconf 91' lang='lat' dir='ltr'><strong><em>tantum</em></strong></span> <span class='ocrx_word' id='word_1_175' title='bbox 602 1383 799 1432; x_wconf 88' lang='lat' dir='ltr'><strong><em>sacramentum</em></strong></span> <span class='ocrx_word' id='word_1_176' title='bbox 814 1375 913 1448; x_wconf 80' lang='lat' dir='ltr'><strong><em>dignus</em></strong></span> <span class='ocrx_word' id='word_1_177' title='bbox 929 1389 977 1430; x_wconf 92' lang='lat' dir='ltr'><strong><em>ac·</em></strong></span> <span class='ocrx_word' id='word_1_178' title='bbox 1028 1370 1108 1440; x_wconf 87' lang='lat' dir='ltr'><strong><em>Quod</em></strong></span> <span class='ocrx_word' id='word_1_179' title='bbox 1123 1375 1148 1429; x_wconf 86' lang='lat' dir='ltr'><strong><em>si</em></strong></span> <span class='ocrx_word' id='word_1_180' title='bbox 1162 1390 1218 1430; x_wconf 87' lang='lat' dir='ltr'><strong><em>cos.</em></strong></span> <span class='ocrx_word' id='word_1_181' title='bbox 1228 1373 1418 1449; x_wconf 78' lang='lat' dir='ltr'><strong><em>[Augustinus]</em></strong></span> <span class='ocrx_word' id='word_1_182' title='bbox 1428 1375 1514 1445; x_wconf 85' lang='lat' dir='ltr'><strong><em>Quasi</em></strong></span> <span class='ocrx_word' id='word_1_183' title='bbox 1523 1377 1594 1435; x_wconf 88' lang='lat' dir='ltr'><strong><em>dicat</em></strong></span> <span class='ocrx_word' id='word_1_184' title='bbox 1611 1398 1618 1434; x_wconf 76' lang='grc' dir='ltr'>ε</span> <span class='ocrx_word' id='word_1_185' title='bbox 1635 1381 1745 1438; x_wconf 74' lang='lat' dir='ltr'><strong><em>ltahzec</em></strong></span> <span class='ocrx_word' id='word_1_186' title='bbox 1756 1383 1834 1437; x_wconf 86' lang='lat' dir='ltr'><strong><em>mala</em></strong></span> 
     </span>
     <span class='ocr_line' id='line_1_15' title="bbox 176 1461 1835 1535; baseline 0.004 -16"><span class='ocrx_word' id='word_1_187' title='bbox 176 1461 266 1520; x_wconf 89' lang='lat' dir='ltr'><strong><em>cedat.</em></strong></span> <span class='ocrx_word' id='word_1_188' title='bbox 282 1461 350 1518; x_wconf 89' lang='lat' dir='ltr'><strong><em>Huic</em></strong></span> <span class='ocrx_word' id='word_1_189' title='bbox 374 1463 517 1535; x_wconf 73' lang='lat' dir='ltr'><strong><em>questioni</em></strong></span> <span class='ocrx_word' id='word_1_190' title='bbox 540 1472 611 1519; x_wconf 90' lang='lat' dir='ltr'><strong><em>recte</em></strong></span> <span class='ocrx_word' id='word_1_191' title='bbox 635 1464 790 1534; x_wconf 85' lang='lat' dir='ltr'><strong><em>respondet,</em></strong></span> <span class='ocrx_word' id='word_1_192' title='bbox 817 1463 862 1534; x_wconf 88' lang='lat' dir='ltr'><strong><em>qui</em></strong></span> <span class='ocrx_word' id='word_1_193' title='bbox 886 1470 978 1518; x_wconf 90' lang='lat' dir='ltr'><strong><em>monet</em></strong></span> <span class='ocrx_word' id='word_1_194' title='bbox 1028 1476 1060 1516; x_wconf 85' lang='lat' dir='ltr'><strong><em>ex</em></strong></span> <span class='ocrx_word' id='word_1_195' title='bbox 1075 1461 1187 1534; x_wconf 87' lang='lat' dir='ltr'><strong><em>indigna</em></strong></span> <span class='ocrx_word' id='word_1_196' title='bbox 1211 1463 1397 1534; x_wconf 85' lang='lat' dir='ltr'><strong><em>assumptione</em></strong></span> <span class='ocrx_word' id='word_1_197' title='bbox 1420 1465 1541 1522; x_wconf 87' lang='lat' dir='ltr'><strong><em>veniunt.</em></strong></span> <span class='ocrx_word' id='word_1_198' title='bbox 1558 1468 1612 1523; x_wconf 91' lang='lat' dir='ltr'><strong><em>Sed</em></strong></span> <span class='ocrx_word' id='word_1_199' title='bbox 1626 1469 1650 1523; x_wconf 90' lang='lat' dir='ltr'><strong><em>si</em></strong></span> <span class='ocrx_word' id='word_1_200' title='bbox 1665 1471 1766 1525; x_wconf 88' lang='lat' dir='ltr'><strong><em>mentis</em></strong></span> <span class='ocrx_word' id='word_1_201' title='bbox 1782 1488 1835 1526; x_wconf 85' lang='lat' dir='ltr'><strong><em>nn·</em></strong></span> 
     </span>
     <span class='ocr_line' id='line_1_16' title="bbox 179 1550 1835 1628; baseline 0.004 -21"><span class='ocrx_word' id='word_1_202' title='bbox 179 1558 208 1607; x_wconf 91' lang='lat' dir='ltr'><strong><em>nt</em></strong></span> <span class='ocrx_word' id='word_1_203' title='bbox 221 1551 358 1623; x_wconf 75' lang='lat' dir='ltr'><strong><em>precipue</em></strong></span> <span class='ocrx_word' id='word_1_204' title='bbox 373 1551 400 1606; x_wconf 92' lang='lat' dir='ltr'><strong><em>in</em></strong></span> <span class='ocrx_word' id='word_1_205' title='bbox 417 1551 518 1606; x_wconf 87' lang='lat' dir='ltr'><strong><em>Christi</em></strong></span> <span class='ocrx_word' id='word_1_206' title='bbox 532 1567 598 1622; x_wconf 88' lang='lat' dir='ltr'><strong><em>pace</em></strong></span> <span class='ocrx_word' id='word_1_207' title='bbox 613 1560 816 1623; x_wconf 77' lang='lat' dir='ltr'><strong><em>permaneatur,</em></strong></span> <span class='ocrx_word' id='word_1_208' title='bbox 826 1560 853 1606; x_wconf 90' lang='lat' dir='ltr'><strong><em>et</em></strong></span> <span class='ocrx_word' id='word_1_209' title='bbox 863 1558 891 1605; x_wconf 90' lang='lat' dir='ltr'><strong><em>ut</em></strong></span> <span class='ocrx_word' id='word_1_210' title='bbox 904 1551 978 1623; x_wconf 88' lang='lat' dir='ltr'><strong><em>quis·</em></strong></span> <span class='ocrx_word' id='word_1_211' title='bbox 1028 1557 1091 1604; x_wconf 77' lang='lat' dir='ltr'><strong><em>strae</em></strong></span> <span class='ocrx_word' id='word_1_212' title='bbox 1108 1550 1223 1604; x_wconf 89' lang='lat' dir='ltr'><strong><em>tribunal</em></strong></span> <span class='ocrx_word' id='word_1_213' title='bbox 1247 1553 1431 1613; x_wconf 80' lang='lat' dir='ltr'><strong><em>ascendentes¹</em></strong></span> <span class='ocrx_word' id='word_1_214' title='bbox 1448 1564 1594 1612; x_wconf 78' lang='lat' dir='ltr'><strong><em>accusante</em></strong></span> <span class='ocrx_word' id='word_1_215' title='bbox 1609 1558 1788 1628; x_wconf 83' lang='lat' dir='ltr'><strong><em>cogitatione,</em></strong></span> <span class='ocrx_word' id='word_1_216' title='bbox 1806 1569 1835 1616; x_wconf 89' lang='lat' dir='ltr'><strong><em>et</em></strong></span> 
     </span>
     <span class='ocr_line' id='line_1_17' title="bbox 177 1639 1836 1728; baseline 0.005 -34"><span class='ocrx_word' id='word_1_217' title='bbox 177 1657 229 1712; x_wconf 88' lang='lat' dir='ltr'><strong><em>que</em></strong></span> <span class='ocrx_word' id='word_1_218' title='bbox 244 1639 323 1696; x_wconf 84' lang='lat' dir='ltr'><strong><em>saciat</em></strong></span> <span class='ocrx_word' id='word_1_219' title='bbox 337 1640 410 1712; x_wconf 90' lang='lat' dir='ltr'><strong><em>quod</em></strong></span> <span class='ocrx_word' id='word_1_220' title='bbox 432 1640 581 1696; x_wconf 90' lang='lat' dir='ltr'><strong><em>secundum</em></strong></span> <span class='ocrx_word' id='word_1_221' title='bbox 602 1639 683 1695; x_wconf 85' lang='lat' dir='ltr'><strong><em>fidem</em></strong></span> <span class='ocrx_word' id='word_1_222' title='bbox 699 1640 743 1711; x_wconf 86' lang='lat' dir='ltr'><strong><em>pie</em></strong></span> <span class='ocrx_word' id='word_1_223' title='bbox 758 1640 845 1696; x_wconf 88' lang='lat' dir='ltr'><strong><em>credit</em></strong></span> <span class='ocrx_word' id='word_1_224' title='bbox 858 1656 920 1695; x_wconf 89' lang='lat' dir='ltr'><strong><em>esse</em></strong></span> <span class='ocrx_word' id='word_1_225' title='bbox 935 1639 1013 1728; x_wconf 78' lang='lat' dir='ltr'><strong><em>let—B</em></strong></span> <span class='ocrx_word' id='word_1_226' title='bbox 1028 1644 1096 1692; x_wconf 90' lang='lat' dir='ltr'><strong><em>teste</em></strong></span> <span class='ocrx_word' id='word_1_227' title='bbox 1111 1639 1290 1707; x_wconf 90' lang='lat' dir='ltr'><strong><em>conscientia,</em></strong></span> <span class='ocrx_word' id='word_1_228' title='bbox 1304 1643 1489 1715; x_wconf 85' lang='lat' dir='ltr'><strong><em>nosmetipsos</em></strong></span> <span class='ocrx_word' id='word_1_229' title='bbox 1497 1644 1732 1716; x_wconf 63' lang='lat' dir='ltr'><strong><em>dijudicaremus,</em></strong></span> <span class='ocrx_word' id='word_1_230' title='bbox 1744 1649 1836 1719; x_wconf 83' lang='lat' dir='ltr'><strong><em>poeni-</em></strong></span> 
     </span>
     <span class='ocr_line' id='line_1_18' title="bbox 176 1727 1834 1808; baseline 0.005 -24"><span class='ocrx_word' id='word_1_231' title='bbox 176 1727 312 1784; x_wconf 92' lang='lat' dir='ltr'><strong><em>ciendum.</em></strong></span> <span class='ocrx_word' id='word_1_232' title='bbox 335 1729 403 1782; x_wconf 89' lang='lat' dir='ltr'><strong><em>Nam</em></strong></span> <span class='ocrx_word' id='word_1_233' title='bbox 425 1735 453 1784; x_wconf 87' lang='lat' dir='ltr'><strong><em>et</em></strong></span> <span class='ocrx_word' id='word_1_234' title='bbox 479 1729 606 1785; x_wconf 84' lang='lat' dir='ltr'><strong><em>Zachaeus</em></strong></span> <span class='ocrx_word' id='word_1_235' title='bbox 631 1737 657 1784; x_wconf 91' lang='lat' dir='ltr'><strong><em>et</em></strong></span> <span class='ocrx_word' id='word_1_236' title='bbox 679 1728 812 1795; x_wconf 82' lang='lat' dir='ltr'><strong><em>cettturio,</em></strong></span> <span class='ocrx_word' id='word_1_237' title='bbox 829 1745 891 1784; x_wconf 91' lang='lat' dir='ltr'><strong><em>cum</em></strong></span> <span class='ocrx_word' id='word_1_238' title='bbox 906 1727 990 1783; x_wconf 73' lang='lat' dir='ltr'><strong><em>alter·</em></strong></span> <span class='ocrx_word' id='word_1_239' title='bbox 1026 1727 1118 1791; x_wconf 89' lang='lat' dir='ltr'><strong><em>tendo,</em></strong></span> <span class='ocrx_word' id='word_1_240' title='bbox 1135 1734 1161 1782; x_wconf 92' lang='lat' dir='ltr'><strong><em>et</em></strong></span> <span class='ocrx_word' id='word_1_241' title='bbox 1178 1727 1275 1784; x_wconf 90' lang='lat' dir='ltr'><strong><em>timore</em></strong></span> <span class='ocrx_word' id='word_1_242' title='bbox 1299 1737 1428 1802; x_wconf 88' lang='lat' dir='ltr'><strong><em>tanquam</em></strong></span> <span class='ocrx_word' id='word_1_243' title='bbox 1453 1730 1581 1789; x_wconf 87' lang='lat' dir='ltr'><strong><em>carnifice</em></strong></span> <span class='ocrx_word' id='word_1_244' title='bbox 1605 1750 1656 1790; x_wconf 89' lang='lat' dir='ltr'><strong><em>nos</em></strong></span> <span class='ocrx_word' id='word_1_245' title='bbox 1670 1743 1834 1808; x_wconf 88' lang='lat' dir='ltr'><strong><em>torquente,</em></strong></span> 
     </span>
     <span class='ocr_line' id='line_1_19' title="bbox 175 1815 1836 1898; baseline 0.006 -27"><span class='ocrx_word' id='word_1_246' title='bbox 175 1816 309 1872; x_wconf 86' lang='lat' dir='ltr'><strong><em>Christum</em></strong></span> <span class='ocrx_word' id='word_1_247' title='bbox 324 1816 352 1870; x_wconf 92' lang='lat' dir='ltr'><strong><em>in</em></strong></span> <span class='ocrx_word' id='word_1_248' title='bbox 375 1817 485 1872; x_wconf 89' lang='lat' dir='ltr'><strong><em>domurn</em></strong></span> <span class='ocrx_word' id='word_1_249' title='bbox 510 1833 586 1872; x_wconf 86' lang='lat' dir='ltr'><strong><em>suam</em></strong></span> <span class='ocrx_word' id='word_1_250' title='bbox 608 1817 732 1890; x_wconf 81' lang='lat' dir='ltr'><strong><em>gaudens</em></strong></span> <span class='ocrx_word' id='word_1_251' title='bbox 746 1817 880 1887; x_wconf 88' lang='lat' dir='ltr'><strong><em>receperit</em></strong></span> <span class='ocrx_word' id='word_1_252' title='bbox 895 1817 973 1885; x_wconf 83' lang='lat' dir='ltr'><strong><em>(Luc.</em></strong></span> <span class='ocrx_word' id='word_1_253' title='bbox 1024 1815 1102 1884; x_wconf 85' lang='lat' dir='ltr'><strong><em>quasi</em></strong></span> <span class='ocrx_word' id='word_1_254' title='bbox 1117 1815 1226 1887; x_wconf 88' lang='lat' dir='ltr'><strong><em>qnidam</em></strong></span> <span class='ocrx_word' id='word_1_255' title='bbox 1250 1817 1348 1874; x_wconf 86' lang='lat' dir='ltr'><strong><em>animae</em></strong></span> <span class='ocrx_word' id='word_1_256' title='bbox 1369 1817 1522 1876; x_wconf 87' lang='lat' dir='ltr'><strong><em>confitentis</em></strong></span> <span class='ocrx_word' id='word_1_257' title='bbox 1542 1823 1654 1894; x_wconf 82' lang='lat' dir='ltr'><strong><em>sanguis</em></strong></span> <span class='ocrx_word' id='word_1_258' title='bbox 1675 1841 1726 1895; x_wconf 90' lang='lat' dir='ltr'><strong><em>per</em></strong></span> <span class='ocrx_word' id='word_1_259' title='bbox 1739 1825 1836 1898; x_wconf 80' lang='lat' dir='ltr'><strong><em>lacry-</em></strong></span> 
     </span>
     <span class='ocr_line' id='line_1_20' title="bbox 174 1900 1835 1982; baseline 0.004 -22"><span class='ocrx_word' id='word_1_260' title='bbox 174 1906 238 1976; x_wconf 81' lang='lat' dir='ltr'><strong><em>xtx)</em></strong></span> <span class='ocrx_word' id='word_1_261' title='bbox 250 1924 257 1972; x_wconf 88' lang='grc'>;</span> <span class='ocrx_word' id='word_1_262' title='bbox 267 1905 513 1961; x_wconf 83' lang='lat' dir='ltr'><strong><em>alterverodixerit</em></strong></span> <span class='ocrx_word' id='word_1_263' title='bbox 525 1906 916 1978; x_wconf 78' lang='lat' dir='ltr'><strong><em>:Nonsumdipnusutintres</em></strong></span> <span class='ocrx_word' id='word_1_264' title='bbox 926 1906 975 1962; x_wconf 84' lang='lat' dir='ltr'><strong><em>sut</em></strong></span> <span class='ocrx_word' id='word_1_265' title='bbox 1025 1913 1083 1954; x_wconf 90' lang='lat' dir='ltr'><strong><em>mas</em></strong></span> <span class='ocrx_word' id='word_1_266' title='bbox 1098 1900 1255 1970; x_wconf 78' lang='lat' dir='ltr'><strong><em>proflueret,</em></strong></span> <span class='ocrx_word' id='word_1_267' title='bbox 1274 1919 1330 1959; x_wconf 81' lang='lat' dir='ltr'><strong><em>ccc</em></strong></span> <span class='ocrx_word' id='word_1_268' title='bbox 1340 1904 1549 1974; x_wconf 82' lang='lat' dir='ltr'><strong><em>judicaremur,</em></strong></span> <span class='ocrx_word' id='word_1_269' title='bbox 1564 1907 1591 1962; x_wconf 92' lang='lat' dir='ltr'><strong><em>id</em></strong></span> <span class='ocrx_word' id='word_1_270' title='bbox 1606 1917 1647 1963; x_wconf 89' lang='lat' dir='ltr'><strong><em>est</em></strong></span> <span class='ocrx_word' id='word_1_271' title='bbox 1657 1925 1711 1964; x_wconf 91' lang='lat' dir='ltr'><strong><em>non</em></strong></span> <span class='ocrx_word' id='word_1_272' title='bbox 1722 1911 1835 1982; x_wconf 89' lang='lat' dir='ltr'><strong><em>punire-</em></strong></span> 
     </span>
     <span class='ocr_line' id='line_1_21' title="bbox 175 1984 1833 2064; baseline -0.001 -15"><span class='ocrx_word' id='word_1_273' title='bbox 175 1997 283 2050; x_wconf 84' lang='lat' dir='ltr'><strong><em>tectum</em></strong></span> <span class='ocrx_word' id='word_1_274' title='bbox 298 2010 393 2049; x_wconf 88' lang='lat' dir='ltr'><strong><em>meum</em></strong></span> <span class='ocrx_word' id='word_1_275' title='bbox 409 1995 485 2064; x_wconf 83' lang='lat' dir='ltr'><strong><em>(Luc.</em></strong></span> <span class='ocrx_word' id='word_1_276' title='bbox 505 1993 564 2064; x_wconf 88' lang='lat' dir='ltr'><strong><em>vn),</em></strong></span> <span class='ocrx_word' id='word_1_277' title='bbox 591 1993 758 2050; x_wconf 81' lang='lat' dir='ltr'><strong><em>salvatorem</em></strong></span> <span class='ocrx_word' id='word_1_278' title='bbox 772 1992 975 2050; x_wconf 81' lang='lat' dir='ltr'><strong><em>honorificave-</em></strong></span> <span class='ocrx_word' id='word_1_279' title='bbox 1024 2000 1086 2038; x_wconf 89' lang='lat' dir='ltr'><strong><em>mur</em></strong></span> <span class='ocrx_word' id='word_1_280' title='bbox 1100 2000 1116 2040; x_wconf 78' lang='grc'>6</span> <span class='ocrx_word' id='word_1_281' title='bbox 1131 1984 1198 2040; x_wconf 89' lang='lat' dir='ltr'><strong><em>Deo.</em></strong></span> <span class='ocrx_word' id='word_1_282' title='bbox 1215 1986 1284 2040; x_wconf 87' lang='lat' dir='ltr'><strong><em>Nam</em></strong></span> <span class='ocrx_word' id='word_1_283' title='bbox 1300 1987 1454 2060; x_wconf 80' lang='lat' dir='ltr'><strong><em>quicunque</em></strong></span> <span class='ocrx_word' id='word_1_284' title='bbox 1465 2005 1495 2045; x_wconf 84' lang='lat' dir='ltr'><strong><em>sc</em></strong></span> <span class='ocrx_word' id='word_1_285' title='bbox 1506 1991 1668 2060; x_wconf 76' lang='lat' dir='ltr'><strong><em>judicaverit</em></strong></span> <span class='ocrx_word' id='word_1_286' title='bbox 1675 2011 1732 2050; x_wconf 92' lang='lat' dir='ltr'><strong><em>non</em></strong></span> <span class='ocrx_word' id='word_1_287' title='bbox 1747 1995 1833 2050; x_wconf 83' lang='lat' dir='ltr'><strong><em>dam-</em></strong></span> 
     </span>
    </p>
   </div>
   <div class='ocr_carea' id='block_1_3' title="bbox 174 2071 1931 2156">
    <p class='ocr_par' dir='ltr' id='par_1_4' title="bbox 174 2071 1931 2156">
     <span class='ocr_line' id='line_1_22' title="bbox 174 2071 1931 2156; baseline 0 -20"><span class='ocrx_word' id='word_1_288' title='bbox 174 2089 246 2151; x_wconf 88' lang='lat' dir='ltr'><strong><em>runt,</em></strong></span> <span class='ocrx_word' id='word_1_289' title='bbox 271 2081 333 2137; x_wconf 90' lang='lat' dir='ltr'><strong><em>licet</em></strong></span> <span class='ocrx_word' id='word_1_290' title='bbox 355 2081 473 2148; x_wconf 88' lang='lat' dir='ltr'><strong><em>diverso,</em></strong></span> <span class='ocrx_word' id='word_1_291' title='bbox 499 2088 526 2136; x_wconf 94' lang='lat' dir='ltr'><strong><em>et</em></strong></span> <span class='ocrx_word' id='word_1_292' title='bbox 550 2082 628 2153; x_wconf 88' lang='lat' dir='ltr'><strong><em>quasi</em></strong></span> <span class='ocrx_word' id='word_1_293' title='bbox 659 2081 794 2138; x_wconf 89' lang='lat' dir='ltr'><strong><em>contrario</em></strong></span> <span class='ocrx_word' id='word_1_294' title='bbox 818 2081 908 2136; x_wconf 90' lang='lat' dir='ltr'><strong><em>medo.</em></strong></span> <span class='ocrx_word' id='word_1_295' title='bbox 934 2081 975 2136; x_wconf 83' lang='lat' dir='ltr'><strong><em>td</em></strong></span> <span class='ocrx_word' id='word_1_296' title='bbox 1025 2071 1142 2128; x_wconf 77' lang='lat' dir='ltr'><strong><em>uubiiut&#39;-</em></strong></span> <span class='ocrx_word' id='word_1_297' title='bbox 1168 2074 1224 2145; x_wconf 84' lang='grc'>(61)</span> <span class='ocrx_word' id='word_1_298' title='bbox 1246 2075 1375 2131; x_wconf 80' lang='lat' dir='ltr'><strong><em>Versetur</em></strong></span> <span class='ocrx_word' id='word_1_299' title='bbox 1389 2093 1456 2150; x_wconf 82' lang='lat' dir='ltr'><strong><em>crgo</em></strong></span> <span class='ocrx_word' id='word_1_300' title='bbox 1480 2087 1542 2136; x_wconf 85' lang='lat' dir='ltr'><strong><em>ante</em></strong></span> <span class='ocrx_word' id='word_1_301' title='bbox 1566 2082 1660 2138; x_wconf 90' lang='lat' dir='ltr'><strong><em>ocutos</em></strong></span> <span class='ocrx_word' id='word_1_302' title='bbox 1674 2084 1770 2156; x_wconf 81' lang='lat' dir='ltr'><strong><em>imago</em></strong></span> <span class='ocrx_word' id='word_1_303' title='bbox 1783 2086 1833 2154; x_wconf 88' lang='lat' dir='ltr'><strong><em>ju·</em></strong></span> <span class='ocrx_word' id='word_1_304' title='bbox 1930 2079 1931 2082; x_wconf 70' lang='grc'>’</span> 
     </span>
    </p>
   </div>
   <div class='ocr_carea' id='block_1_4' title="bbox 105 2160 1841 5076">
    <p class='ocr_par' dir='ltr' id='par_1_5' title="bbox 105 2160 1841 5076">
     <span class='ocr_line' id='line_1_23' title="bbox 175 2160 1832 2243; baseline 0.01 -32"><span class='ocrx_word' id='word_1_305' title='bbox 175 2169 244 2225; x_wconf 62' lang='lat' dir='ltr'><strong><em>hanc</em></strong></span> <span class='ocrx_word' id='word_1_306' title='bbox 260 2169 339 2224; x_wconf 66' lang='lat' dir='ltr'><strong><em>epium</em></strong></span> <span class='ocrx_word' id='word_1_307' title='bbox 357 2169 561 2225; x_wconf 68' lang='lat' dir='ltr'><strong><em>similitudinem</em></strong></span> <span class='ocrx_word' id='word_1_308' title='bbox 584 2170 656 2226; x_wconf 67' lang='lat' dir='ltr'><strong><em>valet</em></strong></span> <span class='ocrx_word' id='word_1_309' title='bbox 670 2171 742 2242; x_wconf 72' lang='lat' dir='ltr'><strong><em>quod</em></strong></span> <span class='ocrx_word' id='word_1_310' title='bbox 758 2170 784 2225; x_wconf 73' lang='lat' dir='ltr'><strong><em>in</em></strong></span> <span class='ocrx_word' id='word_1_311' title='bbox 800 2169 909 2243; x_wconf 72' lang='lat' dir='ltr'><strong><em>antiquo</em></strong></span> <span class='ocrx_word' id='word_1_312' title='bbox 924 2186 976 2241; x_wconf 79' lang='lat' dir='ltr'><strong><em>po.</em></strong></span> <span class='ocrx_word' id='word_1_313' title='bbox 1026 2160 1089 2217; x_wconf 93' lang='lat' dir='ltr'><strong><em>dicii</em></strong></span> <span class='ocrx_word' id='word_1_314' title='bbox 1104 2161 1195 2227; x_wconf 89' lang='lat' dir='ltr'><strong><em>lutari,</em></strong></span> <span class='ocrx_word' id='word_1_315' title='bbox 1214 2171 1240 2218; x_wconf 93' lang='lat' dir='ltr'><strong><em>et</em></strong></span> <span class='ocrx_word' id='word_1_316' title='bbox 1254 2165 1384 2220; x_wconf 89' lang='lat' dir='ltr'><strong><em>ascendat</em></strong></span> <span class='ocrx_word' id='word_1_317' title='bbox 1398 2167 1479 2223; x_wconf 90' lang='lat' dir='ltr'><strong><em>homo</em></strong></span> <span class='ocrx_word' id='word_1_318' title='bbox 1499 2168 1643 2225; x_wconf 88' lang='lat' dir='ltr'><strong><em>adversum</em></strong></span> <span class='ocrx_word' id='word_1_319' title='bbox 1663 2188 1692 2227; x_wconf 89' lang='lat' dir='ltr'><strong><em>se</em></strong></span> <span class='ocrx_word' id='word_1_320' title='bbox 1708 2173 1832 2228; x_wconf 88' lang='lat' dir='ltr'><strong><em>tribunal</em></strong></span> 
     </span>
     <span class='ocr_line' id='line_1_24' title="bbox 174 2250 1833 2334; baseline 0.002 -20"><span class='ocrx_word' id='word_1_321' title='bbox 174 2257 238 2330; x_wconf 90' lang='lat' dir='ltr'><strong><em>pulo</em></strong></span> <span class='ocrx_word' id='word_1_322' title='bbox 262 2257 409 2329; x_wconf 82' lang='lat' dir='ltr'><strong><em>unicuique</em></strong></span> <span class='ocrx_word' id='word_1_323' title='bbox 434 2259 538 2330; x_wconf 90' lang='lat' dir='ltr'><strong><em>piorum</em></strong></span> <span class='ocrx_word' id='word_1_324' title='bbox 560 2275 658 2314; x_wconf 87' lang='lat' dir='ltr'><strong><em>manna</em></strong></span> <span class='ocrx_word' id='word_1_325' title='bbox 673 2260 822 2315; x_wconf 81' lang='lat' dir='ltr'><strong><em>secundum</em></strong></span> <span class='ocrx_word' id='word_1_326' title='bbox 837 2258 976 2330; x_wconf 83' lang='lat' dir='ltr'><strong><em>propriam</em></strong></span> <span class='ocrx_word' id='word_1_327' title='bbox 1025 2250 1123 2304; x_wconf 87' lang='lat' dir='ltr'><strong><em>mentis</em></strong></span> <span class='ocrx_word' id='word_1_328' title='bbox 1139 2266 1205 2320; x_wconf 78' lang='lat' dir='ltr'><strong><em>sna,</em></strong></span> <span class='ocrx_word' id='word_1_329' title='bbox 1233 2253 1379 2309; x_wconf 88' lang='lat' dir='ltr'><strong><em>constituat</em></strong></span> <span class='ocrx_word' id='word_1_330' title='bbox 1402 2271 1432 2310; x_wconf 89' lang='lat' dir='ltr'><strong><em>se</em></strong></span> <span class='ocrx_word' id='word_1_331' title='bbox 1448 2264 1511 2311; x_wconf 88' lang='lat' dir='ltr'><strong><em>ante</em></strong></span> <span class='ocrx_word' id='word_1_332' title='bbox 1525 2257 1623 2314; x_wconf 84' lang='lat' dir='ltr'><strong><em>taciem</em></strong></span> <span class='ocrx_word' id='word_1_333' title='bbox 1639 2277 1727 2329; x_wconf 89' lang='lat' dir='ltr'><strong><em>suam,</em></strong></span> <span class='ocrx_word' id='word_1_334' title='bbox 1744 2271 1833 2334; x_wconf 87' lang='lat' dir='ltr'><strong><em>atque</em></strong></span> 
     </span>
     <span class='ocr_line' id='line_1_25' title="bbox 174 2338 1833 2420; baseline 0.001 -16"><span class='ocrx_word' id='word_1_335' title='bbox 174 2346 341 2404; x_wconf 82' lang='lat' dir='ltr'><strong><em>uoluntatem</em></strong></span> <span class='ocrx_word' id='word_1_336' title='bbox 356 2347 382 2401; x_wconf 95' lang='lat' dir='ltr'><strong><em>in</em></strong></span> <span class='ocrx_word' id='word_1_337' title='bbox 397 2362 445 2402; x_wconf 90' lang='lat' dir='ltr'><strong><em>ore</em></strong></span> <span class='ocrx_word' id='word_1_338' title='bbox 461 2347 591 2418; x_wconf 88' lang='lat' dir='ltr'><strong><em>sapiebat,</em></strong></span> <span class='ocrx_word' id='word_1_339' title='bbox 609 2347 649 2403; x_wconf 89' lang='lat' dir='ltr'><strong><em>sic</em></strong></span> <span class='ocrx_word' id='word_1_340' title='bbox 663 2347 746 2403; x_wconf 89' lang='lat' dir='ltr'><strong><em>inore</em></strong></span> <span class='ocrx_word' id='word_1_341' title='bbox 756 2348 888 2419; x_wconf 86' lang='lat' dir='ltr'><strong><em>cujusque</em></strong></span> <span class='ocrx_word' id='word_1_342' title='bbox 899 2346 976 2402; x_wconf 91' lang='lat' dir='ltr'><strong><em>Chri-</em></strong></span> <span class='ocrx_word' id='word_1_343' title='bbox 1026 2338 1172 2394; x_wconf 89' lang='lat' dir='ltr'><strong><em>constituto</em></strong></span> <span class='ocrx_word' id='word_1_344' title='bbox 1186 2339 1214 2393; x_wconf 91' lang='lat' dir='ltr'><strong><em>in</em></strong></span> <span class='ocrx_word' id='word_1_345' title='bbox 1241 2342 1323 2397; x_wconf 90' lang='lat' dir='ltr'><strong><em>corde</em></strong></span> <span class='ocrx_word' id='word_1_346' title='bbox 1343 2343 1446 2411; x_wconf 87' lang='lat' dir='ltr'><strong><em>judicio</em></strong></span> <span class='ocrx_word' id='word_1_347' title='bbox 1465 2344 1535 2400; x_wconf 90' lang='lat' dir='ltr'><strong><em>adsit</em></strong></span> <span class='ocrx_word' id='word_1_348' title='bbox 1553 2349 1704 2404; x_wconf 80' lang='lat' dir='ltr'><strong><em>accusatrix</em></strong></span> <span class='ocrx_word' id='word_1_349' title='bbox 1719 2351 1833 2420; x_wconf 78' lang='lat' dir='ltr'><strong><em>cogita-</em></strong></span> 
     </span>
     <span class='ocr_line' id='line_1_26' title="bbox 173 2427 1833 2513; baseline 0.002 -23"><span class='ocrx_word' id='word_1_350' title='bbox 173 2435 263 2502; x_wconf 89' lang='lat' dir='ltr'><strong><em>stiani,</em></strong></span> <span class='ocrx_word' id='word_1_351' title='bbox 280 2435 380 2491; x_wconf 92' lang='lat' dir='ltr'><strong><em>Christi</em></strong></span> <span class='ocrx_word' id='word_1_352' title='bbox 400 2451 501 2506; x_wconf 91' lang='lat' dir='ltr'><strong><em>corpus</em></strong></span> <span class='ocrx_word' id='word_1_353' title='bbox 525 2436 568 2491; x_wconf 84' lang='lat' dir='ltr'><strong><em>rel</em></strong></span> <span class='ocrx_word' id='word_1_354' title='bbox 592 2437 722 2508; x_wconf 87' lang='lat' dir='ltr'><strong><em>quotidie,</em></strong></span> <span class='ocrx_word' id='word_1_355' title='bbox 748 2435 791 2492; x_wconf 83' lang='lat' dir='ltr'><strong><em>rel</em></strong></span> <span class='ocrx_word' id='word_1_356' title='bbox 807 2436 889 2492; x_wconf 91' lang='lat' dir='ltr'><strong><em>certis</em></strong></span> <span class='ocrx_word' id='word_1_357' title='bbox 903 2436 977 2492; x_wconf 88' lang='lat' dir='ltr'><strong><em>horis</em></strong></span> <span class='ocrx_word' id='word_1_358' title='bbox 1026 2427 1063 2483; x_wconf 84' lang='grc'><strong><em>110</em></strong></span> <span class='ocrx_word' id='word_1_359' title='bbox 1089 2436 1115 2481; x_wconf 80' lang='lat' dir='ltr'><strong><em>ci</em></strong></span> <span class='ocrx_word' id='word_1_360' title='bbox 1132 2428 1207 2482; x_wconf 71' lang='lat' dir='ltr'><strong><em>iestis</em></strong></span> <span class='ocrx_word' id='word_1_361' title='bbox 1231 2430 1397 2486; x_wconf 74' lang='lat' dir='ltr'><strong><em>couscientia</em></strong></span> <span class='ocrx_word' id='word_1_362' title='bbox 1419 2440 1444 2487; x_wconf 87' lang='lat' dir='ltr'><strong><em>ct</em></strong></span> <span class='ocrx_word' id='word_1_363' title='bbox 1464 2434 1585 2490; x_wconf 77' lang='lat' dir='ltr'><strong><em>carnifex</em></strong></span> <span class='ocrx_word' id='word_1_364' title='bbox 1607 2437 1696 2494; x_wconf 88' lang='lat' dir='ltr'><strong><em>timor.</em></strong></span> <span class='ocrx_word' id='word_1_365' title='bbox 1722 2439 1833 2513; x_wconf 76' lang='lat' dir='ltr'><strong><em>[Augu-</em></strong></span> 
     </span>
     <span class='ocr_line' id='line_1_27' title="bbox 173 2514 1834 2598; baseline 0.004 -21"><span class='ocrx_word' id='word_1_366' title='bbox 173 2532 322 2595; x_wconf 89' lang='lat' dir='ltr'><strong><em>sumptum.</em></strong></span> <span class='ocrx_word' id='word_1_367' title='bbox 339 2525 410 2580; x_wconf 90' lang='lat' dir='ltr'><strong><em>Nam</em></strong></span> <span class='ocrx_word' id='word_1_368' title='bbox 424 2525 521 2596; x_wconf 87' lang='lat' dir='ltr'><strong><em>aliquis</em></strong></span> <span class='ocrx_word' id='word_1_369' title='bbox 541 2525 700 2581; x_wconf 87' lang='lat' dir='ltr'><strong><em>honorando</em></strong></span> <span class='ocrx_word' id='word_1_370' title='bbox 720 2540 775 2580; x_wconf 93' lang='lat' dir='ltr'><strong><em>non</em></strong></span> <span class='ocrx_word' id='word_1_371' title='bbox 790 2525 871 2580; x_wconf 89' lang='lat' dir='ltr'><strong><em>audet</em></strong></span> <span class='ocrx_word' id='word_1_372' title='bbox 886 2525 976 2596; x_wconf 86' lang='lat' dir='ltr'><strong><em>quoti·</em></strong></span> <span class='ocrx_word' id='word_1_373' title='bbox 1026 2514 1124 2588; x_wconf 80' lang='lat' dir='ltr'><strong><em>stitus]</em></strong></span> <span class='ocrx_word' id='word_1_374' title='bbox 1145 2517 1211 2571; x_wconf 90' lang='lat' dir='ltr'><strong><em>lnde</em></strong></span> <span class='ocrx_word' id='word_1_375' title='bbox 1227 2517 1339 2588; x_wconf 88' lang='lat' dir='ltr'><strong><em>quidam</em></strong></span> <span class='ocrx_word' id='word_1_376' title='bbox 1354 2520 1465 2592; x_wconf 81' lang='lat' dir='ltr'><strong><em>sanguis</em></strong></span> <span class='ocrx_word' id='word_1_377' title='bbox 1480 2538 1534 2578; x_wconf 89' lang='lat' dir='ltr'><strong><em>ncn</em></strong></span> <span class='ocrx_word' id='word_1_378' title='bbox 1550 2523 1706 2581; x_wconf 86' lang='lat' dir='ltr'><strong><em>ccttfitentis</em></strong></span> <span class='ocrx_word' id='word_1_379' title='bbox 1721 2544 1775 2598; x_wconf 89' lang='lat' dir='ltr'><strong><em>per</em></strong></span> <span class='ocrx_word' id='word_1_380' title='bbox 1790 2529 1834 2585; x_wconf 88' lang='lat' dir='ltr'><strong><em>la-</em></strong></span> 
     </span>
     <span class='ocr_line' id='line_1_28' title="bbox 172 2604 1834 2682; baseline 0.001 -15"><span class='ocrx_word' id='word_1_381' title='bbox 172 2613 217 2668; x_wconf 91' lang='lat' dir='ltr'><strong><em>die</em></strong></span> <span class='ocrx_word' id='word_1_382' title='bbox 240 2627 359 2678; x_wconf 90' lang='lat' dir='ltr'><strong><em>sumere,</em></strong></span> <span class='ocrx_word' id='word_1_383' title='bbox 381 2620 408 2668; x_wconf 90' lang='lat' dir='ltr'><strong><em>et</em></strong></span> <span class='ocrx_word' id='word_1_384' title='bbox 430 2611 499 2667; x_wconf 89' lang='lat' dir='ltr'><strong><em>alius</em></strong></span> <span class='ocrx_word' id='word_1_385' title='bbox 520 2614 679 2668; x_wconf 89' lang='lat' dir='ltr'><strong><em>honorando</em></strong></span> <span class='ocrx_word' id='word_1_386' title='bbox 695 2629 750 2669; x_wconf 93' lang='lat' dir='ltr'><strong><em>non</em></strong></span> <span class='ocrx_word' id='word_1_387' title='bbox 769 2613 850 2668; x_wconf 88' lang='lat' dir='ltr'><strong><em>audet</em></strong></span> <span class='ocrx_word' id='word_1_388' title='bbox 864 2613 919 2668; x_wconf 93' lang='lat' dir='ltr'><strong><em>ullo</em></strong></span> <span class='ocrx_word' id='word_1_389' title='bbox 932 2611 977 2667; x_wconf 94' lang='lat' dir='ltr'><strong><em>die</em></strong></span> <span class='ocrx_word' id='word_1_390' title='bbox 1026 2619 1134 2675; x_wconf 73' lang='lat' dir='ltr'><strong><em>uitulus</em></strong></span> <span class='ocrx_word' id='word_1_391' title='bbox 1158 2604 1283 2676; x_wconf 78' lang='lat' dir='ltr'><strong><em>profluat·</em></strong></span> <span class='ocrx_word' id='word_1_392' title='bbox 1312 2610 1450 2664; x_wconf 80' lang='lat' dir='ltr'><strong><em>Postremo</em></strong></span> <span class='ocrx_word' id='word_1_393' title='bbox 1465 2611 1500 2664; x_wconf 89' lang='lat' dir='ltr'><strong><em>ab</em></strong></span> <span class='ocrx_word' id='word_1_394' title='bbox 1516 2611 1573 2682; x_wconf 88' lang='lat' dir='ltr'><strong><em>ipsa</em></strong></span> <span class='ocrx_word' id='word_1_395' title='bbox 1587 2622 1678 2670; x_wconf 90' lang='lat' dir='ltr'><strong><em>mente</em></strong></span> <span class='ocrx_word' id='word_1_396' title='bbox 1694 2617 1834 2672; x_wconf 84' lang='lat' dir='ltr'><strong><em>sententia</em></strong></span> 
     </span>
     <span class='ocr_line' id='line_1_29' title="bbox 172 2691 1832 2776; baseline 0.004 -20"><span class='ocrx_word' id='word_1_397' title='bbox 172 2700 388 2771; x_wconf 75' lang='lat' dir='ltr'><strong><em>pretermittere.</em></strong></span> <span class='ocrx_word' id='word_1_398' title='bbox 404 2700 595 2770; x_wconf 88' lang='lat' dir='ltr'><strong><em>Contemptum</em></strong></span> <span class='ocrx_word' id='word_1_399' title='bbox 610 2701 698 2756; x_wconf 92' lang='lat' dir='ltr'><strong><em>solum</em></strong></span> <span class='ocrx_word' id='word_1_400' title='bbox 722 2717 777 2756; x_wconf 92' lang='lat' dir='ltr'><strong><em>non</em></strong></span> <span class='ocrx_word' id='word_1_401' title='bbox 802 2701 858 2756; x_wconf 91' lang='lat' dir='ltr'><strong><em>vult</em></strong></span> <span class='ocrx_word' id='word_1_402' title='bbox 872 2701 924 2756; x_wconf 90' lang='lat' dir='ltr'><strong><em>iste</em></strong></span> <span class='ocrx_word' id='word_1_403' title='bbox 939 2700 977 2757; x_wconf 94' lang='lat' dir='ltr'><strong><em>ci·</em></strong></span> <span class='ocrx_word' id='word_1_404' title='bbox 1028 2692 1090 2747; x_wconf 74' lang='grc'>11115</span> <span class='ocrx_word' id='word_1_405' title='bbox 1105 2691 1268 2763; x_wconf 66' lang='lat' dir='ltr'><strong><em>proseratur,</em></strong></span> <span class='ocrx_word' id='word_1_406' title='bbox 1297 2703 1326 2750; x_wconf 80' lang='lat' dir='ltr'><strong><em>ui</em></strong></span> <span class='ocrx_word' id='word_1_407' title='bbox 1348 2713 1378 2752; x_wconf 73' lang='lat' dir='ltr'><strong><em>sc</em></strong></span> <span class='ocrx_word' id='word_1_408' title='bbox 1394 2697 1535 2769; x_wconf 77' lang='lat' dir='ltr'><strong><em>iudignum</em></strong></span> <span class='ocrx_word' id='word_1_409' title='bbox 1551 2700 1750 2772; x_wconf 83' lang='lat' dir='ltr'><strong><em>humojudicct</em></strong></span> <span class='ocrx_word' id='word_1_410' title='bbox 1764 2723 1832 2776; x_wconf 80' lang='lat' dir='ltr'><strong><em>par-</em></strong></span> 
     </span>
     <span class='ocr_line' id='line_1_30' title="bbox 174 2780 1834 2865; baseline 0.004 -22"><span class='ocrx_word' id='word_1_411' title='bbox 174 2789 235 2857; x_wconf 87' lang='lat' dir='ltr'><strong><em>bus,</em></strong></span> <span class='ocrx_word' id='word_1_412' title='bbox 253 2787 323 2845; x_wconf 88' lang='lat' dir='ltr'><strong><em>sicut</em></strong></span> <span class='ocrx_word' id='word_1_413' title='bbox 338 2803 389 2843; x_wconf 86' lang='lat' dir='ltr'><strong><em>nee</em></strong></span> <span class='ocrx_word' id='word_1_414' title='bbox 404 2803 504 2843; x_wconf 91' lang='lat' dir='ltr'><strong><em>manna</em></strong></span> <span class='ocrx_word' id='word_1_415' title='bbox 514 2788 661 2844; x_wconf 80' lang='lat' dir='ltr'><strong><em>fastidium.</em></strong></span> <span class='ocrx_word' id='word_1_416' title='bbox 673 2789 737 2845; x_wconf 91' lang='lat' dir='ltr'><strong><em>Ideo</em></strong></span> <span class='ocrx_word' id='word_1_417' title='bbox 748 2789 894 2860; x_wconf 81' lang='lat' dir='ltr'><strong><em>Apostolus</em></strong></span> <span class='ocrx_word' id='word_1_418' title='bbox 909 2804 977 2844; x_wconf 90' lang='lat' dir='ltr'><strong><em>eon·</em></strong></span> <span class='ocrx_word' id='word_1_419' title='bbox 1027 2780 1184 2852; x_wconf 89' lang='lat' dir='ltr'><strong><em>tieipatione</em></strong></span> <span class='ocrx_word' id='word_1_420' title='bbox 1199 2783 1322 2854; x_wconf 75' lang='lat' dir='ltr'><strong><em>corporis</em></strong></span> <span class='ocrx_word' id='word_1_421' title='bbox 1338 2793 1365 2840; x_wconf 83' lang='lat' dir='ltr'><strong><em>ct</em></strong></span> <span class='ocrx_word' id='word_1_422' title='bbox 1379 2787 1521 2858; x_wconf 80' lang='lat' dir='ltr'><strong><em>sauguinis</em></strong></span> <span class='ocrx_word' id='word_1_423' title='bbox 1543 2790 1663 2858; x_wconf 89' lang='lat' dir='ltr'><strong><em>Domini,</em></strong></span> <span class='ocrx_word' id='word_1_424' title='bbox 1680 2800 1710 2846; x_wconf 89' lang='lat' dir='ltr'><strong><em>ut</em></strong></span> <span class='ocrx_word' id='word_1_425' title='bbox 1725 2794 1774 2865; x_wconf 89' lang='lat' dir='ltr'><strong><em>qui</em></strong></span> <span class='ocrx_word' id='word_1_426' title='bbox 1790 2811 1834 2849; x_wconf 89' lang='lat' dir='ltr'><strong><em>se·</em></strong></span> 
     </span>
     <span class='ocr_line' id='line_1_31' title="bbox 174 2869 1835 2950; baseline 0.002 -18"><span class='ocrx_word' id='word_1_427' title='bbox 174 2885 217 2932; x_wconf 87' lang='lat' dir='ltr'><strong><em>tra</em></strong></span> <span class='ocrx_word' id='word_1_428' title='bbox 228 2893 276 2932; x_wconf 89' lang='lat' dir='ltr'><strong><em>ens</em></strong></span> <span class='ocrx_word' id='word_1_429' title='bbox 291 2877 337 2948; x_wconf 90' lang='lat' dir='ltr'><strong><em>qui</em></strong></span> <span class='ocrx_word' id='word_1_430' title='bbox 352 2877 485 2932; x_wconf 86' lang='lat' dir='ltr'><strong><em>acaeteris</em></strong></span> <span class='ocrx_word' id='word_1_431' title='bbox 498 2877 565 2932; x_wconf 88' lang='lat' dir='ltr'><strong><em>cibis</em></strong></span> <span class='ocrx_word' id='word_1_432' title='bbox 573 2877 707 2950; x_wconf 81' lang='lat' dir='ltr'><strong><em>singulari</em></strong></span> <span class='ocrx_word' id='word_1_433' title='bbox 716 2877 890 2934; x_wconf 86' lang='lat' dir='ltr'><strong><em>veneratione</em></strong></span> <span class='ocrx_word' id='word_1_434' title='bbox 905 2878 978 2934; x_wconf 85' lang='lat' dir='ltr'><strong><em>ttunc</em></strong></span> <span class='ocrx_word' id='word_1_435' title='bbox 1028 2869 1151 2940; x_wconf 77' lang='lat' dir='ltr'><strong><em>putatia</em></strong></span> <span class='ocrx_word' id='word_1_436' title='bbox 1173 2887 1260 2943; x_wconf 74' lang='lat' dir='ltr'><strong><em>reguo</em></strong></span> <span class='ocrx_word' id='word_1_437' title='bbox 1285 2872 1360 2928; x_wconf 87' lang='lat' dir='ltr'><strong><em>timet</em></strong></span> <span class='ocrx_word' id='word_1_438' title='bbox 1382 2891 1432 2945; x_wconf 81' lang='lat' dir='ltr'><strong><em>pcr</em></strong></span> <span class='ocrx_word' id='word_1_439' title='bbox 1455 2875 1577 2932; x_wconf 88' lang='lat' dir='ltr'><strong><em>ultimum</em></strong></span> <span class='ocrx_word' id='word_1_440' title='bbox 1598 2882 1774 2949; x_wconf 88' lang='lat' dir='ltr'><strong><em>sententiam,</em></strong></span> <span class='ocrx_word' id='word_1_441' title='bbox 1799 2885 1835 2939; x_wconf 80' lang='lat' dir='ltr'><strong><em>ad</em></strong></span> 
     </span>
     <span class='ocr_line' id='line_1_32' title="bbox 173 2960 1836 3037; baseline 0.004 -18"><span class='ocrx_word' id='word_1_442' title='bbox 173 2981 228 3020; x_wconf 87' lang='lat' dir='ltr'><strong><em>non</em></strong></span> <span class='ocrx_word' id='word_1_443' title='bbox 236 2964 439 3034; x_wconf 87' lang='lat' dir='ltr'><strong><em>discernebant,</em></strong></span> <span class='ocrx_word' id='word_1_444' title='bbox 451 2965 502 3020; x_wconf 89' lang='lat' dir='ltr'><strong><em>ait:</em></strong></span> <span class='ocrx_word' id='word_1_445' title='bbox 512 2967 725 3033; x_wconf 87' lang='lat' dir='ltr'><strong><em>Quimandncat</em></strong></span> <span class='ocrx_word' id='word_1_446' title='bbox 734 2971 762 3022; x_wconf 88' lang='lat' dir='ltr'><strong><em>et</em></strong></span> <span class='ocrx_word' id='word_1_447' title='bbox 772 2967 840 3022; x_wconf 87' lang='lat' dir='ltr'><strong><em>hihit</em></strong></span> <span class='ocrx_word' id='word_1_448' title='bbox 849 2966 975 3037; x_wconf 84' lang='lat' dir='ltr'><strong><em>indipnc,</em></strong></span> <span class='ocrx_word' id='word_1_449' title='bbox 1028 2967 1135 3030; x_wconf 76' lang='lat' dir='ltr'><strong><em>tempus</em></strong></span> <span class='ocrx_word' id='word_1_450' title='bbox 1151 2977 1202 3031; x_wconf 76' lang='lat' dir='ltr'><strong><em>per</em></strong></span> <span class='ocrx_word' id='word_1_451' title='bbox 1217 2960 1431 3018; x_wconf 73' lang='lat' dir='ltr'><strong><em>ecclesiasticum</em></strong></span> <span class='ocrx_word' id='word_1_452' title='bbox 1447 2964 1616 3036; x_wconf 81' lang='lat' dir='ltr'><strong><em>disciplinam</em></strong></span> <span class='ocrx_word' id='word_1_453' title='bbox 1630 2981 1836 3028; x_wconf 88' lang='lat' dir='ltr'><strong><em>asacramentn</em></strong></span> 
     </span>
     <span class='ocr_line' id='line_1_33' title="bbox 170 3027 1834 3132; baseline 0.004 -22"><span class='ocrx_word' id='word_1_454' title='bbox 170 3055 311 3124; x_wconf 78' lang='lat' dir='ltr'><strong><em>iudicium</em></strong></span> <span class='ocrx_word' id='word_1_455' title='bbox 322 3054 579 3112; x_wconf 86' lang='lat' dir='ltr'><strong><em>sthimnnducntct</em></strong></span> <span class='ocrx_word' id='word_1_456' title='bbox 589 3055 671 3122; x_wconf 86' lang='lat' dir='ltr'><strong><em>bibit,·</em></strong></span> <span class='ocrx_word' id='word_1_457' title='bbox 687 3063 712 3110; x_wconf 91' lang='lat' dir='ltr'><strong><em>et</em></strong></span> <span class='ocrx_word' id='word_1_458' title='bbox 720 3055 796 3111; x_wconf 88' lang='lat' dir='ltr'><strong><em>addit</em></strong></span> <span class='ocrx_word' id='word_1_459' title='bbox 812 3056 891 3112; x_wconf 88' lang='lat' dir='ltr'><strong><em>:Non</em></strong></span> <span class='ocrx_word' id='word_1_460' title='bbox 902 3055 977 3127; x_wconf 90' lang='lat' dir='ltr'><strong><em>diju-</em></strong></span> <span class='ocrx_word' id='word_1_461' title='bbox 991 3027 1015 3088; x_wconf 75' lang='lat'><em>0</em></span> <span class='ocrx_word' id='word_1_462' title='bbox 1027 3047 1146 3103; x_wconf 83' lang='lat' dir='ltr'><strong><em>coelestis</em></strong></span> <span class='ocrx_word' id='word_1_463' title='bbox 1162 3048 1242 3119; x_wconf 88' lang='lat' dir='ltr'><strong><em>panis</em></strong></span> <span class='ocrx_word' id='word_1_464' title='bbox 1267 3059 1414 3121; x_wconf 89' lang='lat' dir='ltr'><strong><em>separetur.</em></strong></span> <span class='ocrx_word' id='word_1_465' title='bbox 1431 3053 1489 3124; x_wconf 79' lang='lat'>(62)</span> <span class='ocrx_word' id='word_1_466' title='bbox 1503 3054 1618 3128; x_wconf 82' lang='lat' dir='ltr'><strong><em>indigne</em></strong></span> <span class='ocrx_word' id='word_1_467' title='bbox 1632 3058 1704 3112; x_wconf 91' lang='lat' dir='ltr'><strong><em>euim</em></strong></span> <span class='ocrx_word' id='word_1_468' title='bbox 1720 3061 1834 3132; x_wconf 90' lang='lat' dir='ltr'><strong><em>accipit,</em></strong></span> 
     </span>
     <span class='ocr_line' id='line_1_34' title="bbox 171 3133 1836 3222; baseline 0.003 -23"><span class='ocrx_word' id='word_1_469' title='bbox 171 3143 270 3199; x_wconf 88' lang='lat' dir='ltr'><strong><em>dicans</em></strong></span> <span class='ocrx_word' id='word_1_470' title='bbox 284 3158 385 3215; x_wconf 88' lang='lat' dir='ltr'><strong><em>corpus</em></strong></span> <span class='ocrx_word' id='word_1_471' title='bbox 403 3143 526 3198; x_wconf 87' lang='lat' dir='ltr'><strong><em>Domini.</em></strong></span> <span class='ocrx_word' id='word_1_472' title='bbox 543 3143 600 3213; x_wconf 88' lang='grc'>(68)</span> <span class='ocrx_word' id='word_1_473' title='bbox 616 3144 682 3199; x_wconf 92' lang='lat' dir='ltr'><strong><em>Item</em></strong></span> <span class='ocrx_word' id='word_1_474' title='bbox 698 3143 826 3216; x_wconf 81' lang='lat' dir='ltr'><strong><em>quaeritur</em></strong></span> <span class='ocrx_word' id='word_1_475' title='bbox 840 3143 977 3216; x_wconf 90' lang='lat' dir='ltr'><strong><em>quomodo</em></strong></span> <span class='ocrx_word' id='word_1_476' title='bbox 1027 3133 1050 3190; x_wconf 82' lang='lat' dir='ltr'><strong><em>si</em></strong></span> <span class='ocrx_word' id='word_1_477' title='bbox 1065 3143 1128 3192; x_wconf 82' lang='lat' dir='ltr'><strong><em>iuuu</em></strong></span> <span class='ocrx_word' id='word_1_478' title='bbox 1144 3136 1243 3208; x_wconf 81' lang='lat' dir='ltr'><strong><em>accipit</em></strong></span> <span class='ocrx_word' id='word_1_479' title='bbox 1258 3153 1320 3194; x_wconf 84' lang='lat' dir='ltr'><strong><em>cum</em></strong></span> <span class='ocrx_word' id='word_1_480' title='bbox 1344 3140 1425 3196; x_wconf 82' lang='lat' dir='ltr'><strong><em>(lebet</em></strong></span> <span class='ocrx_word' id='word_1_481' title='bbox 1443 3155 1527 3213; x_wconf 79' lang='lat' dir='ltr'><strong><em>agere</em></strong></span> <span class='ocrx_word' id='word_1_482' title='bbox 1542 3145 1740 3214; x_wconf 71' lang='lat' dir='ltr'><strong><em>peonitentiam.</em></strong></span> <span class='ocrx_word' id='word_1_483' title='bbox 1757 3150 1836 3222; x_wconf 82' lang='lat' dir='ltr'><strong><em>Ergo</em></strong></span> 
     </span>
     <span class='ocr_line' id='line_1_35' title="bbox 173 3223 1837 3303; baseline 0.008 -19"><span class='ocrx_word' id='word_1_484' title='bbox 173 3231 218 3288; x_wconf 91' lang='lat' dir='ltr'><strong><em>hic</em></strong></span> <span class='ocrx_word' id='word_1_485' title='bbox 232 3230 329 3303; x_wconf 87' lang='lat' dir='ltr'><strong><em>aliquis</em></strong></span> <span class='ocrx_word' id='word_1_486' title='bbox 345 3231 522 3301; x_wconf 88' lang='lat' dir='ltr'><strong><em>manducans,</em></strong></span> <span class='ocrx_word' id='word_1_487' title='bbox 548 3232 653 3287; x_wconf 87' lang='lat' dir='ltr'><strong><em>dicatur</em></strong></span> <span class='ocrx_word' id='word_1_488' title='bbox 664 3232 796 3301; x_wconf 87' lang='lat' dir='ltr'><strong><em>judicium</em></strong></span> <span class='ocrx_word' id='word_1_489' title='bbox 810 3231 977 3288; x_wconf 86' lang='lat' dir='ltr'><strong><em>manducare</em></strong></span> <span class='ocrx_word' id='word_1_490' title='bbox 1025 3223 1103 3295; x_wconf 82' lang='lat' dir='ltr'><strong><em>prius</em></strong></span> <span class='ocrx_word' id='word_1_491' title='bbox 1119 3241 1149 3280; x_wconf 73' lang='lat' dir='ltr'><strong><em>se</em></strong></span> <span class='ocrx_word' id='word_1_492' title='bbox 1171 3225 1285 3295; x_wconf 57' lang='lat' dir='ltr'><strong><em>judicu,</em></strong></span> <span class='ocrx_word' id='word_1_493' title='bbox 1310 3237 1337 3282; x_wconf 70' lang='lat' dir='ltr'><strong><em>ei</em></strong></span> <span class='ocrx_word' id='word_1_494' title='bbox 1357 3229 1501 3286; x_wconf 65' lang='lat' dir='ltr'><strong><em>severitate</em></strong></span> <span class='ocrx_word' id='word_1_495' title='bbox 1523 3233 1690 3303; x_wconf 75' lang='lat' dir='ltr'><strong><em>poeuiieuiiae</em></strong></span> <span class='ocrx_word' id='word_1_496' title='bbox 1705 3253 1736 3292; x_wconf 85' lang='lat' dir='ltr'><strong><em>se</em></strong></span> <span class='ocrx_word' id='word_1_497' title='bbox 1751 3254 1837 3294; x_wconf 80' lang='lat' dir='ltr'><strong><em>exer-</em></strong></span> 
     </span>
     <span class='ocr_line' id='line_1_36' title="bbox 174 3313 1834 3394; baseline 0.004 -17"><span class='ocrx_word' id='word_1_498' title='bbox 174 3335 236 3377; x_wconf 89' lang='lat' dir='ltr'><strong><em>cum</em></strong></span> <span class='ocrx_word' id='word_1_499' title='bbox 251 3319 383 3376; x_wconf 90' lang='lat' dir='ltr'><strong><em>Dominus</em></strong></span> <span class='ocrx_word' id='word_1_500' title='bbox 398 3320 470 3376; x_wconf 90' lang='lat' dir='ltr'><strong><em>dicat</em></strong></span> <span class='ocrx_word' id='word_1_501' title='bbox 488 3338 494 3374; x_wconf 96' lang='lat'><strong>:</strong></span> <span class='ocrx_word' id='word_1_502' title='bbox 511 3320 564 3388; x_wconf 87' lang='lat' dir='ltr'><strong><em>Qut</em></strong></span> <span class='ocrx_word' id='word_1_503' title='bbox 586 3320 744 3376; x_wconf 89' lang='lat' dir='ltr'><strong><em>manducat</em></strong></span> <span class='ocrx_word' id='word_1_504' title='bbox 757 3337 812 3389; x_wconf 92' lang='lat' dir='ltr'><strong><em>me,</em></strong></span> <span class='ocrx_word' id='word_1_505' title='bbox 829 3322 890 3394; x_wconf 81' lang='lat' dir='ltr'><strong><em>ipse</em></strong></span> <span class='ocrx_word' id='word_1_506' title='bbox 903 3322 976 3377; x_wconf 85' lang='lat' dir='ltr'><strong><em>viaet</em></strong></span> <span class='ocrx_word' id='word_1_507' title='bbox 1026 3321 1096 3380; x_wconf 83' lang='lat' dir='ltr'><strong><em>cest,</em></strong></span> <span class='ocrx_word' id='word_1_508' title='bbox 1111 3321 1139 3368; x_wconf 91' lang='lat' dir='ltr'><strong><em>ut</em></strong></span> <span class='ocrx_word' id='word_1_509' title='bbox 1154 3329 1170 3368; x_wconf 89' lang='lat' dir='ltr'><strong><em>a</em></strong></span> <span class='ocrx_word' id='word_1_510' title='bbox 1185 3313 1277 3386; x_wconf 90' lang='lat' dir='ltr'><strong><em>seipso</em></strong></span> <span class='ocrx_word' id='word_1_511' title='bbox 1287 3316 1424 3385; x_wconf 86' lang='lat' dir='ltr'><strong><em>judicatus</em></strong></span> <span class='ocrx_word' id='word_1_512' title='bbox 1446 3335 1501 3374; x_wconf 92' lang='lat' dir='ltr'><strong><em>non</em></strong></span> <span class='ocrx_word' id='word_1_513' title='bbox 1511 3321 1649 3389; x_wconf 87' lang='lat' dir='ltr'><strong><em>judicetur</em></strong></span> <span class='ocrx_word' id='word_1_514' title='bbox 1662 3341 1679 3380; x_wconf 91' lang='lat' dir='ltr'><strong><em>a</em></strong></span> <span class='ocrx_word' id='word_1_515' title='bbox 1701 3325 1834 3384; x_wconf 87' lang='lat' dir='ltr'><strong><em>Domino.</em></strong></span> 
     </span>
     <span class='ocr_line' id='line_1_37' title="bbox 174 3401 1836 3484; baseline 0.005 -22"><span class='ocrx_word' id='word_1_516' title='bbox 174 3412 292 3480; x_wconf 88' lang='lat' dir='ltr'><strong><em>propter</em></strong></span> <span class='ocrx_word' id='word_1_517' title='bbox 306 3425 351 3464; x_wconf 88' lang='lat' dir='ltr'><strong><em>me</em></strong></span> <span class='ocrx_word' id='word_1_518' title='bbox 367 3409 460 3477; x_wconf 83' lang='lat' dir='ltr'><strong><em>(toan.</em></strong></span> <span class='ocrx_word' id='word_1_519' title='bbox 481 3409 531 3478; x_wconf 83' lang='lat' dir='ltr'><strong><em>rt).</em></strong></span> <span class='ocrx_word' id='word_1_520' title='bbox 552 3409 594 3464; x_wconf 83' lang='lat' dir='ltr'><strong><em>td</em></strong></span> <span class='ocrx_word' id='word_1_521' title='bbox 608 3408 681 3481; x_wconf 91' lang='lat' dir='ltr'><strong><em>qund</em></strong></span> <span class='ocrx_word' id='word_1_522' title='bbox 697 3408 814 3465; x_wconf 78' lang='lat' dir='ltr'><strong><em>dicimus</em></strong></span> <span class='ocrx_word' id='word_1_523' title='bbox 831 3409 901 3466; x_wconf 83' lang='lat' dir='ltr'><strong><em>duos</em></strong></span> <span class='ocrx_word' id='word_1_524' title='bbox 916 3425 978 3464; x_wconf 74' lang='lat' dir='ltr'><strong><em>esse</em></strong></span> <span class='ocrx_word' id='word_1_525' title='bbox 1027 3401 1083 3472; x_wconf 85' lang='grc'>(63)</span> <span class='ocrx_word' id='word_1_526' title='bbox 1100 3402 1213 3459; x_wconf 87' lang='lat' dir='ltr'><strong><em>Peccata</em></strong></span> <span class='ocrx_word' id='word_1_527' title='bbox 1229 3404 1302 3460; x_wconf 90' lang='lat' dir='ltr'><strong><em>enim</em></strong></span> <span class='ocrx_word' id='word_1_528' title='bbox 1316 3405 1373 3462; x_wconf 83' lang='lat' dir='ltr'><strong><em>sive</em></strong></span> <span class='ocrx_word' id='word_1_529' title='bbox 1392 3423 1486 3478; x_wconf 88' lang='lat' dir='ltr'><strong><em>parva,</em></strong></span> <span class='ocrx_word' id='word_1_530' title='bbox 1512 3409 1570 3466; x_wconf 89' lang='lat' dir='ltr'><strong><em>sive</em></strong></span> <span class='ocrx_word' id='word_1_531' title='bbox 1585 3427 1687 3484; x_wconf 80' lang='lat' dir='ltr'><strong><em>magna</em></strong></span> <span class='ocrx_word' id='word_1_532' title='bbox 1701 3413 1767 3483; x_wconf 88' lang='lat' dir='ltr'><strong><em>sint,</em></strong></span> <span class='ocrx_word' id='word_1_533' title='bbox 1783 3416 1836 3472; x_wconf 90' lang='lat' dir='ltr'><strong><em>im-</em></strong></span> 
     </span>
     <span class='ocr_line' id='line_1_38' title="bbox 174 3491 1836 3575; baseline 0.014 -24"><span class='ocrx_word' id='word_1_534' title='bbox 174 3495 271 3551; x_wconf 93' lang='lat' dir='ltr'><strong><em>modos</em></strong></span> <span class='ocrx_word' id='word_1_535' title='bbox 285 3495 479 3562; x_wconf 88' lang='lat' dir='ltr'><strong><em>manducandi,</em></strong></span> <span class='ocrx_word' id='word_1_536' title='bbox 496 3513 579 3551; x_wconf 90' lang='lat' dir='ltr'><strong><em>unum</em></strong></span> <span class='ocrx_word' id='word_1_537' title='bbox 594 3497 820 3553; x_wconf 87' lang='lat' dir='ltr'><strong><em>sacramentalem</em></strong></span> <span class='ocrx_word' id='word_1_538' title='bbox 838 3513 979 3570; x_wconf 90' lang='lat' dir='ltr'><strong><em>quoman-</em></strong></span> <span class='ocrx_word' id='word_1_539' title='bbox 1027 3491 1120 3562; x_wconf 76' lang='lat' dir='ltr'><strong><em>puiliia</em></strong></span> <span class='ocrx_word' id='word_1_540' title='bbox 1145 3507 1206 3547; x_wconf 72' lang='lat'><strong><em>⁰⁵⁵0</em></strong></span> <span class='ocrx_word' id='word_1_541' title='bbox 1230 3509 1285 3548; x_wconf 70' lang='lat'>110⁰</span> <span class='ocrx_word' id='word_1_542' title='bbox 1308 3504 1434 3564; x_wconf 68' lang='lat' dir='ltr'><strong><em>D⁰⁵⁸111122</em></strong></span> <span class='ocrx_word' id='word_1_543' title='bbox 1461 3497 1523 3568; x_wconf 85' lang='lat' dir='ltr'><strong><em>quia</em></strong></span> <span class='ocrx_word' id='word_1_544' title='bbox 1546 3499 1590 3555; x_wconf 65' lang='lat' dir='ltr'><strong><em>lei</em></strong></span> <span class='ocrx_word' id='word_1_545' title='bbox 1613 3501 1724 3558; x_wconf 71' lang='lat' dir='ltr'><strong><em>h0ffli¹¹0</em></strong></span> <span class='ocrx_word' id='word_1_546' title='bbox 1740 3507 1836 3575; x_wconf 72' lang='lat' dir='ltr'><strong><em>Dfflfli·</em></strong></span> 
     </span>
     <span class='ocr_line' id='line_1_39' title="bbox 174 3579 1833 3658; baseline 0.013 -29"><span class='ocrx_word' id='word_1_547' title='bbox 174 3582 274 3639; x_wconf 70' lang='lat' dir='ltr'><strong><em>duuum</em></strong></span> <span class='ocrx_word' id='word_1_548' title='bbox 302 3590 355 3638; x_wconf 77' lang='lat' dir='ltr'><strong><em>tam</em></strong></span> <span class='ocrx_word' id='word_1_549' title='bbox 381 3584 445 3640; x_wconf 74' lang='lat' dir='ltr'><strong><em>mali</em></strong></span> <span class='ocrx_word' id='word_1_550' title='bbox 469 3585 654 3656; x_wconf 22' lang='lat' dir='ltr'><strong><em>quum-boni,</em></strong></span> <span class='ocrx_word' id='word_1_551' title='bbox 677 3585 794 3642; x_wconf 74' lang='lat' dir='ltr'><strong><em>alterum</em></strong></span> <span class='ocrx_word' id='word_1_552' title='bbox 809 3586 978 3658; x_wconf 69' lang='lat' dir='ltr'><strong><em>spiritualem</em></strong></span> <span class='ocrx_word' id='word_1_553' title='bbox 1027 3587 1111 3646; x_wconf 87' lang='lat' dir='ltr'><strong><em>teate,</em></strong></span> <span class='ocrx_word' id='word_1_554' title='bbox 1127 3579 1171 3636; x_wconf 88' lang='lat' dir='ltr'><strong><em>vel</em></strong></span> <span class='ocrx_word' id='word_1_555' title='bbox 1195 3583 1252 3637; x_wconf 90' lang='lat' dir='ltr'><strong><em>Dec</em></strong></span> <span class='ocrx_word' id='word_1_556' title='bbox 1274 3582 1412 3652; x_wconf 84' lang='lat' dir='ltr'><strong><em>judicante</em></strong></span> <span class='ocrx_word' id='word_1_557' title='bbox 1436 3586 1601 3657; x_wconf 90' lang='lat' dir='ltr'><strong><em>plectuntur.</em></strong></span> <span class='ocrx_word' id='word_1_558' title='bbox 1627 3589 1723 3646; x_wconf 87' lang='lat' dir='ltr'><strong><em>Cessat</em></strong></span> <span class='ocrx_word' id='word_1_559' title='bbox 1738 3603 1833 3650; x_wconf 88' lang='lat' dir='ltr'><strong><em>autem</em></strong></span> 
     </span>
     <span class='ocr_line' id='line_1_40' title="bbox 175 3668 1831 3748; baseline 0.005 -21"><span class='ocrx_word' id='word_1_560' title='bbox 175 3687 229 3744; x_wconf 89' lang='lat' dir='ltr'><strong><em>quo</em></strong></span> <span class='ocrx_word' id='word_1_561' title='bbox 244 3671 295 3728; x_wconf 93' lang='lat' dir='ltr'><strong><em>soli</em></strong></span> <span class='ocrx_word' id='word_1_562' title='bbox 312 3673 376 3729; x_wconf 90' lang='lat' dir='ltr'><strong><em>boni</em></strong></span> <span class='ocrx_word' id='word_1_563' title='bbox 390 3673 564 3742; x_wconf 89' lang='lat' dir='ltr'><strong><em>manducant,</em></strong></span> <span class='ocrx_word' id='word_1_564' title='bbox 582 3675 731 3731; x_wconf 88' lang='lat' dir='ltr'><strong><em>secundum</em></strong></span> <span class='ocrx_word' id='word_1_565' title='bbox 746 3675 811 3731; x_wconf 89' lang='lat' dir='ltr'><strong><em>illud</em></strong></span> <span class='ocrx_word' id='word_1_566' title='bbox 827 3692 833 3732; x_wconf 96' lang='lat'><strong>:</strong></span> <span class='ocrx_word' id='word_1_567' title='bbox 850 3674 924 3744; x_wconf 88' lang='lat' dir='ltr'><strong><em>Quid</em></strong></span> <span class='ocrx_word' id='word_1_568' title='bbox 939 3685 979 3732; x_wconf 89' lang='lat' dir='ltr'><strong><em>est</em></strong></span> <span class='ocrx_word' id='word_1_569' title='bbox 1027 3668 1144 3724; x_wconf 76' lang='lat' dir='ltr'><strong><em>uindicta</em></strong></span> <span class='ocrx_word' id='word_1_570' title='bbox 1172 3669 1273 3740; x_wconf 80' lang='lat' dir='ltr'><strong><em>divina,</em></strong></span> <span class='ocrx_word' id='word_1_571' title='bbox 1307 3671 1330 3726; x_wconf 86' lang='lat' dir='ltr'><strong><em>si</em></strong></span> <span class='ocrx_word' id='word_1_572' title='bbox 1353 3673 1489 3731; x_wconf 76' lang='lat' dir='ltr'><strong><em>confessio</em></strong></span> <span class='ocrx_word' id='word_1_573' title='bbox 1520 3687 1670 3748; x_wconf 68' lang='lat' dir='ltr'><strong><em>praecurrat</em></strong></span> <span class='ocrx_word' id='word_1_574' title='bbox 1693 3681 1831 3740; x_wconf 80' lang='lat' dir='ltr'><strong><em>humans.</em></strong></span> 
     </span>
     <span class='ocr_line' id='line_1_41' title="bbox 175 3757 1836 3836; baseline 0.005 -20"><span class='ocrx_word' id='word_1_575' title='bbox 175 3759 311 3816; x_wconf 85' lang='lat' dir='ltr'><strong><em>Christum</em></strong></span> <span class='ocrx_word' id='word_1_576' title='bbox 325 3762 515 3818; x_wconf 76' lang='lat' dir='ltr'><strong><em>manducaret</em></strong></span> <span class='ocrx_word' id='word_1_577' title='bbox 529 3764 586 3835; x_wconf 86' lang='grc'>(69)</span> <span class='ocrx_word' id='word_1_578' title='bbox 601 3765 662 3820; x_wconf 91' lang='lat' dir='ltr'><strong><em>Non</em></strong></span> <span class='ocrx_word' id='word_1_579' title='bbox 678 3771 719 3820; x_wconf 88' lang='lat' dir='ltr'><strong><em>est</em></strong></span> <span class='ocrx_word' id='word_1_580' title='bbox 733 3765 785 3821; x_wconf 92' lang='lat' dir='ltr'><strong><em>hoc</em></strong></span> <span class='ocrx_word' id='word_1_581' title='bbox 800 3763 887 3820; x_wconf 89' lang='lat' dir='ltr'><strong><em>solum</em></strong></span> <span class='ocrx_word' id='word_1_582' title='bbox 898 3764 978 3820; x_wconf 89' lang='lat' dir='ltr'><strong><em>insa·</em></strong></span> <span class='ocrx_word' id='word_1_583' title='bbox 1027 3757 1106 3812; x_wconf 75' lang='lat' dir='ltr'><strong><em>Unde</em></strong></span> <span class='ocrx_word' id='word_1_584' title='bbox 1119 3757 1157 3812; x_wconf 75' lang='lat' dir='ltr'><strong><em>aii</em></strong></span> <span class='ocrx_word' id='word_1_585' title='bbox 1175 3775 1181 3812; x_wconf 73' lang='grc' dir='ltr'>ί</span> <span class='ocrx_word' id='word_1_586' title='bbox 1199 3757 1227 3814; x_wconf 90' lang='lat' dir='ltr'><strong><em>Si</em></strong></span> <span class='ocrx_word' id='word_1_587' title='bbox 1251 3761 1434 3833; x_wconf 78' lang='lat' dir='ltr'><strong><em>nosmetipsos</em></strong></span> <span class='ocrx_word' id='word_1_588' title='bbox 1458 3764 1679 3836; x_wconf 84' lang='lat' dir='ltr'><strong><em>dijudicaremus,</em></strong></span> <span class='ocrx_word' id='word_1_589' title='bbox 1704 3786 1763 3826; x_wconf 89' lang='lat' dir='ltr'><strong><em>non</em></strong></span> <span class='ocrx_word' id='word_1_590' title='bbox 1777 3773 1836 3827; x_wconf 89' lang='lat' dir='ltr'><strong><em>uti-</em></strong></span> 
     </span>
     <span class='ocr_line' id='line_1_42' title="bbox 175 3845 1837 3929; baseline 0.006 -24"><span class='ocrx_word' id='word_1_591' title='bbox 175 3856 316 3905; x_wconf 86' lang='lat' dir='ltr'><strong><em>cramento</em></strong></span> <span class='ocrx_word' id='word_1_592' title='bbox 331 3866 428 3922; x_wconf 90' lang='lat' dir='ltr'><strong><em>corpus</em></strong></span> <span class='ocrx_word' id='word_1_593' title='bbox 450 3850 507 3919; x_wconf 81' lang='lat' dir='ltr'><strong><em>ejus</em></strong></span> <span class='ocrx_word' id='word_1_594' title='bbox 522 3851 657 3922; x_wconf 89' lang='lat' dir='ltr'><strong><em>accipere,</em></strong></span> <span class='ocrx_word' id='word_1_595' title='bbox 674 3852 723 3908; x_wconf 89' lang='lat' dir='ltr'><strong><em>sed</em></strong></span> <span class='ocrx_word' id='word_1_596' title='bbox 738 3853 766 3906; x_wconf 92' lang='lat' dir='ltr'><strong><em>in</em></strong></span> <span class='ocrx_word' id='word_1_597' title='bbox 780 3853 840 3924; x_wconf 91' lang='lat' dir='ltr'><strong><em>ipso</em></strong></span> <span class='ocrx_word' id='word_1_598' title='bbox 853 3867 976 3920; x_wconf 88' lang='lat' dir='ltr'><strong><em>manere,</em></strong></span> <span class='ocrx_word' id='word_1_599' title='bbox 1028 3862 1080 3918; x_wconf 83' lang='lat' dir='ltr'><strong><em>que</em></strong></span> <span class='ocrx_word' id='word_1_600' title='bbox 1092 3845 1289 3916; x_wconf 77' lang='lat' dir='ltr'><strong><em>iudicaremur,</em></strong></span> <span class='ocrx_word' id='word_1_601' title='bbox 1306 3848 1333 3904; x_wconf 89' lang='lat' dir='ltr'><strong><em>id</em></strong></span> <span class='ocrx_word' id='word_1_602' title='bbox 1349 3859 1390 3906; x_wconf 81' lang='lat' dir='ltr'><strong><em>est</em></strong></span> <span class='ocrx_word' id='word_1_603' title='bbox 1404 3867 1458 3908; x_wconf 89' lang='lat' dir='ltr'><strong><em>uon</em></strong></span> <span class='ocrx_word' id='word_1_604' title='bbox 1472 3854 1630 3925; x_wconf 89' lang='lat' dir='ltr'><strong><em>puniremur</em></strong></span> <span class='ocrx_word' id='word_1_605' title='bbox 1640 3857 1837 3929; x_wconf 83' lang='lat' dir='ltr'><strong><em>velpraedietis</em></strong></span> 
     </span>
     <span class='ocr_line' id='line_1_43' title="bbox 176 3933 1838 4017; baseline 0.007 -25"><span class='ocrx_word' id='word_1_606' title='bbox 176 3945 204 3993; x_wconf 92' lang='lat' dir='ltr'><strong><em>et</em></strong></span> <span class='ocrx_word' id='word_1_607' title='bbox 227 3938 329 3994; x_wconf 88' lang='lat' dir='ltr'><strong><em>babere</em></strong></span> <span class='ocrx_word' id='word_1_608' title='bbox 350 3939 485 3994; x_wconf 86' lang='lat' dir='ltr'><strong><em>Christum</em></strong></span> <span class='ocrx_word' id='word_1_609' title='bbox 506 3939 534 3994; x_wconf 92' lang='lat' dir='ltr'><strong><em>in</em></strong></span> <span class='ocrx_word' id='word_1_610' title='bbox 558 3956 588 3995; x_wconf 91' lang='lat' dir='ltr'><strong><em>se</em></strong></span> <span class='ocrx_word' id='word_1_611' title='bbox 608 3949 772 3996; x_wconf 88' lang='lat' dir='ltr'><strong><em>manentem.</em></strong></span> <span class='ocrx_word' id='word_1_612' title='bbox 798 3939 979 4012; x_wconf 87' lang='lat' dir='ltr'><strong><em>Spiritualiter</em></strong></span> <span class='ocrx_word' id='word_1_613' title='bbox 1027 3933 1237 4003; x_wconf 78' lang='lat' dir='ltr'><strong><em>infirmitatibus,</em></strong></span> <span class='ocrx_word' id='word_1_614' title='bbox 1262 3937 1305 3994; x_wconf 79' lang='lat' dir='ltr'><strong><em>tal</em></strong></span> <span class='ocrx_word' id='word_1_615' title='bbox 1328 3955 1410 4011; x_wconf 84' lang='lat' dir='ltr'><strong><em>poena</em></strong></span> <span class='ocrx_word' id='word_1_616' title='bbox 1439 3950 1550 3999; x_wconf 84' lang='lat' dir='ltr'><strong><em>aeterna.</em></strong></span> <span class='ocrx_word' id='word_1_617' title='bbox 1574 3945 1647 4002; x_wconf 87' lang='lat' dir='ltr'><strong><em>Dum</em></strong></span> <span class='ocrx_word' id='word_1_618' title='bbox 1663 3948 1838 4017; x_wconf 81' lang='lat' dir='ltr'><strong><em>judicamur</em></strong></span> 
     </span>
     <span class='ocr_line' id='line_1_44' title="bbox 177 4025 1837 4106; baseline 0.008 -24"><span class='ocrx_word' id='word_1_619' title='bbox 177 4025 250 4082; x_wconf 89' lang='lat' dir='ltr'><strong><em>enim</em></strong></span> <span class='ocrx_word' id='word_1_620' title='bbox 265 4026 421 4095; x_wconf 88' lang='lat' dir='ltr'><strong><em>manducat,</em></strong></span> <span class='ocrx_word' id='word_1_621' title='bbox 439 4027 485 4099; x_wconf 84' lang='lat' dir='ltr'><strong><em>qui</em></strong></span> <span class='ocrx_word' id='word_1_622' title='bbox 503 4027 531 4082; x_wconf 93' lang='lat' dir='ltr'><strong><em>in</em></strong></span> <span class='ocrx_word' id='word_1_623' title='bbox 554 4029 657 4084; x_wconf 90' lang='lat' dir='ltr'><strong><em>unitate</em></strong></span> <span class='ocrx_word' id='word_1_624' title='bbox 682 4029 781 4084; x_wconf 90' lang='lat' dir='ltr'><strong><em>Christi</em></strong></span> <span class='ocrx_word' id='word_1_625' title='bbox 798 4037 823 4084; x_wconf 91' lang='lat' dir='ltr'><strong><em>et</em></strong></span> <span class='ocrx_word' id='word_1_626' title='bbox 847 4029 979 4087; x_wconf 74' lang='lat' dir='ltr'><strong><em>Ecclesiae</em></strong></span> <span class='ocrx_word' id='word_1_627' title='bbox 1027 4028 1135 4080; x_wconf 85' lang='lat' dir='ltr'><strong><em>antem.</em></strong></span> <span class='ocrx_word' id='word_1_628' title='bbox 1155 4025 1335 4101; x_wconf 72' lang='lat' dir='ltr'><strong><em>[Ambrosius]</em></strong></span> <span class='ocrx_word' id='word_1_629' title='bbox 1351 4028 1436 4099; x_wconf 86' lang='lat' dir='ltr'><strong><em>Quasi</em></strong></span> <span class='ocrx_word' id='word_1_630' title='bbox 1451 4031 1522 4087; x_wconf 90' lang='lat' dir='ltr'><strong><em>dieat</em></strong></span> <span class='ocrx_word' id='word_1_631' title='bbox 1537 4051 1544 4087; x_wconf 95' lang='lat'><strong>:</strong></span> <span class='ocrx_word' id='word_1_632' title='bbox 1560 4034 1628 4090; x_wconf 91' lang='lat' dir='ltr'><strong><em>Dico</em></strong></span> <span class='ocrx_word' id='word_1_633' title='bbox 1648 4051 1704 4091; x_wconf 92' lang='lat' dir='ltr'><strong><em>non</em></strong></span> <span class='ocrx_word' id='word_1_634' title='bbox 1724 4037 1837 4106; x_wconf 78' lang='lat' dir='ltr'><strong><em>iudica-</em></strong></span> 
     </span>
     <span class='ocr_line' id='line_1_45' title="bbox 179 4113 1837 4194; baseline 0.014 -34"><span class='ocrx_word' id='word_1_635' title='bbox 179 4130 260 4187; x_wconf 73' lang='lat' dir='ltr'><strong><em>quam</em></strong></span> <span class='ocrx_word' id='word_1_636' title='bbox 283 4115 373 4187; x_wconf 80' lang='lat' dir='ltr'><strong><em>ipsum</em></strong></span> <span class='ocrx_word' id='word_1_637' title='bbox 397 4125 596 4172; x_wconf 68' lang='lat' dir='ltr'><strong><em>sacramentum</em></strong></span> <span class='ocrx_word' id='word_1_638' title='bbox 629 4115 764 4190; x_wconf 76' lang='lat' dir='ltr'><strong><em>significat</em></strong></span> <span class='ocrx_word' id='word_1_639' title='bbox 794 4125 896 4174; x_wconf 78' lang='lat' dir='ltr'><strong><em>munet,</em></strong></span> <span class='ocrx_word' id='word_1_640' title='bbox 921 4118 978 4190; x_wconf 79' lang='lat' dir='ltr'><strong><em>(uo)</em></strong></span> <span class='ocrx_word' id='word_1_641' title='bbox 1027 4129 1130 4179; x_wconf 88' lang='lat' dir='ltr'><strong><em>remur,</em></strong></span> <span class='ocrx_word' id='word_1_642' title='bbox 1148 4113 1198 4170; x_wconf 90' lang='lat' dir='ltr'><strong><em>scd</em></strong></span> <span class='ocrx_word' id='word_1_643' title='bbox 1214 4129 1265 4170; x_wconf 88' lang='lat' dir='ltr'><strong><em>nec</em></strong></span> <span class='ocrx_word' id='word_1_644' title='bbox 1284 4116 1415 4186; x_wconf 88' lang='lat' dir='ltr'><strong><em>judicium</em></strong></span> <span class='ocrx_word' id='word_1_645' title='bbox 1440 4121 1700 4194; x_wconf 75' lang='lat' dir='ltr'><strong><em>temporalispoensr</em></strong></span> <span class='ocrx_word' id='word_1_646' title='bbox 1712 4124 1776 4181; x_wconf 87' lang='lat' dir='ltr'><strong><em>aliis</em></strong></span> <span class='ocrx_word' id='word_1_647' title='bbox 1791 4135 1837 4182; x_wconf 89' lang='lat' dir='ltr'><strong><em>est</em></strong></span> 
     </span>
     <span class='ocr_line' id='line_1_46' title="bbox 179 4200 1837 4284; baseline 0.008 -25"><span class='ocrx_word' id='word_1_648' title='bbox 179 4203 247 4259; x_wconf 90' lang='lat' dir='ltr'><strong><em>Nam</em></strong></span> <span class='ocrx_word' id='word_1_649' title='bbox 271 4203 316 4275; x_wconf 94' lang='lat' dir='ltr'><strong><em>qui</em></strong></span> <span class='ocrx_word' id='word_1_650' title='bbox 339 4204 481 4260; x_wconf 86' lang='lat' dir='ltr'><strong><em>discordat</em></strong></span> <span class='ocrx_word' id='word_1_651' title='bbox 503 4221 519 4260; x_wconf 90' lang='lat' dir='ltr'><strong><em>a</em></strong></span> <span class='ocrx_word' id='word_1_652' title='bbox 542 4204 660 4272; x_wconf 89' lang='lat' dir='ltr'><strong><em>Christo,</em></strong></span> <span class='ocrx_word' id='word_1_653' title='bbox 685 4221 736 4263; x_wconf 87' lang='lat' dir='ltr'><strong><em>nec</em></strong></span> <span class='ocrx_word' id='word_1_654' title='bbox 756 4222 866 4262; x_wconf 91' lang='lat' dir='ltr'><strong><em>carnem</em></strong></span> <span class='ocrx_word' id='word_1_655' title='bbox 880 4206 979 4262; x_wconf 88' lang='lat' dir='ltr'><strong><em>Christi</em></strong></span> <span class='ocrx_word' id='word_1_656' title='bbox 1027 4200 1132 4268; x_wconf 90' lang='lat' dir='ltr'><strong><em>inutile,</em></strong></span> <span class='ocrx_word' id='word_1_657' title='bbox 1173 4202 1245 4275; x_wconf 87' lang='lat' dir='ltr'><strong><em>quia,</em></strong></span> <span class='ocrx_word' id='word_1_658' title='bbox 1286 4205 1349 4260; x_wconf 90' lang='lat' dir='ltr'><strong><em>dum</em></strong></span> <span class='ocrx_word' id='word_1_659' title='bbox 1384 4207 1536 4276; x_wconf 87' lang='lat' dir='ltr'><strong><em>judicamur</em></strong></span> <span class='ocrx_word' id='word_1_660' title='bbox 1566 4210 1608 4265; x_wconf 92' lang='lat' dir='ltr'><strong><em>his</em></strong></span> <span class='ocrx_word' id='word_1_661' title='bbox 1631 4215 1837 4284; x_wconf 86' lang='lat' dir='ltr'><strong><em>temporalibus</em></strong></span> 
     </span>
     <span class='ocr_line' id='line_1_47' title="bbox 178 4290 1839 4376; baseline 0.006 -29"><span class='ocrx_word' id='word_1_662' title='bbox 178 4292 334 4362; x_wconf 87' lang='lat' dir='ltr'><strong><em>manducat,</em></strong></span> <span class='ocrx_word' id='word_1_663' title='bbox 352 4308 403 4350; x_wconf 92' lang='lat' dir='ltr'><strong><em>nec</em></strong></span> <span class='ocrx_word' id='word_1_664' title='bbox 427 4293 586 4366; x_wconf 78' lang='lat' dir='ltr'><strong><em>sanguinem</em></strong></span> <span class='ocrx_word' id='word_1_665' title='bbox 607 4294 684 4362; x_wconf 88' lang='lat' dir='ltr'><strong><em>bibit,</em></strong></span> <span class='ocrx_word' id='word_1_666' title='bbox 709 4294 760 4350; x_wconf 87' lang='lat' dir='ltr'><strong><em>etsi</em></strong></span> <span class='ocrx_word' id='word_1_667' title='bbox 780 4303 979 4351; x_wconf 88' lang='lat' dir='ltr'><strong><em>sacramentum</em></strong></span> <span class='ocrx_word' id='word_1_668' title='bbox 1028 4290 1127 4361; x_wconf 82' lang='lat' dir='ltr'><strong><em>pomis,</em></strong></span> <span class='ocrx_word' id='word_1_669' title='bbox 1144 4292 1294 4349; x_wconf 91' lang='lat' dir='ltr'><strong><em>aDomino</em></strong></span> <span class='ocrx_word' id='word_1_670' title='bbox 1307 4295 1486 4368; x_wconf 82' lang='lat' dir='ltr'><strong><em>corripimur,</em></strong></span> <span class='ocrx_word' id='word_1_671' title='bbox 1507 4299 1657 4355; x_wconf 90' lang='lat' dir='ltr'><strong><em>seeundum</em></strong></span> <span class='ocrx_word' id='word_1_672' title='bbox 1671 4300 1751 4370; x_wconf 88' lang='lat' dir='ltr'><strong><em>alios,</em></strong></span> <span class='ocrx_word' id='word_1_673' title='bbox 1770 4306 1839 4376; x_wconf 83' lang='lat' dir='ltr'><strong><em>quin</em></strong></span> 
     </span>
     <span class='ocr_line' id='line_1_48' title="bbox 178 4378 1839 4461; baseline 0.008 -25"><span class='ocrx_word' id='word_1_674' title='bbox 178 4388 259 4436; x_wconf 71' lang='lat' dir='ltr'><strong><em>tantan</em></strong></span> <span class='ocrx_word' id='word_1_675' title='bbox 274 4381 314 4437; x_wconf 90' lang='lat' dir='ltr'><strong><em>rei</em></strong></span> <span class='ocrx_word' id='word_1_676' title='bbox 328 4382 363 4436; x_wconf 88' lang='lat' dir='ltr'><strong><em>ad</em></strong></span> <span class='ocrx_word' id='word_1_677' title='bbox 374 4381 504 4451; x_wconf 86' lang='lat' dir='ltr'><strong><em>judicium</em></strong></span> <span class='ocrx_word' id='word_1_678' title='bbox 520 4383 639 4455; x_wconf 89' lang='lat' dir='ltr'><strong><em>qnotidie</em></strong></span> <span class='ocrx_word' id='word_1_679' title='bbox 654 4383 778 4455; x_wconf 89' lang='lat' dir='ltr'><strong><em>accipiat.</em></strong></span> <span class='ocrx_word' id='word_1_680' title='bbox 806 4385 846 4439; x_wconf 91' lang='lat' dir='ltr'><strong><em>De</em></strong></span> <span class='ocrx_word' id='word_1_681' title='bbox 860 4384 912 4440; x_wconf 88' lang='lat' dir='ltr'><strong><em>hnc</em></strong></span> <span class='ocrx_word' id='word_1_682' title='bbox 927 4384 1016 4456; x_wconf 88' lang='lat' dir='ltr'><strong><em>spi-D</em></strong></span> <span class='ocrx_word' id='word_1_683' title='bbox 1034 4378 1132 4434; x_wconf 76' lang='lat' dir='ltr'><strong><em>liniare</em></strong></span> <span class='ocrx_word' id='word_1_684' title='bbox 1146 4395 1235 4452; x_wconf 80' lang='lat' dir='ltr'><strong><em>poenae</em></strong></span> <span class='ocrx_word' id='word_1_685' title='bbox 1251 4389 1352 4438; x_wconf 74' lang='lat' dir='ltr'><strong><em>nostrae</em></strong></span> <span class='ocrx_word' id='word_1_686' title='bbox 1363 4383 1408 4438; x_wconf 91' lang='lat' dir='ltr'><strong><em>alii</em></strong></span> <span class='ocrx_word' id='word_1_687' title='bbox 1418 4386 1606 4456; x_wconf 87' lang='lat' dir='ltr'><strong><em>emendantur,</em></strong></span> <span class='ocrx_word' id='word_1_688' title='bbox 1620 4389 1647 4444; x_wconf 92' lang='lat' dir='ltr'><strong><em>in</em></strong></span> <span class='ocrx_word' id='word_1_689' title='bbox 1657 4391 1839 4461; x_wconf 88' lang='lat' dir='ltr'><strong><em>paucisenim</em></strong></span> 
     </span>
     <span class='ocr_line' id='line_1_49' title="bbox 178 4467 1840 4552; baseline 0.006 -28"><span class='ocrx_word' id='word_1_690' title='bbox 178 4469 250 4524; x_wconf 81' lang='lat' dir='ltr'><strong><em>rituli</em></strong></span> <span class='ocrx_word' id='word_1_691' title='bbox 273 4469 481 4526; x_wconf 87' lang='lat' dir='ltr'><strong><em>manducatione</em></strong></span> <span class='ocrx_word' id='word_1_692' title='bbox 504 4470 542 4526; x_wconf 89' lang='lat' dir='ltr'><strong><em>ait</em></strong></span> <span class='ocrx_word' id='word_1_693' title='bbox 564 4471 733 4544; x_wconf 73' lang='lat' dir='ltr'><strong><em>Augustinus</em></strong></span> <span class='ocrx_word' id='word_1_694' title='bbox 749 4490 755 4526; x_wconf 91' lang='lat'><strong>:</strong></span> <span class='ocrx_word' id='word_1_695' title='bbox 773 4473 872 4544; x_wconf 90' lang='lat' dir='ltr'><strong><em>thuid</em></strong></span> <span class='ocrx_word' id='word_1_696' title='bbox 896 4489 979 4544; x_wconf 87' lang='lat' dir='ltr'><strong><em>paras</em></strong></span> <span class='ocrx_word' id='word_1_697' title='bbox 1028 4476 1069 4522; x_wconf 84' lang='lat' dir='ltr'><strong><em>cst</em></strong></span> <span class='ocrx_word' id='word_1_698' title='bbox 1083 4467 1205 4523; x_wconf 83' lang='lat' dir='ltr'><strong><em>omnium</em></strong></span> <span class='ocrx_word' id='word_1_699' title='bbox 1220 4469 1383 4528; x_wconf 79' lang='lat' dir='ltr'><strong><em>emendatio.</em></strong></span> <span class='ocrx_word' id='word_1_700' title='bbox 1400 4474 1457 4544; x_wconf 77' lang='grc'>(66)</span> <span class='ocrx_word' id='word_1_701' title='bbox 1474 4475 1522 4531; x_wconf 83' lang='lat' dir='ltr'><strong><em>Vel</em></strong></span> <span class='ocrx_word' id='word_1_702' title='bbox 1537 4477 1652 4548; x_wconf 90' lang='lat' dir='ltr'><strong><em>nosipsi</em></strong></span> <span class='ocrx_word' id='word_1_703' title='bbox 1667 4480 1840 4552; x_wconf 83' lang='lat' dir='ltr'><strong><em>corripimur</em></strong></span> 
     </span>
     <span class='ocr_line' id='line_1_50' title="bbox 180 4558 1840 4638; baseline 0.007 -24"><span class='ocrx_word' id='word_1_704' title='bbox 180 4558 288 4614; x_wconf 88' lang='lat' dir='ltr'><strong><em>dentem</em></strong></span> <span class='ocrx_word' id='word_1_705' title='bbox 302 4565 329 4614; x_wconf 89' lang='lat' dir='ltr'><strong><em>et</em></strong></span> <span class='ocrx_word' id='word_1_706' title='bbox 343 4559 488 4615; x_wconf 75' lang='lat' dir='ltr'><strong><em>ventrem?</em></strong></span> <span class='ocrx_word' id='word_1_707' title='bbox 503 4560 583 4616; x_wconf 90' lang='lat' dir='ltr'><strong><em>crede</em></strong></span> <span class='ocrx_word' id='word_1_708' title='bbox 597 4567 623 4616; x_wconf 90' lang='lat' dir='ltr'><strong><em>et</em></strong></span> <span class='ocrx_word' id='word_1_709' title='bbox 637 4561 817 4617; x_wconf 88' lang='lat' dir='ltr'><strong><em>manducasti.</em></strong></span> <span class='ocrx_word' id='word_1_710' title='bbox 830 4562 890 4618; x_wconf 88' lang='lat' dir='ltr'><strong><em>ldco</em></strong></span> <span class='ocrx_word' id='word_1_711' title='bbox 901 4564 980 4619; x_wconf 86' lang='lat' dir='ltr'><strong><em>inter</em></strong></span> <span class='ocrx_word' id='word_1_712' title='bbox 1027 4571 1108 4626; x_wconf 76' lang='lat' dir='ltr'><strong><em>poeuu</em></strong></span> <span class='ocrx_word' id='word_1_713' title='bbox 1124 4565 1218 4612; x_wconf 72' lang='lat' dir='ltr'><strong><em>austra</em></strong></span> <span class='ocrx_word' id='word_1_714' title='bbox 1229 4559 1451 4629; x_wconf 77' lang='lat' dir='ltr'><strong><em>quujudicautur.</em></strong></span> <span class='ocrx_word' id='word_1_715' title='bbox 1463 4563 1490 4617; x_wconf 91' lang='lat' dir='ltr'><strong><em>id</em></strong></span> <span class='ocrx_word' id='word_1_716' title='bbox 1501 4573 1542 4620; x_wconf 89' lang='lat' dir='ltr'><strong><em>est</em></strong></span> <span class='ocrx_word' id='word_1_717' title='bbox 1550 4565 1690 4636; x_wconf 83' lang='lat' dir='ltr'><strong><em>punimur,</em></strong></span> <span class='ocrx_word' id='word_1_718' title='bbox 1702 4569 1768 4638; x_wconf 86' lang='lat' dir='ltr'><strong><em>quia</em></strong></span> <span class='ocrx_word' id='word_1_719' title='bbox 1777 4572 1840 4628; x_wconf 87' lang='lat' dir='ltr'><strong><em>eis-</em></strong></span> 
     </span>
     <span class='ocr_line' id='line_1_51' title="bbox 181 4639 1841 4724; baseline 0.001 -21"><span class='ocrx_word' id='word_1_720' title='bbox 181 4661 237 4713; x_wconf 88' lang='lat' dir='ltr'><strong><em>oos,</em></strong></span> <span class='ocrx_word' id='word_1_721' title='bbox 255 4653 307 4702; x_wconf 90' lang='lat' dir='ltr'><strong><em>etc.</em></strong></span> <span class='ocrx_word' id='word_1_722' title='bbox 323 4645 372 4703; x_wconf 92' lang='lat' dir='ltr'><strong><em>Hic</em></strong></span> <span class='ocrx_word' id='word_1_723' title='bbox 386 4646 532 4720; x_wconf 81' lang='lat' dir='ltr'><strong><em>imaginem</em></strong></span> <span class='ocrx_word' id='word_1_724' title='bbox 544 4648 639 4718; x_wconf 90' lang='lat' dir='ltr'><strong><em>judicii</em></strong></span> <span class='ocrx_word' id='word_1_725' title='bbox 654 4648 736 4704; x_wconf 83' lang='lat' dir='ltr'><strong><em>futuri</em></strong></span> <span class='ocrx_word' id='word_1_726' title='bbox 750 4649 868 4704; x_wconf 85' lang='lat' dir='ltr'><strong><em>ostendit</em></strong></span> <span class='ocrx_word' id='word_1_727' title='bbox 877 4649 906 4703; x_wconf 92' lang='lat' dir='ltr'><strong><em>in</em></strong></span> <span class='ocrx_word' id='word_1_728' title='bbox 920 4665 976 4714; x_wconf 90' lang='lat' dir='ltr'><strong><em>eos,</em></strong></span> <span class='ocrx_word' id='word_1_729' title='bbox 1028 4639 1090 4694; x_wconf 89' lang='lat' dir='ltr'><strong><em>dem</em></strong></span> <span class='ocrx_word' id='word_1_730' title='bbox 1106 4639 1187 4694; x_wconf 75' lang='lat' dir='ltr'><strong><em>eiiam</em></strong></span> <span class='ocrx_word' id='word_1_731' title='bbox 1211 4641 1403 4713; x_wconf 87' lang='lat' dir='ltr'><strong><em>quipatiuntur</em></strong></span> <span class='ocrx_word' id='word_1_732' title='bbox 1413 4662 1495 4716; x_wconf 89' lang='lat' dir='ltr'><strong><em>poeaa</em></strong></span> <span class='ocrx_word' id='word_1_733' title='bbox 1514 4649 1624 4720; x_wconf 89' lang='lat' dir='ltr'><strong><em>propria</em></strong></span> <span class='ocrx_word' id='word_1_734' title='bbox 1636 4658 1677 4706; x_wconf 92' lang='lat' dir='ltr'><strong><em>est</em></strong></span> <span class='ocrx_word' id='word_1_735' title='bbox 1687 4652 1841 4724; x_wconf 81' lang='lat' dir='ltr'><strong><em>aliquando</em></strong></span> 
     </span>
     <span class='ocr_line' id='line_1_52' title="bbox 181 4727 1841 4808; baseline 0.005 -18"><span class='ocrx_word' id='word_1_736' title='bbox 181 4734 228 4807; x_wconf 90' lang='lat' dir='ltr'><strong><em>qui</em></strong></span> <span class='ocrx_word' id='word_1_737' title='bbox 241 4734 443 4792; x_wconf 90' lang='lat' dir='ltr'><strong><em>inconsiderate</em></strong></span> <span class='ocrx_word' id='word_1_738' title='bbox 467 4753 566 4808; x_wconf 90' lang='lat' dir='ltr'><strong><em>corpus</em></strong></span> <span class='ocrx_word' id='word_1_739' title='bbox 589 4737 696 4793; x_wconf 89' lang='lat' dir='ltr'><strong><em>Domini</em></strong></span> <span class='ocrx_word' id='word_1_740' title='bbox 711 4737 857 4808; x_wconf 88' lang='lat' dir='ltr'><strong><em>accipiunt,</em></strong></span> <span class='ocrx_word' id='word_1_741' title='bbox 873 4746 902 4792; x_wconf 90' lang='lat' dir='ltr'><strong><em>ut</em></strong></span> <span class='ocrx_word' id='word_1_742' title='bbox 917 4737 979 4794; x_wconf 91' lang='lat' dir='ltr'><strong><em>hine</em></strong></span> <span class='ocrx_word' id='word_1_743' title='bbox 1028 4727 1165 4800; x_wconf 69' lang='grc' dir='ltr'>611161111οι</span> <span class='ocrx_word' id='word_1_744' title='bbox 1181 4736 1209 4785; x_wconf 75' lang='lat' dir='ltr'><strong><em>ui</em></strong></span> <span class='ocrx_word' id='word_1_745' title='bbox 1219 4731 1360 4802; x_wconf 69' lang='lat' dir='ltr'><strong><em>Ptoplleiae</em></strong></span> <span class='ocrx_word' id='word_1_746' title='bbox 1369 4733 1448 4790; x_wconf 69' lang='lat' dir='ltr'><strong><em>Abda</em></strong></span> <span class='ocrx_word' id='word_1_747' title='bbox 1468 4735 1514 4807; x_wconf 84' lang='lat' dir='ltr'><strong><em>qui</em></strong></span> <span class='ocrx_word' id='word_1_748' title='bbox 1531 4738 1684 4808; x_wconf 83' lang='lat' dir='ltr'><strong><em>prohibitus</em></strong></span> <span class='ocrx_word' id='word_1_749' title='bbox 1697 4739 1732 4794; x_wconf 87' lang='lat' dir='ltr'><strong><em>ab</em></strong></span> <span class='ocrx_word' id='word_1_750' title='bbox 1746 4743 1841 4800; x_wconf 88' lang='lat' dir='ltr'><strong><em>altero</em></strong></span> 
     </span>
     <span class='ocr_line' id='line_1_53' title="bbox 181 4817 1840 4904; baseline 0.004 -24"><span class='ocrx_word' id='word_1_751' title='bbox 181 4821 274 4880; x_wconf 83' lang='lat' dir='ltr'><strong><em>caeteri</em></strong></span> <span class='ocrx_word' id='word_1_752' title='bbox 284 4822 420 4879; x_wconf 89' lang='lat' dir='ltr'><strong><em>discerent</em></strong></span> <span class='ocrx_word' id='word_1_753' title='bbox 434 4840 489 4880; x_wconf 91' lang='lat' dir='ltr'><strong><em>non</em></strong></span> <span class='ocrx_word' id='word_1_754' title='bbox 502 4824 616 4880; x_wconf 91' lang='lat' dir='ltr'><strong><em>inultum</em></strong></span> <span class='ocrx_word' id='word_1_755' title='bbox 630 4842 691 4882; x_wconf 90' lang='lat' dir='ltr'><strong><em>esse</em></strong></span> <span class='ocrx_word' id='word_1_756' title='bbox 704 4842 803 4897; x_wconf 90' lang='lat' dir='ltr'><strong><em>corpus</em></strong></span> <span class='ocrx_word' id='word_1_757' title='bbox 819 4825 927 4882; x_wconf 91' lang='lat' dir='ltr'><strong><em>Domini</em></strong></span> <span class='ocrx_word' id='word_1_758' title='bbox 941 4825 979 4881; x_wconf 90' lang='lat' dir='ltr'><strong><em>ir·</em></strong></span> <span class='ocrx_word' id='word_1_759' title='bbox 1028 4817 1162 4888; x_wconf 71' lang='lat' dir='ltr'><strong><em>pl&#39;uphciu</em></strong></span> <span class='ocrx_word' id='word_1_760' title='bbox 1172 4819 1300 4884; x_wconf 77' lang='lat' dir='ltr'><strong><em>comedit.</em></strong></span> <span class='ocrx_word' id='word_1_761' title='bbox 1314 4821 1384 4876; x_wconf 79' lang='lat' dir='ltr'><strong><em>sicut</em></strong></span> <span class='ocrx_word' id='word_1_762' title='bbox 1403 4822 1541 4896; x_wconf 82' lang='lat' dir='ltr'><strong><em>legiturin</em></strong></span> <span class='ocrx_word' id='word_1_763' title='bbox 1552 4825 1621 4882; x_wconf 88' lang='lat' dir='ltr'><strong><em>libro</em></strong></span> <span class='ocrx_word' id='word_1_764' title='bbox 1634 4826 1761 4899; x_wconf 77' lang='lat' dir='ltr'><strong><em>Regum:</em></strong></span> <span class='ocrx_word' id='word_1_765' title='bbox 1778 4833 1840 4904; x_wconf 77' lang='lat'>(65)</span> 
     </span>
     <span class='ocr_line' id='line_1_54' title="bbox 179 4904 1839 4986; baseline 0.008 -18"><span class='ocrx_word' id='word_1_766' title='bbox 179 4920 339 4968; x_wconf 87' lang='lat' dir='ltr'><strong><em>reverenter</em></strong></span> <span class='ocrx_word' id='word_1_767' title='bbox 352 4912 486 4984; x_wconf 87' lang='lat' dir='ltr'><strong><em>accipere,</em></strong></span> <span class='ocrx_word' id='word_1_768' title='bbox 503 4921 530 4970; x_wconf 89' lang='lat' dir='ltr'><strong><em>et</em></strong></span> <span class='ocrx_word' id='word_1_769' title='bbox 539 4915 664 4986; x_wconf 88' lang='lat' dir='ltr'><strong><em>exemplo</em></strong></span> <span class='ocrx_word' id='word_1_770' title='bbox 673 4914 781 4972; x_wconf 91' lang='lat' dir='ltr'><strong><em>illorum</em></strong></span> <span class='ocrx_word' id='word_1_771' title='bbox 792 4914 876 4971; x_wconf 90' lang='lat' dir='ltr'><strong><em>territi</em></strong></span> <span class='ocrx_word' id='word_1_772' title='bbox 887 4931 979 4971; x_wconf 89' lang='lat' dir='ltr'><strong><em>emen·</em></strong></span> <span class='ocrx_word' id='word_1_773' title='bbox 1028 4904 1315 4978; x_wconf 80' lang='lat' dir='ltr'><strong><em>HoecdicitDominus,</em></strong></span> <span class='ocrx_word' id='word_1_774' title='bbox 1324 4912 1658 4986; x_wconf 63' lang='grc'>6116110181111111111111»</span> <span class='ocrx_word' id='word_1_775' title='bbox 1671 4919 1765 4974; x_wconf 66' lang='lat' dir='ltr'><strong><em>sirion</em></strong></span> <span class='ocrx_word' id='word_1_776' title='bbox 1775 4937 1839 4976; x_wconf 73' lang='lat' dir='ltr'><strong><em>cus·</em></strong></span> 
     </span>
     <span class='ocr_line' id='line_1_55' title="bbox 105 4994 1841 5076; baseline 0.012 -30"><span class='ocrx_word' id='word_1_777' title='bbox 105 5019 112 5033; x_wconf 79' lang='lat'><em>›</em></span> <span class='ocrx_word' id='word_1_778' title='bbox 181 5001 290 5071; x_wconf 69' lang='lat' dir='ltr'><strong><em>dentur,</em></strong></span> <span class='ocrx_word' id='word_1_779' title='bbox 307 5001 387 5075; x_wconf 74' lang='lat' dir='ltr'><strong><em>quasi</em></strong></span> <span class='ocrx_word' id='word_1_780' title='bbox 400 5002 481 5074; x_wconf 65' lang='lat' dir='ltr'><strong><em>uiuat,</em></strong></span> <span class='ocrx_word' id='word_1_781' title='bbox 498 5003 561 5075; x_wconf 66' lang='lat' dir='ltr'><strong><em>quia</em></strong></span> <span class='ocrx_word' id='word_1_782' title='bbox 573 5003 685 5076; x_wconf 69' lang='lat' dir='ltr'><strong><em>indigne</em></strong></span> <span class='ocrx_word' id='word_1_783' title='bbox 696 5011 819 5060; x_wconf 71' lang='lat' dir='ltr'><strong><em>sumunt,</em></strong></span> <span class='ocrx_word' id='word_1_784' title='bbox 1028 4994 1841 5076; x_wconf 77' lang='lat' dir='ltr'><strong><em>todistil01mandatumquodproecepittiDiDomiuus</em></strong></span> 
     </span>
    </p>
   </div>
   <div class='ocr_carea' id='block_1_5' title="bbox 216 5165 1534 5442">
    <p class='ocr_par' dir='ltr' id='par_1_6' title="bbox 216 5165 1399 5250">
     <span class='ocr_line' id='line_1_56' title="bbox 216 5165 1399 5250; baseline 0.008 -22"><span class='ocrx_word' id='word_1_785' title='bbox 216 5177 257 5240; x_wconf 80' lang='lat' dir='ltr'><strong><em>tar</em></strong></span> <span class='ocrx_word' id='word_1_786' title='bbox 288 5177 435 5244; x_wconf 65' lang='lat' dir='ltr'><strong><em>augutinus</em></strong></span> <span class='ocrx_word' id='word_1_787' title='bbox 447 5179 631 5232; x_wconf 71' lang='lat' dir='ltr'><strong><em>cosarianum.</em></strong></span> <span class='ocrx_word' id='word_1_788' title='bbox 1064 5165 1118 5234; x_wconf 76' lang='grc'>(61)</span> <span class='ocrx_word' id='word_1_789' title='bbox 1138 5169 1187 5232; x_wconf 85' lang='lat' dir='ltr'><strong><em>ut,</em></strong></span> <span class='ocrx_word' id='word_1_790' title='bbox 1206 5171 1399 5250; x_wconf 69' lang='lat' dir='ltr'><strong><em>tutantium.</em></strong></span> 
     </span>
    </p>

    <p class='ocr_par' dir='ltr' id='par_1_7' title="bbox 216 5235 1429 5320">
     <span class='ocr_line' id='line_1_57' title="bbox 216 5235 1429 5320; baseline 0.008 -25"><span class='ocrx_word' id='word_1_791' title='bbox 216 5241 258 5306; x_wconf 82' lang='grc'><strong><em>(66</em></strong></span> <span class='ocrx_word' id='word_1_792' title='bbox 287 5245 336 5308; x_wconf 83' lang='lat' dir='ltr'><strong><em>ta,</em></strong></span> <span class='ocrx_word' id='word_1_793' title='bbox 348 5244 373 5297; x_wconf 93' lang='lat' dir='ltr'><strong><em>tn</em></strong></span> <span class='ocrx_word' id='word_1_794' title='bbox 385 5257 499 5298; x_wconf 86' lang='lat' dir='ltr'><strong><em>sermone</em></strong></span> <span class='ocrx_word' id='word_1_795' title='bbox 510 5247 544 5298; x_wconf 85' lang='lat' dir='ltr'><strong><em>De</em></strong></span> <span class='ocrx_word' id='word_1_796' title='bbox 555 5247 653 5312; x_wconf 90' lang='lat' dir='ltr'><strong><em>blasph.</em></strong></span> <span class='ocrx_word' id='word_1_797' title='bbox 667 5247 771 5313; x_wconf 86' lang='lat' dir='ltr'><strong><em>Spiritus</em></strong></span> <span class='ocrx_word' id='word_1_798' title='bbox 782 5245 870 5300; x_wconf 81' lang='lat' dir='ltr'><strong><em>sancti</em></strong></span> <span class='ocrx_word' id='word_1_799' title='bbox 1063 5235 1115 5296; x_wconf 73' lang='grc'><strong><em>(65)</em></strong></span> <span class='ocrx_word' id='word_1_800' title='bbox 1136 5236 1185 5302; x_wconf 92' lang='lat' dir='ltr'><strong><em>td.,</em></strong></span> <span class='ocrx_word' id='word_1_801' title='bbox 1198 5239 1232 5289; x_wconf 73' lang='lat'><strong><em>⁰⁰</em></strong></span> <span class='ocrx_word' id='word_1_802' title='bbox 1244 5239 1287 5290; x_wconf 78' lang='lat' dir='ltr'>¹¹b·</span> <span class='ocrx_word' id='word_1_803' title='bbox 1302 5241 1328 5318; x_wconf 68' lang='grc' dir='ltr'><strong><em>ξ·</em></strong></span> <span class='ocrx_word' id='word_1_804' title='bbox 1342 5242 1429 5320; x_wconf 68' lang='grc'>11056·</span> 
     </span>
    </p>

    <p class='ocr_par' dir='ltr' id='par_1_8' title="bbox 217 5302 1534 5442">
     <span class='ocr_line' id='line_1_58' title="bbox 217 5302 1534 5386; baseline 0.01 -24"><span class='ocrx_word' id='word_1_805' title='bbox 217 5307 269 5376; x_wconf 75' lang='lat' dir='ltr'><strong><em>(soi</em></strong></span> <span class='ocrx_word' id='word_1_806' title='bbox 287 5311 334 5376; x_wconf 82' lang='lat' dir='ltr'><strong><em>ta,</em></strong></span> <span class='ocrx_word' id='word_1_807' title='bbox 348 5313 381 5363; x_wconf 91' lang='lat' dir='ltr'><strong><em>n</em></strong></span> <span class='ocrx_word' id='word_1_808' title='bbox 394 5313 622 5378; x_wconf 66' lang='lat' dir='ltr'><strong><em>vitassemus.</em></strong></span> <span class='ocrx_word' id='word_1_809' title='bbox 1065 5302 1109 5365; x_wconf 73' lang='lat' dir='ltr'><strong><em>tui</em></strong></span> <span class='ocrx_word' id='word_1_810' title='bbox 1140 5304 1189 5382; x_wconf 52' lang='lat' dir='ltr'><strong><em>ug.</em></strong></span> <span class='ocrx_word' id='word_1_811' title='bbox 1202 5305 1236 5384; x_wconf 75' lang='lat' dir='ltr'><strong><em>aa</em></strong></span> <span class='ocrx_word' id='word_1_812' title='bbox 1246 5307 1371 5386; x_wconf 72' lang='lat' dir='ltr'><strong><em>Paruum</em></strong></span> <span class='ocrx_word' id='word_1_813' title='bbox 1384 5319 1534 5374; x_wconf 74' lang='lat' dir='ltr'><strong><em>erucarum·</em></strong></span> 
     </span>
     <span class='ocr_line' id='line_1_59' title="bbox 225 5369 1380 5442; baseline 0.007 -15"><span class='ocrx_word' id='word_1_814' title='bbox 225 5377 265 5438; x_wconf 72' lang='lat' dir='ltr'><strong><em>ao,</em></strong></span> <span class='ocrx_word' id='word_1_815' title='bbox 285 5377 509 5442; x_wconf 57' lang='lat' dir='ltr'><strong><em>tumtunm.</em></strong></span> <span class='ocrx_word' id='word_1_816' title='bbox 523 5381 639 5434; x_wconf 78' lang='lat' dir='ltr'><strong><em>noveru.</em></strong></span> <span class='ocrx_word' id='word_1_817' title='bbox 1066 5369 1110 5432; x_wconf 79' lang='lat' dir='ltr'><strong><em>(as</em></strong></span> <span class='ocrx_word' id='word_1_818' title='bbox 1140 5371 1380 5427; x_wconf 72' lang='lat' dir='ltr'><strong><em>sacerrimum.</em></strong></span> 
     </span>
    </p>
   </div>
   <div class='ocr_carea' id='block_1_6' title="bbox 227 5442 526 5510">
    <p class='ocr_par' dir='ltr' id='par_1_9' title="bbox 227 5442 526 5510">
     <span class='ocr_line' id='line_1_60' title="bbox 227 5442 526 5510; baseline 0.013 -16"><span class='ocrx_word' id='word_1_819' title='bbox 227 5442 272 5510; x_wconf 82' lang='lat'><strong><em>6¹)</em></strong></span> <span class='ocrx_word' id='word_1_820' title='bbox 291 5444 339 5510; x_wconf 82' lang='lat' dir='ltr'><strong><em>ta,</em></strong></span> <span class='ocrx_word' id='word_1_821' title='bbox 351 5447 385 5498; x_wconf 89' lang='lat' dir='ltr'><strong><em>Da</em></strong></span> <span class='ocrx_word' id='word_1_822' title='bbox 398 5447 526 5510; x_wconf 88' lang='lat' dir='ltr'><strong><em>poenitent.</em></strong></span> 
     </span>
    </p>
   </div>
   <div class='ocr_carea' id='block_1_7' title="bbox 0 0 1950 6322">
    <p class='ocr_par' dir='ltr' id='par_1_10' title="bbox 0 0 1950 6322">
     <span class='ocr_line' id='line_1_61' title="bbox 0 0 1950 6322; baseline 0 0"><span class='ocrx_word' id='word_1_823' title='bbox 0 0 1950 6322; x_wconf 95' lang='lat' dir='ltr'><strong><em> </em></strong></span> 
     </span>
    </p>
   </div>
  </div>
 </body>
</html>
