3906 6056
229 222 298 277 l38'l
907 212 1009 269 emat
1026 211 1206 269 comatam
1518 247 1520 254 ,
1806 214 1866 267 tttt

227 338 363 414 gostinus]
377 339 412 394 m
430 346 494 395 nota
508 340 582 412 quod
605 339 678 396 idem
692 337 736 394 hic
750 335 826 404 dicit,
842 351 892 407 ρει
906 344 1023 392 mortem
1035 337 1064 400 Α
1074 336 1146 392 stitia
1160 337 1195 392 ita
1216 343 1242 392 ει
1256 333 1313 392 vita
1325 335 1395 392 sieut
1407 351 1458 408 per
1481 351 1566 392 unum
1576 334 1715 392 hominem
1729 343 1863 407 ρεεεειιιιιι

225 427 401 494 reconciliati,
419 444 472 502 quo
486 443 579 501 supra,
596 426 766 501 insanguine
772 423 925 495 justificati.
944 425 1022 492 Dico,
1073 425 1182 480 intravit
1195 425 1223 479 in
1234 425 1307 482 bunc
1322 426 1462 480 mundam.
1474 425 1507 481 lit
1517 439 1571 480 non
1585 431 1706 481 mutatur
1720 439 1825 480 sensus.
1836 425 1866 480 tt

223 517 292 574 salvi
306 517 419 573 erimus.
1071 519 1277 586 perpeccalam
1285 530 1368 584 mors,
1381 511 1531 589 [Ambrae]
1541 513 1618 568 idest
1629 513 1866 570 dissolntioanima

258 606 344 663 Vens.
362 607 405 660 ll.
421 635 457 646 --
472 607 552 663 «Non
568 606 762 674 solumautem,
773 603 823 659 sad
837 609 864 659 et
874 601 1023 676 gloriamur
1072 610 1099 658 et
1112 603 1238 675 corporis
1248 601 1396 660 intravitin
1407 603 1497 673 ipsum
1505 602 1602 658 Adam.
1617 604 1652 658 bt
1663 601 1866 673 itaperipsun,

225 717 237 744 s
254 693 282 751 in
297 696 355 751 Deo
378 710 427 765 per
447 694 593 752 Dominum
610 702 735 751 nostrum
755 693 848 748 lesum
873 691 1021 759 Christum,
1072 707 1147 749 mors
1156 692 1344 765 pertransivit
1360 693 1392 748 ia
1408 707 1504 749 omncs
1516 690 1644 750 homines
1656 707 1708 762 ρει
1720 691 1780 760 ejus
1794 689 1866 745 vifis-

226 805 238 832 e
259 799 309 856 ρει
322 799 403 855 quem
416 799 489 841 nnnc
508 784 755 842 reconciliationem
769 779 936 852 accepimus.
958 801 970 830 s
1072 787 1127 836 tam
1143 795 1252 836 carnem
1268 779 1388 853 genitos.

258 873 320 929 Noa
335 860 426 930 solnm
441 877 538 930 comm
552 872 620 930 salvi
629 871 742 936 erimus,
758 869 806 925 aad
816 872 844 925 at
853 869 1019 941 gloriamur,
1107 867 1209 943 [θήρ]
1223 867 1360 938 Quaeritur
1374 868 1510 942 quomodo
1523 883 1575 939 per
1589 883 1672 924 unum
1681 867 1829 936 hominem,
1843 875 1866 924 ει

221 960 279 1031 iam
294 977 343 1033 spe
366 961 399 1020 de
417 961 471 1016 hoc
492 961 565 1033 quod
592 961 692 1016 erimus
706 960 738 1016 ia
757 959 821 1022 Deo,
846 956 874 1012 id
892 965 933 1012 est
948 957 1020 1013 idem
1071 973 1127 1013 non
1140 957 1230 1030 magis
1244 973 1295 1030 ρει
1308 973 1389 1013 unam
1399 957 1554 1026 mulierem,
1562 956 1635 1014 dicat
1645 954 1794 1028 Apostolus
1808 971 1865 1027 pec·

223 1064 287 1106 cum
300 1050 359 1105 Deo
373 1049 401 1104 in
421 1049 523 1119 tuturo,
543 1064 598 1105 non
620 1065 671 1120 per
689 1054 823 1113 naturam,
848 1045 895 1101 sed
919 1062 967 1117 per
980 1045 1020 1101 di·
1071 1053 1160 1103 catum
1180 1045 1308 1102 introisse
1328 1044 1358 1103 in
1370 1045 1512 1114 mundum,
1533 1061 1595 1103 cum
1609 1061 1625 1100 a
1638 1043 1754 1102 muliere
1767 1043 1864 1100 initium

222 1137 366 1194 lectionem
387 1145 413 1192 et
433 1137 609 1208 voluntatem,
632 1137 696 1210 quia
717 1137 783 1192 nihil
803 1137 959 1210 diligemus,
977 1134 1021 1191 rel
1070 1133 1173 1206 peccati
1188 1133 1276 1203 licerit,
1293 1142 1319 1190 ει
1334 1142 1397 1191 ante
1411 1150 1428 1191 a
1443 1142 1580 1207 serpente,
1595 1135 1652 1190 sive
1662 1149 1680 1190 a
1692 1132 1814 1190 diabolo,
1830 1133 1867 1190 td

220 1225 345 1282 volemus
359 1225 411 1280 nisi
425 1226 498 1297 quod
512 1227 595 1282 Deus.
612 1227 662 1281 Vel
676 1226 828 1299 gloriemur
842 1223 1018 1297 inpraesenti,
1071 1223 1144 1295 quod
1158 1223 1275 1280 dicimus
1295 1223 1456 1295 Apostolum
1471 1223 1499 1278 ia
1513 1223 1557 1278 his
1571 1222 1775 1280 consuetudinis
1794 1221 1866 1278 ordi-

220 1329 276 1370 non
290 1314 319 1368 in
333 1313 422 1379 nobis,
448 1315 498 1370 sed
512 1315 544 1370 in
565 1317 631 1383 ileo,
652 1322 680 1370 ει
693 1317 745 1372 hoc
759 1332 814 1372 non
829 1331 880 1387 ρει
893 1329 954 1381 nos,
970 1313 1019 1368 sed
1070 1327 1132 1368 nem
1163 1312 1292 1379 tenuisse,
1318 1311 1383 1367 dam
1406 1313 1609 1370 successionem
1632 1311 1801 1384 posteritatis
1818 1311 1865 1366 hu-

220 1419 272 1475 ρει
287 1403 437 1458 Dominum
452 1406 581 1460 corbam
598 1403 694 1460 lesam
705 1403 862 1466 Christum,
872 1419 923 1478 per
937 1417 1019 1476 quem
1069 1416 1158 1456 manae
1181 1417 1242 1472 quae
1265 1408 1376 1471 peccato
1400 1409 1427 1457 ει
1440 1401 1522 1456 morti
1544 1398 1759 1458 execramenti
1774 1415 1866 1456 succa·

216 1492 280 1562 jam
299 1507 377 1546 aare
394 1491 426 1546 irs
443 1492 578 1562 presenti
597 1493 862 1550 reconciliationem
885 1492 920 1547 ad
932 1493 1019 1545 Deum
1069 1489 1135 1558 buit,
1151 1505 1206 1544 non
1221 1489 1339 1565 mulieri,
1357 1489 1406 1545 sed
1420 1489 1480 1546 viro
1491 1489 1621 1545 attribuit.
1632 1488 1801 1545 Nonenima
1812 1505 1865 1544 mn·

219 1579 390 1652 accepimus,
402 1578 448 1652 qui
461 1595 477 1633 a
491 1580 559 1649 Deo,
570 1587 700 1650 peccante
715 1582 811 1650 Adam,
828 1579 1016 1636 discessimus.
1070 1577 1138 1633 liare
1152 1577 1311 1648 posteritas,
1327 1577 1377 1633 sed
1398 1593 1432 1634 ει
1455 1577 1514 1636 viro
1528 1577 1663 1634 nominari
1683 1575 1755 1634 solet
1770 1595 1779 1632 :
1795 1585 1822 1634 ει
1834 1577 1865 1632 ob

256 1667 343 1724 Vsus.
360 1669 402 1734 ta,
421 1671 463 1722 ta.
475 1697 510 1708 -
527 1691 539 1716 ι
556 1667 705 1739 Propterea
726 1669 795 1726 sicut
809 1685 858 1741 ρει
871 1684 954 1724 unum
965 1667 1018 1722 ho·
1033 1666 1133 1755 Bhoc,
1156 1667 1278 1722 mortalis
1302 1666 1459 1737 posteritas,
1492 1675 1519 1723 et
1542 1666 1704 1738 corporalis,
1732 1665 1866 1723 successio

221 1756 352 1812 «minem
380 1765 522 1827 paccatum
544 1756 574 1810 in
600 1757 672 1812 hunc
699 1758 830 1813 mundum
858 1757 977 1826 intravit,
993 1764 1020 1812 ει
1070 1753 1130 1811 uiro
1145 1755 1246 1826 potius,
1263 1762 1391 1826 tanquam
1410 1754 1525 1824 auctori,
1548 1761 1575 1810 ει
1589 1770 1644 1811 non
1657 1753 1768 1810 mulieri
1781 1753 1865 1826 depu-

221 1861 304 1918 «ρει
330 1852 475 1916 peccatum
503 1860 588 1912 mors,
617 1852 643 1901 ει
662 1845 698 1901 ita
725 1846 753 1901 in
777 1861 872 1902 omnes
895 1845 1019 1902 homines
1068 1849 1148 1898 tatur.
1168 1843 1242 1914 (¹29)
1254 1843 1301 1900 Vel
1316 1843 1483 1916 quiamulier
1491 1843 1527 1899 tle
1537 1841 1607 1910 viro,
1622 1850 1649 1899 ει
1658 1843 1803 1916 utriusque
1817 1858 1865 1898 uua

220 1949 322 1989 «mors
336 1932 501 2005 pertransiit,
519 1932 547 1987 in
571 1949 626 2005 quo
641 1949 737 1990 ornnes
757 1941 947 2006 peccaverunt.
968 1935 1019 1990 Us·
1068 1947 1132 1988 caro
1160 1938 1212 1998 est,
1236 1939 1263 1988 ct
1286 1931 1349 1988 ideo
1371 1932 1429 1989 sire
1442 1947 1466 1987 a
1490 1931 1614 1998 muliere,
1639 1931 1697 1988 sive
1724 1931 1761 1987 ab
1784 1932 1865 1988 team

220 2041 231 2073 ι
250 2037 304 2094 que
318 2021 353 2076 ad
366 2021 458 2094 legem
471 2021 545 2076 enim
559 2028 769 2092 peccatumerat
782 2023 810 2078 in
824 2023 967 2079 mundo.»
1068 2019 1184 2087 dicatur,
1210 2027 1354 2091 utmmque
1374 2021 1408 2076 ad
1431 2019 1551 2092 primum
1571 2019 1709 2077 homiaem
1739 2021 1865 2092 pertinet.

251 2113 405 2183 Propterea
436 2111 521 2167 sicat.
551 2108 732 2183 [dmbmsius]
759 2111 833 2168 Dixit
861 2128 942 2183 supra
968 2127 1019 2182 par
1067 2108 1204 2164 Praeterea
1218 2109 1359 2164 sciendum
1374 2115 1416 2164 est
1429 2108 1572 2166 hereticos
1595 2108 1740 2182 quosdam,
1755 2108 1805 2180 qui
1819 2125 1866 2166 no-

217 2197 353 2256 Cbristum
376 2198 612 2256 reconciliatorem
642 2214 703 2255 esse
722 2199 852 2269 justitiam
875 2207 901 2256 et
923 2199 1015 2266 sitam,
1066 2196 1161 2252 minati
1189 2205 1252 2252 sunt
1278 2196 1431 2270 Pelagiani,
1466 2196 1568 2253 dixisse
1598 2204 1741 2269 peccatum
1773 2197 1866 2269 prime

216 2295 243 2343 et
259 2288 332 2360 quod
346 2287 433 2360 possit
455 2302 517 2342 asse
530 2304 583 2358 per
606 2304 678 2344 eum.
701 2289 753 2344 Per
774 2289 975 2344 similitudinem
989 2288 1017 2343 in
1067 2284 1296 2358 transgressionis
1314 2285 1342 2340 in
1361 2285 1432 2342 alios
1452 2285 1578 2341 homines
1591 2301 1645 2342 non
1660 2286 1864 2359 propagatione,

214 2375 322 2443 minori,
338 2374 367 2430 id
381 2383 422 2430 cst
436 2375 586 2446 persimile
601 2383 627 2432 ει
642 2375 733 2431 minus
752 2377 868 2448 probare
891 2376 1015 2432 intendit.
1067 2373 1116 2428 sed
1131 2373 1281 2430 mutatione
1296 2373 1438 2430 transisse.
1451 2373 1529 2430 llnde
1539 2372 1621 2430 etiam
1635 2373 1664 2427 in
1678 2373 1801 2445 paruulis
1816 2390 1865 2430 no-

196 2463 291 2520 ·Sicut
306 2463 379 2520 enim
402 2479 452 2535 per
479 2463 563 2519 Adam
592 2480 689 2535 purum
712 2464 851 2520 hominem
875 2472 1016 2536 peccatum
1065 2461 1124 2516 lunt
1144 2461 1266 2528 credere,
1288 2478 1338 2533 per
1359 2461 1524 2533 baptismum
1539 2461 1608 2518 solvi
1619 2461 1756 2535 originale
1770 2477 1864 2533 pecca·

213 2558 255 2608 cst
270 2560 297 2608 ει
323 2567 405 2620 mors,
434 2551 470 2606 ita
484 2568 535 2623 ρει
558 2553 696 2608 Christum
717 2553 854 2609 hominem
878 2560 905 2609 ει
928 2555 1016 2609 Deum
1065 2557 1122 2604 tum
1137 2550 1211 2622 quod
1224 2550 1252 2605 in
1267 2550 1443 2606 nascentibus
1465 2551 1570 2606 nullum
1588 2566 1650 2606 esse
1670 2549 1783 2606 omnino
1798 2567 1864 2608 coo·

195 2647 301 2710 'potest
315 2655 377 2696 esse
397 2639 500 2709 justitia
515 2646 541 2696 ει
564 2641 627 2696 rita.
642 2643 677 2696 Et
700 2641 764 2714 quia
779 2657 828 2713 ρει
842 2641 929 2696 Adam
947 2657 1015 2713 pec·
1065 2637 1187 2694 tendunt.
1216 2637 1271 2694 Sed
1298 2638 1321 2693 si
1355 2638 1502 2710 Apostolus
1529 2647 1670 2711 peccatum
1696 2639 1860 2706 imitationis,

212 2735 303 2783 catum
326 2734 368 2783 εει
385 2734 411 2783 ει
429 2743 514 2795 ιιιοιε,
539 2729 626 2784 multo
648 2729 739 2802 magis
757 2729 861 2799 justitia
874 2730 1014 2801 perChii-
1063 2742 1119 2783 non
1133 2726 1338 2802 propagationis
1351 2727 1467 2801 intelligi
1481 2727 1622 2796 voluisset,
1633 2727 1860 2800 ejusprindpeu,

212 2822 283 2870 stum
299 2822 390 2888 potest
414 2832 476 2872 esse
498 2816 648 2882 alvita,nt
663 2817 824 2889 quinetiam
837 2834 908 2874 unas
927 2819 1015 2875 Adam
1063 2831 1118 2872 non
1135 2814 1233 2882 Adam,
1259 2816 1308 2872 sed
1336 2815 1475 2872 diabolum
1499 2816 1588 2884 daret,
1610 2816 1646 2872 de
1670 2832 1725 2888 quo
1745 2815 1774 2872 in
1796 2816 1861 2872 libro

193 2938 196 2943 -
214 2905 338 2975 peccavit
357 2903 385 2959 in
407 2904 543 2972 omnibns,
561 2921 632 2960 unus
647 2905 771 2962 Christus
786 2906 868 2963 Filius
883 2907 933 2962 Dei
947 2923 1014 2980 pac·
1064 2903 1210 2975 Sapientia
1225 2903 1324 2960 dicitur
1341 2921 1348 2958 :
1365 2904 1474 2961 Inuidia
1487 2903 1676 2962 diabolimors
1690 2905 1813 2962 intrauit
1831 2907 1860 2961 in

210 2999 303 3050 catum
331 2992 455 3051 vinceret
476 2994 503 3048 in
521 2993 658 3049 omnibus.
693 2995 767 3066 (126)
792 2995 923 3052 Prolixius
944 3011 1013 3070 ergo
1063 2993 1156 3048 orbam
1177 2991 1861 3066 terrarum(Sop.11).lltquianonrultintelligi

210 3081 357 3153 Apostolus
372 3081 416 3138 hic
435 3082 468 3138 de
488 3082 596 3138 duobus
615 3082 770 3139 hominibus
789 3083 916 3155 disputat,
937 3084 1013 3142 scili-
1029 3054 1114 3137 choc
1129 3095 1190 3136 esse
1205 3079 1307 3136 iactum
1329 3080 1536 3153 propagatione,
1558 3080 1607 3137 sed
1621 3080 1783 3147 imitatione,
1799 3097 1860 3138 coa·

209 3177 254 3226 cet
268 3170 302 3226 do
316 3170 406 3241 primo
429 3170 528 3237 Adam,
552 3187 603 3242 ρει
627 3171 704 3241 cujus
727 3179 869 3243 peceatum
885 3179 1013 3245 tanquam
1061 3168 1136 3224 tinuo
1163 3168 1302 3238 subiunxit
1323 3167 1487 3240 Scriptura:
1504 3169 1661 3226 Imitantur
1682 3175 1782 3228 autem
1798 3188 1858 3227 cum

208 3257 387 3313 hereditariis
408 3258 488 3314 malis
513 3258 616 3330 posteri
641 3261 698 3328 eius
720 3260 833 3334 obligati
848 3277 960 3328 ειιιιιιιες
986 3269 1013 3317 ει
1061 3258 1110 3331 qni
1132 3261 1202 3314 sant
1216 3273 1253 3314 aa·
1273 3261 1355 3330 porte
1368 3258 1459 3328 ipsias
1474 3257 1582 3329 (ibid),
1598 3257 1738 3314 imitantm
1752 3259 1858 3332 quidem

188 3365 191 3372 ’
208 3345 243 3400 de
257 3347 379 3402 secundo
393 3346 491 3414 Adam,
508 3362 572 3418 quo,
588 3346 711 3403 solvente
725 3348 948 3422 pronobisquod
958 3365 1013 3404 non
1061 3344 1150 3400 Adam
1164 3353 1295 3417 quotquot
1318 3361 1367 3416 per
1389 3345 1600 3403 inobedientiam
1625 3348 1860 3420 transgrediuntur

208 3432 336 3500 debehat,
351 3449 367 3489 a
382 3433 479 3490 dabitis
508 3441 534 3490 ει
562 3436 680 3506 ρειειιιίε
707 3443 734 3490 ει
761 3436 879 3508 propriis
906 3436 1012 3493 liberati
1063 3433 1222 3489 mandatum
1246 3432 1307 3490 Dei.
1333 3433 1388 3491 Sed
1410 3433 1482 3490 aliud
1496 3442 1538 3492 est
1561 3435 1635 3509 quod
1650 3437 1808 3509 exemplum
1821 3445 1858 3494 est

209 3537 313 3576 sumus.
329 3520 397 3590 Quia
419 3537 487 3596 ergo
511 3537 561 3594 ρει
574 3522 650 3579 illum
665 3538 748 3579 unum
763 3523 887 3580 diabolus
902 3524 1013 3582 tenebat
1061 3521 1197 3578 voluntate
1220 3522 1405 3593 peccantibus,
1431 3523 1506 3580 aliud
1533 3524 1606 3597 quod
1630 3524 1709 3597 origo
1734 3533 1777 3582 eet
1799 3541 1857 3583 cum

209 3624 316 3678 omnes,
331 3625 383 3681 ρει
403 3611 462 3680 ejns
485 3610 605 3668 vitiatam
629 3627 741 3668 carnem
756 3612 1012 3684 concupiscentiali·
1060 3618 1173 3682 peceato
1196 3611 1382 3668 nascentibus.
1413 3612 1483 3669 Nam
1510 3620 1536 3670 ει
1564 3612 1702 3670 Christum
1725 3613 1860 3672 imitantur

206 3705 249 3754 ter
262 3705 419 3772 generatos,
433 3699 536 3768 iustum
552 3708 593 3756 est
607 3708 636 3756 ιιι
650 3717 700 3772 ρει
713 3702 787 3758 hunc
800 3717 883 3758 unum
898 3702 1012 3758 dimittat
1060 3699 1147 3756 macti
1174 3699 1210 3756 ed
1237 3701 1403 3773 sequendam
1429 3699 1560 3771 justitiam
1588 3702 1638 3758 sed
1663 3711 1766 3774 preater
1793 3705 1860 3761 hanc

207 3801 303 3844 omnes
326 3803 376 3860 ρει
391 3788 450 3858 ejus
473 3787 675 3845 immacalatam
701 3790 816 3864 gratiam
836 3791 1011 3862 spiritualiter
1058 3787 1247 3867 imitationem,
1266 3789 1357 3862 gratia
1382 3788 1440 3859 ejus
1453 3789 1677 3847 illuminationem
1687 3790 1860 3862 justificatio-

207 3884 396 3952 regeneratos.
418 3876 453 3932 Et
469 3877 521 3935 hoc
536 3878 666 3950 estquod
683 3881 720 3934 ait
736 3896 743 3934 :
759 3882 912 3952 Propterea
934 3883 1010 3937 sicut
1058 3892 1177 3949 nemque
1197 3884 1330 3947 nostram,
1355 3877 1435 3933 etiam
1458 3877 1623 3936 intrinsecus
1644 3888 1786 3952 operator,
1802 3897 1861 3954 quae

207 3972 260 4021 etc.
279 3965 377 4021 insiste
402 3963 509 4032 litterae,
526 3964 562 4020 ita
575 3973 604 4020 ut
617 3981 633 4021 a
647 3966 761 4035 minori,
789 3975 816 4023 ct
833 3983 850 4024 a
865 3968 947 4023 simili
961 3983 1009 4025 ra-
1058 3965 1140 4020 etiam
1164 3964 1311 4037 baptizatos
1333 3965 1459 4037 parvulos
1484 3981 1533 4023 suo
1556 3967 1650 4024 inserit
1670 3969 1792 4040 corpori,
1818 3970 1862 4042 qui

209 4052 392 4109 tiocinationis
417 4052 486 4108 ordo
510 4053 686 4121 ostendatur;
715 4055 794 4128 quasi
817 4055 890 4112 dicat
914 4072 921 4112 ι
942 4057 1008 4114 Dico
1058 4053 1182 4110 nondum
1198 4053 1288 4109 valent
1302 4053 1421 4127 aliquem
1436 4053 1546 4111 imitari.
1566 4055 1642 4114 Sicut
1655 4072 1724 4131 ergo
1738 4058 1863 4114 Christus

207 4141 281 4213 quod
296 4156 347 4211 ρει
370 4141 509 4196 Christum
523 4149 564 4197 εει
576 4142 682 4212 justitia
697 4150 722 4198 ει
733 4144 788 4200 vita
803 4163 812 4200 .·
826 4151 854 4199 ει
867 4153 1010 4216 ριοριειεε
1058 4149 1157 4214 praeler
1171 4140 1330 4199 imitationis
1349 4143 1503 4215 exemplum
1522 4143 1570 4200 dat
1588 4144 1667 4200 etiam
1685 4145 1729 4202 sui
1748 4148 1863 4218 spiritus

206 4243 256 4300 ρει
270 4228 407 4284 Christum
427 4229 529 4298 justitia
544 4238 571 4286 et
585 4231 639 4287 vita
660 4232 783 4302 procedit
798 4232 824 4286 in
840 4247 945 4300 omnes,
960 4249 1009 4305 per
1058 4229 1176 4302 aliquam
1199 4230 1410 4287 occultissimam
1430 4231 1557 4288 fidelihus
1575 4233 1702 4305 gratim.
1720 4251 1806 4307 (lum
1821 4237 1864 4292 lt·

207 4318 266 4388 ejus
284 4316 401 4389 gratiam
421 4327 609 4389 regeneratos,
628 4320 753 4390 subaudi,
770 4320 831 4393 quia
844 4337 895 4394 per
917 4338 1008 4380 anam
1058 4325 1147 4374 tenter
1161 4317 1243 4374 etiam
1266 4318 1384 4376 infundit
1408 4320 1541 4394 parvulis,
1565 4321 1605 4378 sic
1618 4329 1646 4378 et
1660 4322 1747 4378 Adam
1761 4335 1865 4395 praeter

207 4407 361 4473 hominem,
377 4405 482 4463 scilicet
495 4407 641 4478 pcrAdam
655 4423 671 4462 a
685 4423 740 4480 quo
750 4410 893 4483 propagati
903 4425 1008 4478 sumus,
1023 4405 1216 4470 Dimitationis
1240 4407 1404 4479 exemplum,
1432 4409 1539 4466 occulta
1561 4410 1641 4466 etiam
1664 4410 1728 4467 tabe
1743 4416 1864 4470 mmabs

204 4499 355 4568 paccatum
369 4493 503 4567 originale
519 4497 641 4553 latravit
654 4498 686 4553 in
702 4496 777 4554 hanc
791 4498 939 4564 mandam,
956 4515 1007 4570 pro
1058 4495 1286 4566 concupiscentie
1310 4513 1367 4554 suas
1389 4496 1534 4556 tabificavit
1556 4498 1585 4554 in
1607 4515 1638 4555 se
1650 4515 1747 4556 omnes
1762 4502 1802 4558 de
1817 4521 1864 4560 sna

208 4582 306 4639 codem
328 4591 441 4656 peccato
469 4584 609 4654 misemm,
639 4585 667 4641 id
695 4594 737 4640 est
751 4585 778 4640 in
802 4601 899 4642 omnes
920 4587 1008 4644 homi·
1058 4583 1142 4655 stirpe
1151 4591 1289 4640 venturos.
1301 4584 1380 4643 Unde
1389 4593 1464 4643 recte
1474 4586 1565 4644 subdit
1580 4605 1587 4642 ε
1602 4588 1635 4646 ln
1643 4605 1808 4662 qacoranes
1815 4608 1863 4663 pec

209 4686 269 4728 nes.
285 4671 360 4744 (tat)
371 4671 501 4728 blandum
512 4673 659 4746 appellavit
673 4673 832 4730 universnm
849 4691 936 4748 genus
953 4676 1007 4730 hu·
1056 4676 1213 4740 caverant,-
1228 4673 1307 4744 quasi
1328 4673 1402 4730 dicat
1418 4692 1425 4730 ε
1441 4675 1539 4735 mento
1560 4693 1611 4748 per
1625 4691 1689 4733 eum
1711 4677 1740 4734 in
1763 4695 1862 4736 omnes

209 4775 329 4815 manum.
358 4760 430 4816 Sicut
453 4760 526 4816 enim
550 4761 653 4818 abono
672 4761 719 4817 illo
737 4762 847 4818 homine
871 4771 942 4830 sunt,
968 4763 1008 4820 sic
1056 4775 1131 4815 mors
1146 4759 1265 4829 intravit,
1285 4761 1348 4833 quia
1369 4778 1451 4820 causa
1475 4765 1572 4821 mortis
1585 4781 1636 4837 per
1652 4765 1731 4823 25
1753 4783 1821 4824 ειιιιι
1835 4769 1861 4823 in

210 4847 246 4905 ab
261 4847 358 4906 eodem
372 4856 486 4920 peccato
508 4849 644 4906 immunes
666 4865 727 4906 esse
742 4865 797 4907 non
814 4858 938 4924 possunt,
955 4851 1008 4907 nisi
1057 4861 1154 4904 omnes
1176 4847 1295 4918 intrarit,
1318 4849 1409 4906 idest
1431 4860 1584 4922 peccatum.
1608 4853 1816 4929 [homimines]
1829 4857 1862 4911 Et

210 4935 247 4994 ab
274 4937 332 5008 ejus
360 4945 437 4992 reatu
464 4953 515 5009 par
540 4937 639 4994 Christi
666 4939 832 5012 baptismum
859 4940 1007 4997 absolvan-
1057 4936 1110 4992 hoc
1124 4943 1174 5005 est,
1190 4935 1222 4992 ia
1236 4953 1298 5010 qno,
1316 4937 1418 4995 scilicet
1432 4941 1529 5007 Adam,
1549 4949 1858 5014 omnsspeccaaeraat,

210 5033 264 5082 ιιιι.
288 5026 363 5099 (tae)
384 5027 455 5082 Ecce
470 5041 485 5080 a
499 5026 598 5082 minori
626 5027 761 5099 probarit.
784 5029 865 5086 blodo
887 5046 903 5084 a
926 5029 1007 5085 simili
1057 5032 1086 5080 ut
1099 5022 1127 5079 in
1141 5025 1265 5092 materia,
1285 5041 1340 5082 non
1354 5027 1443 5084 solum
1462 5029 1521 5099 ejus
1539 5030 1676 5102 exemplo,
1700 5039 1731 5086 ut
1748 5033 1860 5104 quidam

211 5113 285 5170 idem
308 5113 467 5170 ostendatur
486 5123 513 5170 et
534 5115 641 5190 legatur
657 5133 665 5172 ι
680 5117 750 5174 sicut
770 5118 844 5190 quod
866 5117 1008 5174 dimissum
1058 5112 1159 5170 dicunt.
1175 5115 1250 5186 (tao)
1266 5111 1369 5172 Omnes
1384 5115 1457 5173 enim
1470 5116 1509 5172 illi
1521 5134 1592 5174 unus
1605 5120 1688 5176 homo
1696 5118 1818 5190 inerant,
1834 5120 1860 5174 id

213 5201 318 5270 inerms
334 5202 413 5276 quasi
435 5202 508 5260 diam
523 5221 531 5258 s
548 5204 588 5260 lta
599 5218 650 5277 per
662 5221 747 5262 unum
761 5206 898 5263 Christum
913 5207 1009 5277 estiu-
1057 5208 1100 5258 est
1118 5201 1154 5257 ab
1167 5216 1201 5258 eo
1215 5202 1501 5277 on'gimlepeccatum
1523 5206 1662 5278 ιιειιίιιιιιε,
1677 5208 1725 5280 qui
1739 5210 1862 5266 omnium

264 5377 320 5442 tte)
339 5381 441 5444 Αιιιιιει.
453 5380 478 5431 in
489 5380 536 5432 lib.
552 5393 607 5432 xrrr.
621 5381 656 5433 Dc
669 5382 805 5435 trinitate.
1092 5376 1164 5444 (¹29)
1182 5383 1341 5448 luctatibus,
1352 5385 1387 5436 De
1398 5383 1519 5450 baptistm
1530 5385 1696 5452 parvulorum.

263 5445 321 5509 ιιι)
339 5446 387 5510 ιι,
400 5447 425 5496 ιιι
436 5447 563 5500 nnciam.
1093 5442 1163 5512 (tao)
1181 5446 1229 5512 ra,
1242 5449 1301 5501 ιιιι.

263 5511 322 5578 aaa)
342 5512 389 5573 ld„
400 5513 653 5566 inconsolabilem.
