3940 6066
183 157 253 212 tso't
614 187 624 206 a
860 143 963 204 Plfflil
981 141 1161 200 LOHBARDI
1762 148 1835 202 taos
1872 229 1881 238 .

181 287 259 334 natus
275 277 343 350 (11)).
355 275 434 334 Unde
459 275 539 334 etiarn
560 292 591 333 se
605 274 675 348 ipso,
691 272 815 331 Christus
834 271 923 328 minor
936 269 975 327 fa·
987 267 1177 332 Aedinvicenn
1192 273 1307 335 naturae,
1318 283 1410 342 neque
1423 265 1516 326 divina
1529 267 1648 326 disum
1674 284 1693 324 a
1717 270 1834 342 propria

179 375 239 424 ctus
253 373 303 433 est,
321 365 436 423 iormam
451 366 525 422 servi
539 365 686 436 accipiens,
695 361 750 419 nou
766 362 837 418 euim
854 361 980 418 sioacce·
1030 357 1211 428 simplicitate,
1228 373 1317 431 neque
1332 357 1459 426 humana,
1475 365 1520 414 aut
1534 374 1669 416 conversa
1683 357 1710 414 in
1725 359 1832 415 divini-

179 456 218 528 pit
229 455 345 512 formam
367 455 450 525 servi,
474 461 503 509 ut
517 454 646 523 abjiceret
670 453 787 508 sormam
807 450 866 519 Dei,
883 449 910 505 in
926 463 979 522 qua
1031 445 1092 516 tatis
1106 453 1243 513 naturam,
1258 455 1305 502 eut
1317 446 1346 501 in
1358 462 1414 503 non
1437 446 1609 504 existentiam
1624 447 1833 520 divisamque

179 544 292 617 equalis
308 543 388 604 Patri,
407 549 436 598 ut
450 543 478 597 iu
508 541 594 598 torma
620 540 703 610 servi,
729 548 755 596 et
783 539 810 594 iu
825 538 914 594 iorrne
928 537 979 593 Dei
1030 551 1064 590 ex
1077 534 1185 591 duabus
1198 550 1254 590 una
1268 534 1338 592 iacta
1347 543 1387 591 est
1395 535 1546 608 composita
1556 543 1655 593 natura
1664 535 1733 609 (15).
1746 536 1832 592 Chri-

180 633 253 688 idem
267 633 327 703 ipse
341 632 376 686 sit
391 629 550 702 unigenitus
570 629 662 685 Filius.
679 630 727 684 Est
737 644 805 701 ergo
820 627 871 683 Dei
894 625 979 681 Filius
1030 631 1088 678 stus
1102 640 1170 698 ergo
1183 639 1237 679 una
1251 639 1372 695 persona
1387 633 1438 693 est,
1454 624 1573 697 geminae
1595 625 1763 691 substantia,
1775 641 1832 682 nec

180 722 238 778 Deo
254 720 325 776 Patri
348 727 444 774 natura
470 717 592 791 aequalis,
607 716 700 772 babitu
723 716 832 771 minor:
848 715 875 770 iu
892 714 979 770 torma
1030 719 1119 767 tamen
1134 712 1219 782 Deus,
1236 713 1280 768 vel
1294 713 1376 769 homo
1391 728 1457 784 pars
1471 713 1552 784 hujus
1565 729 1691 784 persouae
1706 713 1760 770 diei
1774 729 1832 785 po-

183 807 256 866 enim
271 807 344 864 servi
360 823 441 880 quam
456 807 562 878 accepit
575 805 665 861 minor
679 812 721 860 est
741 805 839 870 Patre3
854 803 882 858 in
892 801 979 858 torma
1029 807 1093 856 test.
1110 801 1237 872 Alioquin
1260 801 1344 856 Filius
1372 802 1431 868 Dei,
1448 809 1595 874 antequam
1622 801 1739 858 iormam
1754 803 1832 858 ser-ri

180 896 242 965 Dei,
258 896 286 950 in
302 912 354 968 qua
364 903 424 951 eret
437 903 584 966 antequam
599 895 670 951 banc
693 893 853 964 accepisset,
867 891 998 963 aqualis·
1030 887 1190 960 suscipcret,
1207 905 1263 945 nou
1278 897 1338 946 erat
1360 897 1442 957 totus,
1459 898 1486 946 et
1508 891 1593 948 crevit
1607 905 1670 948 cum
1684 892 1768 947 homo
1781 891 1832 946 di-

181 984 317 1040 estPatri.
334 985 365 1039 ln
394 983 482 1039 locine
508 984 569 1049 Dei,
591 982 710 1039 Verbum
727 999 733 1038 ε
750 982 777 1036 in
793 981 881 1037 forma
896 979 977 1046 servi,
1029 977 1208 1047 vinitatiejus
1235 978 1353 1034 accessit
1364 981 1432 1049 (16).
1462 979 1608 1036 Sciendum
1632 987 1725 1035 tamen
1753 980 1831 1052 quod

180 1072 320 1128 iactusest
335 1089 367 1128 cx
383 1072 508 1128 muliere.
525 1073 555 1127 ln
566 1070 651 1126 torma
666 1070 722 1141 liei,
743 1069 882 1126 hominem
896 1067 975 1134 leoit;
1029 1081 1085 1121 nou
1100 1081 1209 1138 semper
1235 1065 1334 1122 iactum
1358 1083 1430 1134 esse,
1446 1067 1481 1122 ad
1505 1067 1671 1124 creationem
1697 1065 1829 1135 retertur,

183 1159 210 1215 in
224 1159 312 1217 iorrna
328 1159 411 1227 servi,
435 1159 522 1216 lactus
537 1167 579 1214 est
601 1160 692 1215 borne.
1029 1153 1099 1211 sicut
1114 1155 1152 1210 ibi
1170 1157 1315 1225 :Domina
1333 1157 1476 1228 refugiam
1489 1159 1584 1228 [octos
1596 1173 1625 1214 aa
1640 1157 1719 1214 notis
1733 1157 1829 1228 (Psoi.

216 1249 272 1320 (11)
288 1248 374 1322 Ergo,
390 1248 454 1320 quia
468 1247 556 1304 forma
575 1247 627 1303 Dei
642 1246 748 1318 accepit
762 1245 878 1302 iormam
894 1244 977 1312 servi,
1028 1243 1163 1313 cxxxix).
1180 1244 1214 1298 Et
1224 1244 1289 1300 item
1306 1261 1313 1299 :
1329 1244 1432 1301 Foetes
1446 1261 1476 1301 es
1489 1245 1597 1300 mittin
1605 1246 1726 1302 satutem
1735 1246 1830 1317 (Psoi.

180 1343 324 1409 utrumque
345 1337 430 1403 Deus,
459 1343 603 1410 utrumque
619 1336 711 1391 bomo.
738 1336 860 1390 Christus
888 1340 978 1390 tamen
1029 1333 1128 1402 extu).
1145 1333 1206 1388 Non
1221 1333 1315 1404 utique
1339 1332 1485 1390 creationis
1512 1331 1646 1402 diffinitio,
1671 1333 1714 1390 rel
1742 1333 1830 1390 editio

181 1433 223 1482 est
238 1425 312 1480 Deus
325 1432 443 1482 aeteruus
459 1433 487 1480 et
497 1442 589 1492 verus,
602 1424 737 1481 veraciter
747 1424 895 1480 secundum
911 1430 979 1478 tem·
1029 1419 1073 1474 bic
1095 1419 1261 1487 declaratur,
1279 1421 1328 1476 sed
1352 1420 1433 1476 nobis
1448 1421 1476 1474 in
1491 1419 1637 1494 refugium,
1653 1421 1697 1477 vel
1710 1421 1829 1478 salutem

182 1529 233 1585 pus
250 1521 398 1585 conceptus
408 1521 435 1570 et
449 1522 527 1568 natus
537 1531 571 1570 ex
590 1513 711 1586 Virgine.
728 1512 788 1582 illo,
803 1511 906 1568 scilicet
920 1511 979 1567 Deo
1030 1523 1092 1564 esse
1108 1508 1208 1565 dicitur
1223 1509 1295 1581 quod
1324 1508 1400 1581 prius
1423 1524 1478 1564 nou
1494 1517 1563 1565 erat.
1579 1510 1636 1582 (tt)
1662 1509 1716 1566 Sed
1740 1511 1832 1582 quaeri

180 1600 253 1660 iacto
268 1602 424 1658 naturaliter
445 1602 564 1658 hominis
579 1601 644 1670 filio,
666 1601 711 1675 qui
726 1618 796 1656 uuus
810 1609 852 1656 est
865 1607 1015 1688 natura-B
1028 1603 1119 1668 potest
1133 1611 1195 1653 curn
1217 1613 1268 1654 nos
1292 1598 1463 1654 salvatorem
1489 1607 1612 1654 nostrum
1640 1597 1830 1670 profiteamur,

181 1690 243 1745 liter
255 1691 338 1746 Filius
353 1690 403 1747 Dei
416 1691 515 1758 Petris,
534 1691 580 1764 qui
594 1690 716 1746 omniurn
741 1695 898 1745 naturarum
913 1689 979 1744 Cre·
1029 1701 1077 1740 our
1091 1686 1239 1757 Apostolus
1258 1702 1320 1742 eum
1335 1685 1435 1742 iactum
1448 1686 1531 1756 dicet,
1548 1703 1582 1742 ex
1606 1687 1711 1743 somine
1726 1687 1831 1754 Dauid,

181 1785 241 1834 ator
258 1787 285 1834 et
298 1779 430 1834 Dominus
444 1779 547 1834 creavit
561 1777 710 1852 Virginem,
723 1777 856 1833 creandus
871 1793 903 1832 ex
916 1777 978 1832 Vir·
1029 1789 1090 1829 cum
1105 1773 1179 1829 aliud
1194 1774 1228 1830 sit
1243 1773 1312 1842 lieri,
1328 1775 1401 1830 aliud
1416 1775 1502 1832 nasci,
1521 1775 1573 1845 Qui
1588 1774 1737 1832 etiamalio
1765 1776 1831 1834 loco

182 1866 257 1941 gine.
273 1867 323 1922 llic
337 1875 427 1922 autem
442 1867 516 1922 Deus
530 1867 676 1922 humanam
687 1873 809 1921 naturam
828 1866 856 1920 in
875 1865 979 1922 unitate
1029 1862 1097 1916 dixit
1113 1879 1120 1916 :
1135 1864 1253 1920 Factam
1268 1879 1306 1919 eor
1319 1865 1440 1920 11111111
1454 1863 1529 1935 (Gal.
1546 1863 1595 1936 11).
1619 1863 1728 1936 Aliquid
1743 1863 1832 1938 igitur

180 1970 306 2026 personae
323 1953 451 2026 suscepit,
468 1955 514 2027 qui
530 1971 559 2010 se
574 1955 721 2010 humilians
737 1971 788 2027 per
816 1953 979 2010 misericor·
1029 1949 1194 2021 significavit
1208 1953 1261 2008 boc
1275 1951 1358 2008 dicto.
1379 1951 1448 2020 Quia
1464 1952 1536 2008 enim
1563 1967 1619 2008 non
1640 1953 1763 2010 humano
1784 1969 1831 2008 se-

182 2042 255 2098 diam
270 2043 432 2115 incorrupoe
454 2043 574 2118 Virginis
594 2051 700 2099 uterum
723 2059 756 2098 en
771 2059 803 2099 aa
825 2043 978 2098 nasciturus
1028 2039 1102 2095 mine
1115 2047 1243 2096 concreta
1258 2049 1300 2096 est
1315 2056 1379 2096 caro
1396 2040 1506 2096 Domini
1521 2040 1549 2096 iu
1571 2049 1650 2098 utero
1664 2040 1788 2115 Virginis
1802 2050 1833 2098 et

182 2129 313 2204 implevit.
340 2131 465 2188 Formam
492 2147 570 2206 ergo,
595 2131 623 2187 id
647 2139 689 2188 est
716 2140 838 2188 naturam
853 2131 935 2200 servi,
951 2131 978 2186 in
1029 2142 1129 2200 cerpus
1144 2127 1251 2196 effecta,
1268 2130 1317 2185 sed
1331 2128 1430 2187 effectu
1445 2141 1472 2186 et
1486 2129 1586 2186 1111111
1600 2129 1717 2202 Spiritus
1726 2131 1827 2198 sancti,

182 2235 260 2276 suern
274 2219 379 2292 accepit
394 2221 468 2276 Deus
483 2221 528 2276 ille
542 2236 698 2293 personam,
715 2220 858 2276 nonenim
873 2219 978 2292 accepit
1028 2215 1090 2272 ideo
1106 2217 1251 2290 Apostolus
1266 2219 1339 2286 dicit,
1355 2217 1457 2274 lactum
1471 2234 1527 2274 non
1540 2226 1642 2275 natum.
1657 2219 1737 2275 Aliud
1753 2219 1832 2276 enirn

180 2324 326 2380 personam
340 2308 467 2379 hominis,
485 2309 535 2365 sed
560 2318 695 2366 naturam.
717 2309 840 2382 Cumque
856 2316 909 2365 tota
919 2309 991 2363 Tri·
1028 2314 1070 2361 est
1085 2307 1189 2362 semiue
1203 2307 1329 2373 admisto,
1341 2315 1368 2363 et
1381 2307 1525 2381 sanguinis
1548 2307 1665 2380 coagulo
1681 2308 1830 2381 generari3

181 2397 252 2454 nitas
276 2406 389 2470 operata
417 2397 451 2454 sit
486 2397 675 2454 formationem
709 2398 829 2469 suscepti
849 2396 977 2466 hominis,
1027 2393 1101 2449 aliud
1136 2409 1190 2452 non
1220 2396 1420 2466 permistione,
1456 2397 1506 2452 sed
1542 2396 1642 2452 virtute
1674 2397 1828 2468 procreari.

181 2487 311 2559 quoniam
335 2487 527 2559 inseparabilia
541 2495 604 2543 suut
618 2503 704 2560 opera
727 2487 886 2554 Trinitatis;
903 2487 978 2543 solus
1027 2482 1145 2538 Possunt
1171 2485 1297 2540 homines
1340 2501 1472 2558 generare
1500 2483 1570 2542 lilios
1610 2485 1745 2554 homines,
1775 2487 1828 2542 sed

179 2582 271 2632 tamen
285 2575 368 2630 Filius
384 2576 647 2647 accepithomincm,
663 2575 692 2630 id
706 2582 747 2630 est
761 2575 877 2631 fonnem
893 2575 975 2643 servi,
1027 2571 1199 2628 nonfacere.
1223 2575 1300 2640 ltem,
1317 2573 1368 2629 etsi
1396 2589 1450 2630 non
1479 2573 1634 2632 intercessit
1656 2591 1750 2632 semen
1776 2575 1829 2632 bo-

180 2662 208 2717 in
222 2662 411 2736 singularitate
429 2664 487 2720 sive
500 2663 529 2718 in
544 2663 645 2719 unitate
659 2679 862 2734 personas,uou
876 2663 904 2718 in
921 2663 979 2718 uui·
1026 2659 1107 2716 minis
1121 2660 1149 2715 in
1164 2657 1342 2732 conceptione
1366 2662 1498 2736 Virginis,
1527 2672 1628 2730 tamen,
1659 2663 1721 2737 quia
1740 2681 1774 2721 ex
1792 2681 1829 2720 ea

180 2758 235 2807 tate
264 2766 313 2806 seu
327 2751 512 2824 singularitate
526 2752 625 2808 divium
653 2760 765 2807 neturae.
781 2751 809 2808 Si
822 2759 911 2808 autem
925 2752 977 2808 ad·
1028 2763 1110 2805 cerne
1125 2749 1247 2804 Christus
1266 2749 1399 2807 formatus
1423 2760 1474 2820 est,
1503 2767 1564 2824 quae
1592 2759 1753 2808 constater
1777 2770 1827 2810 se-

181 2839 235 2896 huo
249 2840 366 2911 queris:
383 2841 445 2912 lpsa
459 2839 608 2897 incarnatio
619 2840 756 2914 quomodo
771 2839 841 2897 lacta
851 2840 976 2913 sitiunt)
1027 2837 1111 2904 mine,
1131 2845 1206 2894 reete
1221 2838 1321 2895 dicitur
1337 2839 1425 2896 iaetus
1440 2855 1473 2896 ex
1488 2840 1602 2898 semine.
1620 2839 1752 2910 Querens
1772 2856 1827 2898 au-

181 2928 272 2998 lpsum
287 2928 409 2984 Verbum
424 2928 475 2984 Dei
489 2928 551 2984 dico
571 2944 682 2986 caruem
697 2929 807 2992 laetum.
824 2928 854 2985 id
876 2935 919 2985 est
929 2929 977 2984 ho
1028 2933 1081 2981 tem
1106 2933 1197 2982 utrum
1224 2927 1323 2984 debeat
1342 2928 1395 2985 dici
1423 2937 1547 2984 creatura
1565 2971 1571 2996 ,
1587 2939 1631 2985 vet
1658 2945 1704 2985 res
1733 2939 1827 2988 creata

181 3015 280 3075 minem
295 3016 397 3074 lactum
414 3032 420 3072 :
437 3031 491 3074 nou
508 3025 599 3073 tamen
615 3017 642 3074 in
656 3017 709 3074 boc
724 3018 797 3090 quod
820 3017 919 3075 iactum
937 3026 978 3074 est
991 2983 1014 3045 G
1028 3014 1199 3086 simpliciter,
1213 3015 1305 3072 audiat
1321 3015 1502 3088 Augustinum
1513 3033 1595 3089 super
1610 3018 1663 3074 boo
1679 3018 1719 3075 ita
1731 3019 1827 3076 disse-

181 3119 342 3162 conversum
356 3113 438 3178 atque
455 3114 595 3174 mutatum,
611 3107 660 3163 sed
680 3123 763 3163 cerne
778 3115 807 3164 ut
821 3107 977 3166 carnalibus
1028 3109 1134 3160 rentem
1148 3107 1206 3176 (18)
1229 3121 1236 3159 :
1254 3105 1286 3160 ln
1304 3106 1444 3178 principio
1468 3110 1531 3162 erat
1552 3107 1667 3164 Verbum
1682 3107 1775 3178 (loon.
1793 3111 1825 3179 t),

72 3233 76 3242 ,
180 3203 517 3268 coagmenterappareret
531 3195 666 3252 indutum.
684 3198 723 3251 lte
751 3212 816 3252 sane
831 3196 930 3252 lactum
946 3205 975 3252 ut
1028 3199 1073 3248 et:
1095 3194 1210 3250 Ver-dam
1233 3208 1299 3250 coro
1313 3193 1606 3267 factumest-(idid),
1633 3205 1746 3268 propter
1772 3212 1828 3252 na-

178 3281 217 3338 ibi
232 3281 267 3338 sit
281 3299 335 3339 non
348 3291 453 3338 tantum
467 3283 588 3338 Verbum
601 3283 651 3340 Dei
666 3292 692 3339 et
706 3283 823 3339 bominis
839 3300 911 3352 caro,
928 3285 978 3341 sed
1027 3280 1158 3336 1111111111]
1186 3281 1382 3338 incarnationis
1396 3283 1455 3351 ejus
1479 3298 1539 3355 quae
1553 3282 1624 3339 satta
1638 3291 1680 3339 est
1703 3285 1732 3338 in
1756 3293 1829 3342 tem-

181 3365 263 3421 etiam
279 3366 421 3422 rationalis
435 3367 552 3422 bominis
567 3367 668 3435 anima,
684 3375 766 3440 atque
790 3370 842 3424 hoo
856 3376 941 3424 totum
951 3377 978 3424 et
1027 3384 1093 3440 pore
1108 3385 1140 3424 ox
1157 3369 1289 3443 Virgine:
1306 3378 1333 3426 et
1349 3389 1356 3427 ε
1374 3371 1643 3446 Omntopcrtpmm
1655 3375 1828 3445 [11111111

179 3454 255 3509 Deus
268 3453 373 3510 dicatur
387 3463 497 3526 propter
511 3455 609 3525 Deum,
625 3463 652 3511 et
671 3455 753 3512 bomo
765 3465 878 3529 propter
891 3457 979 3513 homi·
1027 3457 1118 3529 (idid.)
1133 3458 1228 3530 Neque
1257 3458 1323 3516 dicit
1349 3459 1441 3516 omnio
1468 3459 1521 3515 nisi
1543 3475 1604 3532 quae
1617 3459 1687 3516 iacta
1706 3469 1780 3530 suut,
1798 3463 1827 3519 id

178 3558 242 3598 nem
257 3542 324 3615 (13).
337 3545 527 3617 Agnoscamus
539 3543 620 3617 igitur
634 3544 773 3618 geminam
798 3546 976 3602 substantiam
1028 3553 1070 3602 est
1093 3560 1203 3603 omnem
1217 3554 1379 3604 creaturam.
1395 3546 1473 3606 Unde
1487 3547 1590 3620 liquido
1604 3558 1719 3621 apparet
1732 3551 1826 3622 ipsum

182 3630 301 3699 Christi;
318 3631 448 3703 divinam,
474 3632 577 3690 scilicet
592 3649 646 3705 que
659 3634 772 3706 aequalis
799 3642 841 3690 est
854 3635 933 3702 Patri,
951 3644 978 3694 et
1027 3633 1194 3692 lacturnum
1208 3651 1271 3692 esse
1285 3653 1334 3708 per
1353 3653 1434 3709 quern
1460 3635 1533 3692 lacta
1562 3645 1624 3692 sunt
1647 3638 1748 3695 omnia.
1764 3639 1827 3698 Etsi

180 3719 326 3776 humanam
348 3736 402 3794 que
427 3721 515 3792 major
543 3729 585 3778 est
607 3722 696 3778 Pater.
722 3723 872 3796 Utrumque
888 3733 977 3781 autem
1026 3723 1115 3781 iectus
1132 3739 1187 3780 non
1215 3733 1266 3794 est,
1296 3733 1417 3782 ereatura
1431 3740 1486 3783 non
1513 3733 1573 3794 est;
1588 3725 1611 3783 si
1625 3733 1715 3784 autem
1742 3744 1826 3786 crea-

181 3807 272 3880 simul,
288 3825 343 3866 nou
357 3810 421 3880 duo,
445 3811 580 3867 sedunus
603 3819 644 3868 est
658 3811 791 3880 Christus,
807 3829 842 3868 ne
857 3813 891 3869 sit
905 3829 976 3886 qua·
1027 3821 1085 3868 tura
1100 3822 1228 3884 nonest,
1245 3815 1368 3884 ejusdem
1395 3831 1458 3872 curn
1484 3815 1563 3872 Patre
1586 3815 1743 3874 substantiae
1770 3828 1826 3876 est.

181 3897 302 3968 ternitas,
319 3914 374 3954 non
388 3899 493 3955 trinitas
507 3900 590 3956 Deus.
606 3903 646 3957 Ao
660 3917 709 3972 per
722 3901 775 3958 hoc
798 3901 920 3958 Christus
935 3911 978 3959 est
1027 3901 1124 3958 Omnis
1139 3901 1211 3959 enirn
1226 3903 1375 3961 substantia
1403 3921 1464 3978 quae
1490 3919 1545 3960 uon
1568 3911 1610 3961 ost
1632 3906 1724 3973 Deus,
1746 3922 1827 3964 erea-

178 3985 265 4054 Deus,
281 3986 373 4043 emma
387 3987 524 4044 rationalis
539 3997 565 4044 et
580 3990 753 4045 caro.Tanta
768 3998 809 4047 est
823 3991 897 4046 emm
910 3993 977 4048 unio
1027 3997 1086 4046 tura
1100 4000 1159 4060 est;
1176 3999 1202 4048 et
1230 4009 1291 4064 quae
1319 4001 1444 4050 creatura
1471 4009 1526 4048 non
1547 4001 1599 4061 est,
1614 3995 1689 4050 Deos
1713 4003 1763 4051 est
1796 3997 1828 4054 Si

179 4074 322 4146 utriusque
336 4083 440 4131 naturas
455 4085 484 4131 ut
498 4083 585 4132 totum
595 4077 703 4134 dicatur
718 4079 807 4146 Deus,
824 4087 908 4136 totum
924 4081 976 4136 bo·
1027 4080 1110 4136 Filius
1125 4097 1181 4137 uon
1194 4082 1314 4152 ejusdem
1332 4082 1492 4138 substantiae
1510 4088 1552 4138 est
1580 4083 1658 4154 cujus
1671 4091 1714 4138 est
1729 4085 1822 4153 Pater,

179 4177 234 4228 mo,
252 4169 278 4217 et
292 4162 412 4217 vicissim
430 4165 504 4220 Deus
519 4165 611 4232 bomo,
626 4167 709 4222 bomo
726 4169 800 4224 Deus
811 4168 878 4240 (tt).
896 4166 978 4237 Quod
1026 4183 1092 4242 ergo
1106 4169 1174 4225 lacta
1189 4170 1341 4227 substantia
1355 4179 1416 4238 est;
1442 4170 1493 4226 etsi
1507 4170 1579 4226 iacta
1603 4169 1754 4228 substantie
1768 4183 1823 4242 est,

180 4249 204 4304 si
219 4247 328 4306 difficile
351 4250 521 4324 intelligitur,
550 4270 629 4309 mens
656 4254 709 4311 lide
738 4264 872 4329 purgetur
887 4257 976 4329 magis
1027 4273 1080 4313 non
1104 4258 1196 4314 omnia
1213 4275 1264 4330 per
1280 4260 1368 4332 ipsum
1386 4259 1454 4315 laeta
1468 4267 1541 4315 sunt.
1559 4262 1594 4314 At
1608 4261 1698 4316 omnia
1712 4277 1764 4332 per
1777 4262 1825 4335 ip·

179 4339 323 4412 magisque
339 4355 356 4395 a
369 4340 489 4411 peccatis
504 4341 677 4412 abstinendo,
693 4349 720 4398 et
735 4343 805 4400 bona
823 4345 1013 4416 operandoll
1028 4363 1088 4402 sum
1102 4347 1173 4403 lacta
1188 4355 1260 4402 sunt.
1272 4348 1352 4404 Facta
1367 4348 1451 4422 igitur
1464 4348 1617 4403 substantia
1632 4365 1687 4406 uon
1701 4357 1761 4418 est;
1775 4353 1825 4424 qni

178 4426 304 4485 Difficilis
319 4427 391 4484 enim
402 4435 464 4483 suut
478 4430 546 4486 haec.
559 4429 647 4504 [ioan.
660 4433 869 4508 Damasceuus.]
882 4436 917 4490 Ut
932 4441 975 4490 ta·
1025 4443 1127 4502 tamen,
1145 4435 1214 4492 sicut
1227 4437 1265 4492 ait
1283 4437 1442 4508 Apostolus,
1460 4436 1550 4492 lactus
1565 4444 1606 4492 est
1621 4437 1656 4502 ei,
1669 4438 1774 4494 scilieet
1787 4441 1826 4496 ad

176 4532 241 4572 men
256 4517 375 4574 breviter
389 4517 488 4585 dicam,
505 4535 560 4574 non
581 4519 653 4575 aliud
676 4518 725 4576 luit
739 4520 786 4577 illa
803 4522 853 4578 Dei
874 4523 974 4579 summi
1026 4523 1157 4579 honorem
1178 4523 1275 4589 Patris,
1307 4525 1457 4581 secuudum
1485 4539 1608 4592 earnem,
1624 4525 1740 4583 iniectus
1756 4545 1825 4586 vero

178 4604 342 4672 exinanitio,
358 4606 411 4661 uisi
426 4605 520 4664 formae
539 4607 658 4675 servilis,
681 4608 709 4664 id
734 4617 776 4664 est
804 4618 906 4668 naturae
928 4613 978 4668 hu·
1026 4613 1174 4668 secundum
1201 4613 1339 4681 deitatem,
1369 4611 1457 4668 iactus
1480 4613 1542 4670 dico
1566 4621 1593 4668 et
1606 4614 1773 4688 specialiter,
1789 4635 1826 4674 ex

178 4710 268 4750 manae
283 4695 430 4766 susceptio.
442 4696 561 4768 Utraque
572 4705 614 4754 est
622 4697 705 4772 igitur
714 4697 742 4752 iu
757 4698 865 4756 Christo
874 4699 974 4772 fornia,
1027 4701 1131 4757 semine
1159 4701 1257 4769 Dauid,
1286 4699 1398 4775 [Haim]
1426 4701 1489 4773 quia
1507 4702 1592 4758 blaria
1617 4701 1666 4758 tuit
1685 4703 1720 4760 de
1738 4705 1825 4778 stirpe

179 4782 243 4856 quio
258 4789 374 4856 utraque
388 4800 455 4840 vero
473 4792 498 4841 et
513 4785 594 4858 plena
618 4794 661 4842 est
683 4787 711 4842 in
727 4786 837 4844 Christo
851 4788 975 4845 substan·
1026 4790 1124 4860 David,
1140 4807 1173 4846 ex
1190 4791 1269 4860 cujus
1283 4790 1389 4846 semine
1407 4790 1525 4847 formata
1540 4797 1581 4847 est
1602 4807 1666 4848 caro
1678 4793 1824 4850 Dominica

177 4871 223 4929 tia.
253 4872 419 4930 luconrerse
445 4873 517 4929 enim
546 4882 573 4930 et
593 4875 798 4934 inalterabiliter
812 4877 894 4935 unitae
913 4887 976 4936 sunt
1026 4895 1111 4951 opere
1126 4877 1243 4951 Spiritus
1259 4879 1356 4948 saneti,
1372 4879 1400 4934 in
1417 4887 1496 4936 utero
1508 4879 1646 4954 virginali.
1662 4881 1717 4938 Sed
1730 4889 1825 4938 atten-

211 5049 263 5110 tto)
275 5049 434 5114 Augustinus,
449 5050 473 5101 in
485 5051 529 5102 lib.
542 5052 577 5103 lte
589 5052 641 5104 Tri.
1025 5060 1173 5123 Augustinus
1184 5061 1269 5110 contra
1281 5059 1447 5110 Maximinum.

211 5115 233 5178 (t
243 5117 266 5181 1)
280 5117 304 5168 ld
320 5155 327 5177 ,
340 5117 375 5168 lle
388 5115 435 5169 lide
448 5117 478 5168 ad
489 5119 556 5170 l‘etr.
1059 5127 1114 5191 (16)
1133 5126 1275 5178 Ambrosius
1287 5127 1311 5177 in
1325 5126 1366 5176 tib.
1380 5127 1414 5178 lle
1427 5125 1499 5178 Trin.

213 5181 269 5246 (tt)
283 5184 330 5244 tn,
342 5184 367 5234 in
380 5197 415 5249 rr,
428 5186 463 5236 Do
475 5186 544 5238 lrin.
558 5186 589 5237 de
601 5186 672 5238 ruodo
683 5187 782 5240 incarn.
1061 5191 1112 5257 (11)
1134 5193 1186 5256 ld.‚
1202 5193 1226 5243 in
1238 5193 1282 5243 lib.
1295 5193 1427 5255 Quaestion.
1451 5191 1508 5242 vet.
1534 5197 1558 5243 et
1581 5191 1644 5244 Nor.
1668 5195 1698 5244 T.
1724 5193 1764 5257 qui
1789 5193 1824 5244 ab

214 5249 269 5314 (ts)
283 5251 441 5312 testatiora,
454 5265 528 5316 super
539 5253 612 5304 toan.
1025 5259 1193 5321 ignorantibus
1207 5260 1344 5310 intitrdatur
1355 5259 1492 5322 Augustini.

213 5315 268 5378 (Η)
281 5315 327 5373 ld·
343 5317 435 5368 Belide
449 5319 601 5370 adeotmn.
1060 5327 1113 5388 (18)
1133 5327 1283 5389 Augustinus
1293 5327 1319 5378 ic
1330 5326 1370 5378 lib·
1385 5325 1502 5380 belriu.
1524 5327 1562 5378 An
1582 5326 1694 5378 01111111
1703 5326 1826 5378 duodus

211 5380 708 5452 (11111111111111111111111
732 5388 757 5440 iu
780 5389 877 5441 canino
900 5389 973 5456 iguis·
1024 5392 1189 5448 sitcreatura.
