3882 6064
144 171 198 228 tte

856 168 956 226 PETRI
971 167 1150 228 Leucatam

1741 175 1792 230 ctu

143 319 153 342 ιι
181 311 246 350 num
274 302 315 372 est
351 294 379 348 in
415 275 564 363 conspectu
603 300 758 350 sanctorum
799 299 914 349 tuorum.
935 316 945 340 ιι
963 293 1065 356 Anern
1080 294 1114 348 ad
1127 293 1308 364 precedentis
1323 301 1350 350 et
1364 293 1504 417 seguentia
1517 311 1525 362 3
1540 300 1565 350 et
1580 294 1695 350 verbum
1709 295 1799 350 ambi-

176 381 329 452 Confitetur
345 382 395 436 tihi
409 381 442 434 ia
456 382 602 436 reculam.
619 379 712 454 [hug.,
730 381 773 436 Gl.
791 379 852 450 int,
869 380 938 436 Cas-

139 469 220 535 siod,
251 467 333 540 hug]
350 468 436 523 idest
459 468 575 524 laudabo
602 475 628 524 te
652 468 680 523 in
709 467 849 534 sacculum,
872 471 939 541 quin

137 557 233 628 secuti
247 555 388 627 praedicta,
406 556 510 612 scilicet
525 556 599 628 quod
615 572 674 610 snm
688 555 769 622 oliva,
792 557 866 627 quod
881 572 939 627 spe

137 643 197 700 ravi
211 643 239 699 in
252 644 443 701 misericordia
458 643 509 700 Dei
523 644 550 698 in
560 651 702 713 aetemum,
719 649 748 700 et
758 645 936 718 exspectabo,

137 748 192 788 noa
213 749 262 788 ero
282 748 490 804 praeproperus3
523 749 626 788 nomen
653 736 742 799 tuum,
768 732 796 787 id
818 740 858 787 εει
881 748 938 787 rena

137 820 255 877 nominis
269 821 317 886 tui,
336 820 408 892 quod
424 827 466 877 εει
480 820 569 885 lesus,
586 819 690 876 scilicet
714 819 787 892 quod
802 828 867 876 tunc
881 820 938 874 sal-

138 908 232 965 vabor.
248 909 312 964 ideo
327 908 491 979 exspectabo
515 924 616 964 nomen
631 915 716 974 tuum,
740 909 873 981 quoniam
894 910 940 964 bo-

139 1013 210 1054 num
224 1001 275 1053 est.
291 996 446 1053 Iucundum
466 1004 508 1052 est
522 1012 632 1063 nomen,
650 997 699 1052 scd
720 1011 776 1051 non
798 996 850 1051 nisi
874 1013 939 1068 gus-

136 1085 222 1154 tanti;
237 1101 360 1142 amarum
375 1099 440 1141 vero
455 1093 496 1140 est
517 1085 656 1141 saeculum.
675 1085 741 1140 Dico
761 1083 863 1140 bonum
886 1093 936 1151 est,

137 1173 186 1229 sed
201 1174 232 1229 ie
247 1177 398 1246 conspectu
413 1177 577 1230 sanctorum
603 1177 727 1244 luorum,
753 1179 866 1238 tantum,
884 1189 938 1228 non

137 1261 163 1316 in
188 1269 336 1332 conspectu
360 1261 513 1332 impiorum,
535 1261 580 1334 qui
603 1276 657 1317 non
679 1267 788 1334 gustant
811 1261 937 1316 amando.

138 1406 271 1448 contario
290 1407 320 1446 ιιι
334 1406 463 1448 rsacuuxr
482 1407 508 1446 nr
526 1410 532 1446 :
550 1415 561 1440 ιι
578 1406 645 1455 outo
668 1405 824 1458 uacaturus,
849 1416 860 1440 ιι
883 1401 936 1450 ειε.

160 1498 939 1570 Vnus.l.-Quidploricririnmalittc,quipoleasesia

139 1568 940 1642 iniquitatetHieronymusetliebr.redduntpeneopposi·

991 380 1085 435 gruna
1101 365 1188 420 altero
1203 372 1230 420 et
1243 363 1328 420 altero
1344 364 1393 419 red
1413 380 1459 419 ere
1474 362 1637 436 significatu.
1654 365 1687 420 Et
1702 373 1791 420 trans·

989 434 1060 489 lator
1073 435 1108 488 ad
1121 434 1300 506 Campensem
1315 434 1421 505 accepit
1438 439 1476 500 el,
1495 450 1550 490 non
1573 450 1625 506 pro
1648 437 1713 502 lieo,
1737 437 1789 492 sed

991 521 1040 575 pro
1059 507 1183 578 pignole.
1201 506 1231 572 0,
1246 504 1342 577 inquit,
1363 506 1522 577 facinorose
1540 507 1630 578 gipes.

1024 576 1109 631 Vens.
1120 577 1145 629 l.
1159 607 1193 617 -
1203 577 1340 634 Dilexisti
1347 578 1444 631 omnia
1455 576 1786 648 uerlcproecipilallonls.

989 645 1234 717 hieronymusad
1257 647 1460 702 deuorandum.
1486 645 1549 701 Sive
1573 654 1602 701 ut
1624 645 1789 702 transierunt

988 716 1149 786 interpretes
1164 733 1215 787 pro
1230 717 1370 786 Caietano,
1384 717 1467 772 omia
1482 717 1645 787 glutitionis
1655 738 1665 784 ,·
1675 717 1788 773 Praten-

989 786 1036 850 sis,
1054 787 1251 860 depressionis,
1270 788 1393 852 sanctes,
1418 789 1514 844 omniu
1536 787 1619 843 verbo
1639 787 1786 860 dissipata.

988 858 1045 938 iti:
1060 889 1129 929 nana
1141 875 1215 945 juxta
1229 875 1314 931 Hebr.
1330 873 1466 947 significat
1486 874 1637 942 decorauit,
1663 875 1788 948 degluti-

989 945 1030 1000 vit
1046 961 1052 1000 :
1069 953 1095 1001 ει
1108 947 1153 1017 qui
1168 946 1369 1017 precipitanter
1383 945 1510 1016 loquitur,
1536 945 1612 1017 quasi
1632 946 1714 1002 verba
1736 947 1788 1002 de-

990 1023 1073 1072 vorat.
1087 1017 1152 1071 item
1162 1018 1291 1090 corripit,
1299 1016 1400 1084 diruit,
1411 1015 1545 1088 perdidit,
1558 1015 1709 1072 insecundo
1720 1033 1788 1074 con-

986 1109 1137 1182 jugatione.
1153 1110 1221 1166 hinc
1234 1095 1291 1174 uba
1306 1124 1385 1175 nana,
1410 1111 1563 1190 corruptio,
1585 1112 1786 1184 praecipitatio.

990 1180 1094 1235 Eodem
1126 1189 1182 1236 turn
1213 1181 1321 1236 demum
1350 1180 1464 1236 recurrit
1498 1179 1687 1252 intelligentia.
1719 1183 1789 1238 Nam

989 1251 1081 1306 hlatth.
1096 1265 1137 1305 ιιι
1154 1269 1160 1306 :
1177 1253 1221 1307 Ca·
1236 1251 1414 1308 abundantia
1436 1251 1527 1307 cordis
1542 1267 1571 1308 os
1597 1253 1731 1324 loquitur.
1753 1255 1788 1309 Et

990 1320 1100 1392 quando
1119 1321 1253 1393 quispiam
1276 1322 1359 1378 corde
1388 1335 1518 1392 perverso
1541 1323 1695 1379 exardescit
1724 1339 1790 1394 pro-

989 1391 1062 1447 ximo
1078 1391 1290 1459 incommodare,
1307 1407 1353 1448 ore
1370 1390 1475 1446 nelarie
1490 1408 1570 1463 quam
1583 1401 1673 1464 potest
1687 1395 1788 1466 praeci-

990 1462 1167 1534 pitantissime
1189 1463 1323 1534 expromit
1344 1461 1418 1534 quod
1442 1469 1532 1534 gestat
1554 1464 1581 1517 in
1601 1465 1686 1520 corde
1707 1465 1788 1521 mali-

990 1549 1064 1606 gno,
1087 1533 1123 1588 ad
1146 1533 1370 1590 subvertendum.
1405 1531 1495 1600 Quare
1523 1549 1586 1588 mox
1624 1536 1786 1592 subtexitur.

137 1647 193 1695 tum
210 1655 321 1695 sensum
336 1639 364 1694 in
380 1640 499 1695 secunda
514 1639 658 1708 sententia,
676 1639 710 1694 ad
726 1655 787 1694 eum
803 1641 913 1696 modum
931 1659 937 1696 :
953 1621 1095 1707 BLinfflffi
1124 1621 1218 1677 d⁰¹⁰s⁸
1232 1634 1323 1683 timim
1339 1604 1410 1708 illl5
1430 1636 1558 1677 ¹⁶⁸⁵⁰¹¹⁰N
1571 1637 1690 1690 mm·
1715 1625 1790 1696 quod

138 1710 329 1782 Hieronymus,
345 1715 445 1782 poteris
461 1711 657 1766 misericordia
674 1711 729 1774 Dei,
748 1713 808 1766 tota
829 1711 893 1778 die,
909 1720 939 1766 ut

137 1780 280 1836 exordium
307 1781 445 1852 sequentis
468 1796 575 1846 versus,
601 1779 731 1850 respiciat
766 1779 847 1835 finem
870 1799 938 1852 prae·

139 1850 272 1908 cedentis.
288 1851 427 1907 Neoterici
441 1851 659 1907 hebraicatores.
686 1848 773 1920 iigunt
795 1851 937 1908 diastolem

137 1922 165 1976 in
187 1921 321 1993 particula
342 1929 448 1992 potens.
477 1922 547 1989 Quid
570 1922 702 1993 gloriaris
727 1923 758 1974 in
782 1923 937 1988 malitiae

137 1996 237 2065 poleas
250 1997 261 2047 t
276 1992 463 2048 Misericordia
487 1992 544 2048 sive
567 1994 658 2064 pietas
677 1992 727 2048 Dei
746 2007 857 2048 mecum
876 1998 934 2058 est,

139 2062 235 2188 sulee
249 2077 299 2134 per
314 2069 397 2116 totum
412 2061 494 2116 diem.
512 2062 601 2117 Pietas
623 2067 715 2141 autem
739 2068 765 2116 et
786 2061 934 2135 iniquitas,

137 2149 183 2204 qur
217 2147 271 2188 non
287 2133 496 2204 compugnant?
514 2133 568 2188 Sed
591 2131 730 2187 serendum
753 2133 825 2202 apud
849 2135 932 2190 liebr.

139 2203 212 2259 idern
227 2203 387 2260 uocabulum
408 2214 589 2270 rannessa,
613 2209 709 2258 notare
731 2210 758 2257 et
798 2204 934 2271 letalem,

139 2283 165 2330 et
180 2275 292 2330 uilium.
309 2273 415 2330 Dehinc
428 2273 475 2329 ubi
489 2275 584 2345 legunt
597 2287 680 2341 nunc,
693 2280 756 2328 ante
777 2221 837 2331 iaso
852 2277 935 2331 verba

140 2367 199 2419 tolo
213 2364 267 2428 dic,
279 2346 317 2445 bic
331 2377 381 2428 aa,
396 2362 424 2420 id
447 2369 489 2418 est
504 2363 568 2428 liei,
594 2360 737 2418 referendo
758 2362 793 2416 ad
808 2363 935 2434 pietatem

141 2480 202 2536 quae
216 2466 404 2536 precedebat,
427 2465 503 2520 Lxx
526 2465 654 2538 legerunt
678 2467 716 2548 brt
731 2477 773 2534 sc,
797 2465 823 2520 id
847 2465 887 2522 est
901 2467 938 2521 ud

989 1716 1078 1780 potest
1093 1710 1170 1765 reddi
1186 1710 1300 1781 septimo
1327 1718 1374 1764 aut
1398 1716 1510 1765 vocante
1535 1725 1600 1766 casu
1624 1727 1659 1766 ex
1686 1713 1784 1780 Hebe„

988 1797 1051 1853 licet
1074 1799 1144 1869 apud
1159 1798 1234 1853 LXX
1245 1799 1352 1871 legatur
1365 1801 1486 1876 γλῶσσαν
1500 1798 1587 1860 δολίαν
1599 1800 1725 1872 linguam
1740 1803 1788 1858 do·

988 1875 1085 1938 losam,
1107 1881 1136 1928 ut
1161 1874 1288 1945 respiciat
1314 1878 1428 1933 verbum
1448 1880 1617 1947 praecedens
1643 1877 1785 1942 dilecisti,

986 1951 1032 1998 aut
1045 1942 1211 2016 intelligatur
1225 1945 1390 2016 praepositio,
1407 1946 1475 2007 κατὰ
1495 1965 1544 2020 per
1564 1951 1683 2018 linguam
1705 1947 1787 2004 dolo-

987 2036 1057 2088 sam,
1091 2022 1319 2094 quemadmodum
1345 2025 1372 2080 in
1396 2027 1572 2084 translatione
1596 2027 1731 2091 Romana,
1753 2027 1787 2081 ita

989 2093 1086 2162 lingua
1101 2093 1204 2149 dolosa.
1221 2095 1255 2148 Et
1269 2103 1343 2150 certe
1358 2097 1484 2155 Chaldaeo
1510 2097 1680 2169 respondens
1700 2095 1786 2154 inter-

984 2162 1099 2233 pretatio
1114 2171 1155 2218 est
1170 2179 1282 2235 prorsus
1297 2181 1359 2222 curn
1381 2177 1475 2225 nostra
1489 2165 1617 2224 lectione.

1021 2285 1105 2340 Vens.
1122 2287 1148 2340 7.
1165 2315 1199 2327 -
1213 2289 1368 2346 Praevaluit
1382 2293 1415 2347 irs
1428 2295 1559 2347 vaaatatc
1570 2307 1632 2347 suc.
1650 2291 1737 2354 llice..
1753 2293 1788 2348 ira

986 2356 1100 2412 insidiis
1114 2357 1183 2411 suis.
1199 2358 1234 2411 Et
1248 2359 1281 2414 ad
1296 2376 1359 2416 aum
1369 2362 1479 2417 modum
1495 2361 1639 2416 Nebieasis
1656 2379 1662 2416 :
1677 2362 1789 2434 Reliqui

988 2426 1089 2506 dicuat
1102 2429 1133 2481 in
1146 2429 1289 2500 pronitate
1310 2448 1371 2487 suc.
1398 2430 1567 2488 Vocabulum
1582 2442 1638 2492 ιιιιι
1661 2446 1786 2500 tranare,

986 2505 1061 2565 Juxta
1077 2496 1256 2554 Hebraeorum
1277 2501 1457 2568 traditionem,
1485 2501 1620 2575 significat
1642 2507 1790 2574 corrupte-

142 2563 219 2636 quasi
233 2562 318 2634 dicas,
342 2564 379 2618 ad
403 2567 493 2620 totum
516 2564 601 2630 diem
625 2553 709 2622 alias‘
726 2567 785 2619 loto
806 2565 860 2620 die.
887 2565 939 2621 Ubi
991 2568 1049 2621 lam
1064 2574 1091 2621 et
1107 2569 1288 2640 pravitatem,
1297 2587 1330 2629 ac
1339 2575 1481 2630 malitiam
1492 2574 1583 2630 cordis
1593 2581 1619 2629 ει
1627 2573 1727 2646 operia.
1744 2574 1789 2628 ad

141 2633 216 2690 naalia
230 2641 272 2688 est
284 2633 468 2704 discrepantia
483 2649 595 2704 prorsus
609 2633 637 2687 in
662 2633 767 2692 litteris.
793 2633 940 2708 iunctulus
990 2652 1100 2692 sensum
1129 2640 1206 2710 parti
1230 2640 1323 2699 refert.
1358 2644 1502 2700 Chaldaeus
1529 2652 1618 2700 autem
1649 2642 1722 2712 dicit,
1755 2646 1789 2699 in

140 2710 167 2758 et
178 2702 201 2757 is
216 2702 311 2758 tertius
326 2702 480 2758 distantiam
504 2701 576 2758 iacit.
599 2705 633 2758 Et
655 2707 690 2761 ob
715 2705 817 2763 vanam
841 2704 938 2760 lectio·
987 2709 1110 2779 pecunia
1134 2727 1205 2778 suu,·
1222 2711 1249 2765 in
1272 2728 1352 2785 quam
1381 2729 1494 2786 sperare
1525 2730 1604 2786 quarn
1634 2715 1792 2770 vanumsit

141 2787 341 2844 nem,necesse
355 2781 413 2829 erat
428 2773 499 2830 hanc
522 2782 566 2828 aut
584 2775 659 2832 illam
682 2775 759 2849 sequi
783 2775 937 2831 distinotio—
989 2777 1068 2834 docet
1081 2783 1269 2852 euangelium.

753 2937 1039 3046 PSALMUS
1077 2943 1177 3045 Lll.

141 3155 239 3199 asam
257 3157 389 3201 cnutus:
402 3163 413 3196 ι
426 3159 456 3199 ιιι
471 3159 557 3200 ernau
571 3157 756 3199 rxrcnnnerus
771 3156 868 3210 oavro,
885 3158 938 3198 rao
953 3142 1093 3207 Cscilieet
1118 3149 1293 3219 parturiente,
1317 3154 1373 3228 agit
1394 3156 1440 3214 hic
1475 3158 1610 3231 Propheta
1633 3157 1667 3212 de
1688 3154 1787 3222 malis,

336 3247 474 3298 sumnus,
489 3235 533 3290 eal
549 3248 602 3288 rao
617 3247 760 3290 nascere.
783 3255 794 3282 ι
989 3233 1118 3291 minando
1132 3235 1185 3292 illis
1200 3246 1227 3293 et
1241 3239 1416 3313 increpando,
1442 3245 1512 3302 inter
1535 3262 1604 3318 quos
1626 3243 1712 3319 gemit
1725 3258 1790 3316 par-

177 3340 258 3394 men
273 3339 423 3412 impiam,
444 3338 940 3408 Titulus,1nfimmsngenecmpa.
989 3323 1102 3378 auriens.
1118 3324 1152 3380 Et
1176 3333 1217 3382 εει
1242 3343 1356 3400 εειιειιε;
1381 3333 1425 3389 hic
1448 3343 1498 3400 est,
1523 3333 1676 3390 intellectus
1699 3331 1790 3387 David

140 3427 246 3500 capro
259 3428 406 3484 amalech.
425 3427 531 3482 auaro
547 3415 940 3500 negumregaur'quoanana
989 3411 1130 3481 propheta
1146 3413 1378 3489 laudensinde
1402 3421 1511 3478 habitus
1535 3438 1585 3494 uro
1608 3420 1735 3486 hasten,
1761 3419 1790 3475 id

140 3515 249 3588 fugiens
269 3530 286 3572 a
309 3514 379 3572 iacie
404 3515 467 3571 Saul
490 3515 555 3570 abiit
576 3531 636 3570 cum
661 3516 796 3572 sexcentis
817 3515 884 3571 uiris
906 3516 940 3570 ad
990 3507 1031 3552 0⁵¹
1046 3517 1096 3572 9¹¹⁰
1111 3505 1288 3573 Ρὸΐῑῦΐῑθῃῑθι
1306 3507 1349 3563 iel
1364 3509 1484 3578 (Ῐθῑθῦῑθι
1500 3527 1560 3584 (11¹ae
1575 3517 1615 3567 0⁵1
1633 3507 1788 3575 ·E⁰⁰¹⁰Sl³»

140 3602 223 3660 hahis
237 3619 332 3676 regem
348 3603 429 3672 Geth,
448 3604 495 3676 qui
509 3604 583 3660 dedit
598 3603 623 3659 ei
638 3603 775 3660 civitatem
799 3603 939 3671 sicelech,
989 3610 1039 3666 pro
1054 3609 1108 3666 qut
1119 3593 1296 3665 increpantur
1316 3597 1361 3653 hic
1379 3599 1505 3654 homines
1524 3599 1594 3655 inter
1617 3615 1672 3671 quo
1693 3597 1788 3671 gemit.

140 3707 222 3763 quarn
256 3691 342 3749 David
364 3692 476 3748 absente
509 3691 684 3749 Amalechitae
715 3691 889 3760 invaserunt,
914 3699 941 3747 et
989 3683 1022 3739 ΕΙ
1037 3683 1185 3738 noandum
1201 3684 1274 3755 quod
1290 3701 1370 3756 supra
1385 3686 1457 3742 idem
1471 3687 1594 3760 psalmus
1608 3695 1738 3761 quantum
1754 3685 1789 3740 ad

141 3779 353 3850 succenderunt,
382 3780 504 3852 captivas
537 3796 644 3854 qnoque
677 3779 812 3836 duxerunt
841 3795 941 3837 uxores
991 3765 1133 3822 Vitbtlfflm
1149 3764 1323 3837 supelflssiem
1336 3773 1486 3840 Plaessesssil·
1503 3771 1556 3828 Sed
1572 3769 1662 3826 differt
1676 3770 1710 3825 ab
1725 3769 1789 3836 i⁸¹0,

141 3870 208 3939 ejus,
224 3877 252 3925 er
266 3869 391 3935 aliorum,
408 3875 434 3925 er
449 3867 519 3925 filios
532 3877 559 3926 er
574 3868 654 3924 filias,
679 3869 759 3938 Quod
778 3885 839 3925 cum
862 3883 940 3926 πρε.
991 3862 1043 3909 tam
1059 3854 1137 3909 titulo
1152 3869 1234 3927 quam
1249 3856 1374 3923 materia,
1397 3858 1461 3930 quia
1483 3857 1520 3913 ibi
1544 3859 1579 3915 de
1602 3857 1790 3915 incarnatione

141 3958 228 4029 pisset
248 3957 346 4024 David,
367 3965 507 4014 revertens
530 3956 564 4013 de
588 3957 711 4014 exercitu
736 3957 810 4029 regis
838 3957 938 4024 dehis,
991 3942 1179 4009 D⁰mi¹1i3hi⁰
1197 3943 1231 3998 de
1265 3944 1381 4000 adventu
1411 3945 1506 4015 ludissfi
1540 3947 1638 4018 igilur·
1674 3946 1790 4002 Ῑῦῑθΰῑῑῦ

141 4047 281 4104 insecutus
295 4053 337 4102 est
345 4061 393 4101 eos
401 4053 483 4118 atque
493 4046 639 4117 percussit,
656 4045 834 4118 reduxitque,
850 4045 942 4101 omnia
991 4031 1134 4102 PFOPheldi
1151 4038 1194 4086 0⁵¹
1217 4031 1367 4088 Essclesiflm
1391 4042 1484 4090 00nlr³
1507 4035 1595 4091 malos
1618 4035 1748 4092 roborare
1764 4043 1793 4091 et

142 4151 202 4206 qnae
217 4141 365 4204 rapuerant
379 4135 404 4204 (l
416 4137 479 4205 Περ.
496 4149 578 4189 xxrrr
593 4135 676 4204 xxx).
695 4133 801 4206 mem„
823 4134 940 4200 Aleum„
991 4117 1138 4190 consolari,
1155 4135 1216 4191 quae
1230 4121 1379 4177 consolatio
1394 4123 1421 4177 in
1436 4121 1490 4179 line
1503 4121 1601 4194 psalmi
1624 4122 1786 4178 ostenditur.

142 4224 225 4294 Aug„
248 4221 384 4290 Cassiod„
415 4223 498 4292 Aug„
529 4221 666 4294 cassiod]
699 4223 775 4279 Hanc
802 4223 942 4279 historiam
991 4208 1088 4264 Modus
1102 4207 1251 4279 tripartitus
1280 4211 1466 4282 estpsalmus.
1483 4211 1572 4266 Prima
1595 4227 1661 4282 pars
1684 4218 1726 4266 εει
1749 4211 1790 4264 in-

144 4310 230 4384 tangit
243 4309 294 4366 iste
309 4309 409 4364 titulus.
434 4309 609 4366 amalechitae
633 4326 709 4377 vero,
737 4311 783 4383 qui
806 4311 942 4382 interpre-
991 4296 1114 4366 crepatio
1129 4295 1271 4352 mimium·
1291 4297 1425 4364 Secunda,
1442 4299 1618 4355 fflmmiflllill
1632 4315 1682 4370 per
1696 4299 1788 4366 finem,

142 4405 235 4455 tantur
245 4399 366 4473 popolus
378 4399 487 4471 lingens
499 4403 617 4465 terram,
636 4397 791 4471 significant
810 4401 943 4456 Antichri·
992 4384 1039 4450 ibi,
1056 4401 1160 4441 imme·
1177 4385 1276 4454 Telll⁰s
1294 4385 1358 4442 (filil
1377 4387 1450 4460 quod
1465 4386 1540 4443 ⁵³¹³ss
1555 4389 1589 4443 Sil
1608 4388 1788 4459 Ρθΐῑῑῑῐὶθῐῑῑί.

145 4496 256 4544 sternet
279 4502 353 4555 suos,
369 4495 480 4544 terrena
503 4495 639 4558 amantea,
665 4488 711 4560 qui
731 4489 759 4543 in
779 4488 833 4544 tine
848 4489 941 4544 mundi
956 4473 1046 4558 Diffi»
1061 4475 1123 4546 ill&
1133 4472 1220 4529 dam·
1238 4473 1329 4530 Pliffl⁰
1345 4491 1412 4548 ΗΕΘ
1427 4475 1573 4548 increpans
1587 4476 1676 4532 m⁸¹0⁸
1690 4485 1716 4532 θῑ
1739 4475 1789 4531 lm·

143 4590 195 4647 pro
209 4573 310 4632 uiribus
335 4574 451 4629 vastabit
473 4573 627 4631 ecclesiam.
654 4575 708 4630 Sed
734 4575 828 4645 David,
854 4575 881 4630 id
900 4585 942 4630 εει
991 4576 1151 4633 imperans·
1169 4562 1226 4616 ait:

143 4663 277 4731 Christus,
293 4677 357 4718 uere
368 4678 450 4719 manu
465 4662 554 4730 tortis,
577 4663 702 4720 eamdem
724 4662 850 4719 liberabit
878 4679 940 4736 per-

143 4751 231 4810 cussis
250 4750 437 4818 amalechitis,
461 4751 490 4808 id
514 4760 556 4808 est
578 4751 740 4808 Antichristo
767 4759 793 4808 et
815 4751 878 4807 suis.
908 4753 942 4808 Et

142 4849 185 4898 est
206 4855 313 4906 sensus,
336 4839 380 4896 bio
403 4847 454 4896 est.
480 4841 645 4897 Intellectus
672 4841 758 4896 Dauid
784 4841 939 4911 prophete,

144 4928 265 5001 dirigens
280 4943 331 4984 nos
353 4929 384 4984 ia
398 4929 495 4997 finem,
521 4927 548 4983 id
572 4937 613 4983 est
637 4928 665 4984 in
688 4928 835 4995 Christum,
860 4946 940 5002 quern

143 5017 236 5074 habuit
247 5017 449 5090 protmctect,
465 5017 493 5072 id
504 5024 544 5072 est
554 5018 589 5072 de
599 5018 783 5086 amalechitis,
796 5017 842 5090 qui
856 5025 941 5072 vasta·

143 5113 239 5162 uerunt
254 5105 405 5172 Sichelech,
422 5121 472 5176 per
487 5121 556 5178 quos
577 5104 710 5162 intellexit
721 5107 845 5162 membra
868 5108 941 5162 dnti-

142 5193 237 5250 christi
258 5194 409 5250 Ecclesiam
432 5200 578 5262 vastatura,
606 5211 667 5267 que
690 5194 732 5250 hie
756 5193 937 5251 confutantur.

142 5281 193 5338 Vel
202 5283 353 5337 secundum
362 5281 444 5338 aliam
454 5281 579 5348 litteram,
592 5298 671 5354 quam
685 5283 761 5354 ponit
775 5285 858 5355 Aug„
870 5284 939 5341 scili·

142 5377 185 5427 cet
200 5386 249 5440 pro
274 5371 404 5426 llaelclh.
433 5370 548 5426 hiaeleth
571 5386 637 5426 vero
667 5371 860 5443 interpretatur
888 5373 938 5429 do-

145 5460 215 5524 lens,
232 5456 276 5514 rel
289 5459 473 5530 parturiens:
490 5466 518 5514 ει
532 5457 666 5531 significat
689 5459 852 5526 Ecclesiam,
878 5477 937 5534 quaa

142 5547 215 5604 dolet
243 5545 389 5620 refrigente
414 5547 542 5603 charitate
565 5548 729 5612 multorum,
755 5556 780 5604 ει
804 5549 935 5622 parturit,

142 5637 230 5694 donec
244 5633 366 5694 Christus
382 5635 514 5691 formetur
526 5635 553 5690 in
569 5635 623 5692 illis
638 5637 712 5706 (Gal.
739 5637 788 5703 tv).
807 5638 859 5693 Pro
874 5637 934 5705 hac,

1029 4706 1113 4759 Vsus.
1132 4709 1156 4759 t.
1173 4733 1207 4744 -
1218 4727 1228 4751 ι
1242 4705 1314 4760 Dixit
1324 4707 1456 4779 insipiens
1466 4708 1493 4762 in
1504 4705 1588 4764 corde
1599 4721 1648 4762 suo
1660 4723 1666 4760 ε
1676 4705 1737 4762 Non
1748 4714 1788 4761 est

995 4815 1006 4845 ι
1024 4795 1107 4850 Deus.
1127 4817 1138 4840 ι

1027 4929 1266 5003 Dicitiasipieas.
1284 4928 1378 5002 [hug.,
1403 4928 1538 4996 Cassiod,
1563 4931 1646 5003 Aug,
1671 4930 1787 4996 dicuin,

991 5017 1074 5090 hug]
1090 5019 1163 5074 inter
1178 5019 1229 5074 hoc
1245 5016 1404 5090 insipientes
1430 5016 1579 5074 dolendum
1589 5027 1639 5086 est,
1650 5017 1789 5076 licetenim

991 5105 1164 5178 singulariter
1197 5107 1322 5172 dicatur,
1349 5114 1439 5162 tamen
1466 5107 1560 5178 plures
1592 5106 1787 5180 intelliguntur.

990 5195 1140 5266 Incipiens.
1156 5195 1241 5268 Ergo,
1259 5195 1286 5250 id
1303 5202 1344 5248 est
1360 5194 1448 5268 omnis
1462 5193 1509 5267 qui
1523 5196 1593 5252 male
1609 5196 1683 5264 vivit,
1699 5196 1784 5260 dixit,

990 5282 1051 5354 qnia
1066 5283 1140 5338 Deus
1165 5283 1254 5350 audit,
1271 5283 1321 5340 etsi
1337 5299 1392 5338 non
1407 5284 1499 5354 homo,
1524 5291 1554 5339 ut
1575 5285 1648 5356 qnod
1672 5283 1787 5349 dicitur,

989 5371 1097 5426 auditur
1108 5373 1290 5438 iacordesao,
1302 5379 1329 5426 ει
1338 5372 1360 5426 si
1370 5387 1436 5427 aare
1447 5387 1501 5428 non
1511 5371 1601 5428 audet.
1614 5372 1685 5443 Quid
1699 5371 1765 5426 dixit
1778 5377 1789 5427 t

989 5460 1194 5517 Noaestllcus.
1218 5460 1269 5530 Qui
1293 5460 1364 5516 enim
1388 5469 1464 5532 putat
1487 5461 1546 5517 Deo
1567 5461 1675 5532 placere
1698 5459 1787 5523 mala,

988 5563 1043 5602 non
1058 5557 1210 5621 cumputat
1226 5565 1287 5605 asse
1301 5549 1399 5606 Deum.
1417 5549 1467 5606 Vel
1482 5549 1528 5622 qui
1542 5547 1608 5605 dicit
1624 5565 1686 5606 eum
1700 5549 1787 5604 omni-

989 5635 1040 5692 bus
1054 5653 1163 5708 pacere.
1180 5638 1254 5696 Idem
1268 5652 1386 5710 namque
1407 5637 1465 5696 Deo
1487 5645 1529 5697 cst
1552 5653 1614 5696 esse
1639 5637 1734 5702 Deum,
1760 5647 1785 5691 er
