3946 6070
144 211 213 274 lits
544 231 826 298 continuatarum
853 243 891 299 IN
913 245 1082 307 rsttttos.
1099 283 1133 294 -
1148 257 1242 315 PSAL.
1259 262 1381 323 cxv111.

144 341 228 415 top]
244 343 371 402 Mandata
385 349 413 403 in
424 351 554 423 jubendo,
571 359 725 418 testimonia
738 363 765 419 in
773 367 981 436 prohibendoA
996 375 1169 450 propinquet.
1187 382 1220 438 Et
1234 384 1257 439 ai
1271 403 1325 443 non
1341 407 1403 464 ego,
1420 399 1493 469 quod
1506 401 1788 480 dicereperseotorum

144 429 248 500 accipe,
264 432 313 488 Vel
328 437 469 508 mandata,
485 455 630 517 precepta,
657 451 819 521 testimonia,
837 466 941 530 marty·
993 471 1043 530 est,
1075 466 1178 524 scilicet
1206 477 1425 550 appropinquare
1453 488 1521 546 Deo.
1544 493 1708 567 Deprecatio
1729 505 1790 565 dico

142 515 195 572 ria.
211 519 322 576 Etnota
351 527 424 596 quod
454 534 641 601 supradixerat
656 541 782 598 mandata
810 543 901 612 dilexi,
916 555 942 604 ει
991 549 1060 608 iacta
1074 555 1106 610 in
1120 565 1273 631 conspecto
1289 568 1337 622 tuo
1352 567 1446 644 [Aug.,
1468 578 1586 657 ambul.
1604 584 1810 654 Quaeestifla'

141 613 213 676 post,
230 609 384 667 testimonia
412 619 559 688 custodivi,
585 629 611 678 ει
634 624 735 695 dilexi;
762 647 832 687 nunc
861 633 942 692 simul
991 639 1169 712 deprecatio?
1194 647 1245 703 ista
1270 652 1307 708 do
1335 657 1407 715 milii
1429 662 1610 728 intellectum
1625 679 1717 748 juxta
1731 685 1785 742 elo-

141 701 258 767 utraque
285 701 379 770 ponit,
402 712 432 758 ut
456 714 572 781 utraque
595 715 729 772 custodita
753 719 848 787 scires,
879 739 940 782 oum
991 731 1089 800 quium
1107 735 1199 801 tuom,
1218 737 1244 791 id
1261 749 1302 795 est
1315 747 1482 812 promissum
1507 763 1597 830 tuum,
1614 765 1678 834 quia
1695 769 1786 828 dixisti

139 781 187 852 ait,
203 787 309 843 servavi
321 792 450 848 mandata
464 803 510 852 tua
525 806 551 854 ει
563 802 716 861 testimonia
732 814 784 864 tua.
805 808 858 880 Qui
868 812 940 868 enim
991 831 1075 887 supra
1092 837 1098 874 :
1115 822 1285 882 Intellectum
1304 831 1352 886 tibi
1377 836 1459 895 dabo.
1473 841 1533 910 Vel,
1562 848 1699 921 eloquium
1723 858 1787 916 dicit

140 869 229 944 diligit
256 873 317 946 ipsa
344 881 477 938 veraciter
499 893 525 940 et
545 887 661 946 libenter
674 904 772 963 servat,
800 899 857 966 sed,
876 901 940 972 quia
990 903 1079 976 legem
1091 909 1149 966 Dei.
1166 913 1247 970 Etest
1264 935 1270 971 :
1287 919 1403 980 Damibi
1414 926 1589 1004 incensorum,
1602 946 1783 1017 quosapiam,

139 960 222 1016 modo
243 961 345 1022 inimici
365 977 428 1025 sunt
442 973 518 1044 mali,
534 985 626 1033 contra
655 997 723 1053 quos
742 985 850 1042 fortiter
876 1000 940 1046 sunt
986 992 1063 1061 juxta
1085 996 1223 1072 eloquium
1244 1011 1327 1063 tuum.
1353 1013 1433 1071 Juxta
1460 1020 1598 1094 eloquium
1612 1029 1664 1086 Dei
1677 1034 1744 1104 petit
1758 1045 1786 1093 ut

138 1051 316 1108 custodienda
332 1057 496 1126 testimonia,
513 1066 586 1135 quod
599 1065 662 1123 lecit
680 1079 794 1144 utraque
810 1092 936 1149 servans,
989 1082 1085 1155 sapiat,
1101 1103 1135 1142 ne
1149 1105 1200 1160 per
1221 1093 1367 1154 humanam
1381 1105 1554 1173 prudentiam
1577 1131 1731 1181 evanescet.

139 1139 197 1192 beo
212 1139 306 1196 tribuit
319 1142 414 1202 dicens
431 1165 437 1202 :
457 1151 527 1219 Quin
541 1170 638 1211 omncs
648 1159 707 1229 oio,
720 1169 773 1218 etc.
790 1161 875 1234 Quasi
891 1168 936 1223 di-

137 1231 183 1281 cat
195 1243 202 1280 :
215 1227 266 1283 Per
280 1229 333 1287 hoc
346 1235 423 1303 notui
439 1241 585 1307 custodire,
602 1245 666 1316 quia
690 1263 785 1306 omnes
803 1252 853 1308 viae
869 1272 938 1312 meoe
990 1316 1002 1340 u
1020 1207 1116 1353 Exn
1127 1215 1418 1371 Zfflsogffi-(Juffifg
1438 1235 1659 1379 pi⁰u⁵1tnu15t¹⁰m⁰ff
1673 1263 1701 1302 ¹¹¹
1716 1265 1785 1307 ‘³⁰¹¹'

138 1316 248 1370 suntin
268 1327 421 1392 conspectu
437 1329 493 1392 too,
523 1328 617 1398 idest,
634 1333 784 1406 quialleus
808 1341 937 1414 dignatus
1034 1313 1052 1366 p
1161 1345 1195 1418 ,’
1420 1335 1456 1390 qu
1538 1343 1782 1454 uumffll'fflest

136 1408 178 1456 est
192 1401 344 1474 intendere,
362 1411 407 1481 qui
422 1411 561 1482 illuminat,
583 1427 610 1475 et
634 1438 743 1482 errores
758 1426 842 1499 fugat.
858 1429 938 1500 Quod
1024 1403 1116 1460 Imm
1132 1415 1213 1464 emm
1229 1413 1264 1467 ad
1280 1422 1306 1470 ²⁰
1316 1424 1472 1522 1103111111ἠο
1484 1447 1548 1488 meo
1561 1433 1632 1536 satta
1651 1455 1683 1496 m
1712 1461 1782 1545 corr-

135 1489 159 1544 si
173 1489 272 1547 taciem
287 1497 440 1566 avertisset,
470 1501 565 1562 fierem
580 1510 713 1579 turbatus,
734 1531 827 1572 necea
841 1527 936 1577 custo·
987 1495 1087 1596 ‘pm
1112 1497 1169 1602 ξω·
1189 1499 1313 1606 ,Umbra
1329 1508 1448 1619 ΜΨ]
1482 1517 1620 1580 Gffldflllffl
1649 1534 1782 1591 flsscssssdtl·

135 1575 631 1658 direm[lmbr.].1deoatt:omnes
658 1600 710 1657 viae
726 1619 794 1660 meae
818 1616 880 1662 sunt
909 1609 936 1666 in
988 1585 1066 1642 Pf¹¹¹⁸
1081 1605 1154 1647 emm
1169 1595 1277 1654 dmm
1305 1617 1521 1684 ⁸PP¹0P¹sstltlelt
1539 1618 1583 1677 hic
1597 1623 1672 1694 dicit,
1689 1627 1781 1701 intret,

136 1678 285 1740 conspectu
315 1679 369 1740 too,
395 1678 456 1748 quia
484 1681 562 1738 aliter
586 1687 659 1742 nulla
674 1689 716 1745 via
729 1691 799 1748 bona
815 1704 865 1766 εει,
882 1697 935 1754 nisi
988 1676 1061 1746 q¹¹⁰d
1076 1679 1136 1749 9¹⁰⁵
1159 1692 1210 1740 ‘³⁵‘-
1234 1687 1307 1746 Εῦθθ
1335 1697 1467 1755 milonis
1497 1705 1589 1766 virtus.
1603 1711 1675 1770 Nota
1701 1719 1781 1777 etiam

1721 289 1789 348 tiso

134 1769 217 1825 qaam
232 1759 305 1816 Deus
329 1761 469 1822 illuminat.

401 1902 536 1946 contario
550 1907 581 1950 IN
596 1906 623 1956 W
638 1912 685 1954 SIN

169 1983 256 2040 Varis.
273 1989 289 2040 b
305 1989 389 2060 (166).
406 2021 441 2034 -
467 1997 601 2056 liundoto
629 2008 681 2061 too
705 2008 805 2066 dilexi.
823 2011 930 2070 Hebraei

133 2062 219 2118 ιιιιιιι
232 2071 342 2128 asnar,
354 2062 406 2118 hoc
422 2073 464 2119 est
478 2071 545 2138 sesi.
562 2073 643 2144 Atqui
661 2079 787 2134 mandata
802 2083 852 2138 Dei
862 2101 930 2155 pro-

134 2123 180 2178 cul
194 2124 278 2184 dubio
292 2145 325 2184 ex
340 2133 470 2191 charitate
485 2135 665 2200 deridebant.
683 2147 761 2205 Rom.
778 2167 830 2207 xrn
847 2173 854 2209 :
870 2157 932 2213 Plc-

132 2195 236 2252 nitudo
252 2199 321 2270 lepis
331 2207 374 2258 est
388 2205 512 2264 dilectio.
529 2212 563 2267 Ut
589 2215 713 2290 quisquis
736 2224 865 2280 mandata
879 2226 929 2283 Dei

132 2262 281 2324 efficaciter
295 2271 428 2344 dilexerit,
451 2279 508 2348 jam
522 2297 555 2336 ea
570 2283 643 2342 iecit.

434 2413 456 2462 n
471 2418 546 2460 ratu
561 2407 646 2480 (179).

166 2505 379 2583 Appropt'rrpuet
409 2513 557 2594 [Cassiod]
584 2522 637 2592 Qui
659 2543 743 2599 supra
771 2541 862 2606 gratas
876 2537 928 2593 sibi

986 1765 1060 1834 quod
1073 1767 1229 1839 deprecatio
1244 1777 1288 1834 bic
1302 1789 1344 1836 est
1358 1783 1393 1840 de
1408 1788 1568 1852 adhibendis
1583 1799 1672 1872 bonis,
1683 1815 1781 1876 postu-

981 1849 1045 1908 latio
1061 1855 1095 1912 de
1109 1865 1284 1921 removendis
1298 1870 1388 1927 malis.
1401 1875 1478 1935 Unde
1493 1883 1585 1942 subdit
1601 1905 1607 1944 :
1623 1897 1780 1956 secundam

982 1941 1123 2015 eloquium
1148 1952 1239 2020 tuum,
1257 1954 1374 2031 [Ambr.,
1393 1965 1477 2040 lup]
1493 1969 1521 2026 id
1549 1983 1599 2045 est,
1615 1982 1779 2050 promissum

981 2031 1059 2102 eripe
1068 2050 1125 2091 mc.
1138 2037 1229 2096 Grave
1243 2051 1284 2100 εει
1298 2047 1371 2103 enim
1386 2055 1479 2112 ondin
1488 2058 1586 2120 luctari
1600 2066 1653 2126 liic.
1667 2071 1716 2129 Vel
1727 2076 1780 2134 elo

982 2118 1075 2188 quium
1102 2123 1167 2180 dicit
1194 2128 1284 2200 legem
1311 2135 1371 2195 Dei.
1387 2140 1423 2196 Et
1450 2154 1500 2217 est,
1518 2151 1593 2224 eripe
1616 2173 1670 2227 me,
1687 2162 1778 2222 alabc

981 2207 1070 2264 earnis
1080 2211 1194 2282 scilicet,
1206 2223 1355 2280 secundum
1365 2229 1502 2303 eloquium
1515 2237 1634 2301 225
1647 2253 1731 2318 tuum,
1747 2253 1776 2310 id

981 2303 1023 2350 εει
1032 2313 1083 2368 per
1111 2301 1220 2374 eloquia
1235 2315 1288 2365 tuae
1303 2311 1382 2386 legis.
1399 2317 1547 2399 [Cassiod]
1561 2330 1632 2388 Nota
1650 2338 1715 2408 quia
1729 2343 1774 2413 qui

980 2399 1066 2455 supra
1084 2393 1234 2450 secundum
1255 2397 1392 2472 eloquium
1408 2409 1475 2478 petit
1485 2411 1660 2490 intellectum,
1684 2435 1712 2482 ut
1727 2445 1776 2485 su-

980 2487 1066 2542 perna
1079 2476 1178 2548 videat,
1195 2483 1239 2541 hic
1253 2489 1389 2557 peridem
1404 2496 1542 2571 eloquium
1556 2514 1585 2562 ut
1599 2525 1614 2564 a
1629 2517 1775 2589 concupis-

241 2594 246 2605 ,
325 2599 331 2608 ⁵
449 2603 454 2615 ¹
980 2563 1077 2619 centiae
1099 2565 1160 2623 labe
1181 2582 1314 2646 purgetur
1335 2583 1410 2650 petit.
1440 2587 1591 2666 Utrumque
1618 2601 1689 2656 enim
1713 2603 1778 2663 iacit

130 2590 191 2648 lore
216 2596 401 2656 tribulationes
427 2604 551 2677 dicebat,
568 2610 597 2666 in
620 2614 671 2671 bac
687 2627 826 2687 postrema
839 2624 929 2682 littera
980 2663 996 2702 e

129 2678 238 2738 Christo
262 2684 401 2745 desiderat
421 2695 584 2765 proximare,
609 2719 728 2772 precans
742 2717 771 2763 ut
784 2711 885 2780 veniat,
902 2722 930 2771 et
981 2743 991 2790 p

129 2783 211 2826 ovem
237 2775 370 2843 perditam
398 2793 521 2854 revocet,
551 2790 698 2848 studiosius
735 2813 765 2853 se
793 2816 927 2874 purgans,

124 2865 229 2928 quanto
242 2860 340 2920 fruitur
357 2866 494 2927 vicinitate
518 2873 632 2934 virtutis.
662 2883 705 2950 Et,
723 2886 787 2956 quia
801 2889 922 2948 Christus

125 2948 241 3004 veniens
256 2958 517 3018 consummationem
528 2973 638 3024 aeternae
651 2969 825 3032 beatitudinis
839 2989 931 3036 contu·

997 2647 1118 2722 loquium
1133 2656 1193 2724 Dei,
1221 2669 1247 2716 ει
1262 2662 1332 2722 bene
1355 2670 1414 2728 haec
1427 2675 1482 2732 duo
1496 2683 1563 2750 petit
1579 2701 1586 2738 :
1601 2687 1641 2741 Da
1651 2690 1717 2746 mihi
1735 2695 1777 2750 in-

992 2736 1118 2797 elleotum
1132 2753 1159 2800 et
1173 2747 1248 2820 eripe
1277 2769 1336 2823 me;
1366 2755 1459 2836 [Aug]

979 2825 1148 2886 intellectum
1172 2836 1293 2909 eripitur,
1310 2845 1417 2918 quiper
1440 2867 1470 2908 se
1493 2855 1581 2927 ipsum
1605 2878 1661 2920 non
1674 2866 1775 2926 inteUi·

980 2916 1081 2987 gendo,
1098 2919 1243 2994 decipitur.
1261 2930 1302 2985 Da
1316 2931 1493 3011 intellectum,
1510 2946 1574 3017 quia
1584 2956 1648 3008 tunc

124 3033 166 3102 lit,
178 3037 246 3094 etab
257 3055 352 3098 errore
362 3045 398 3100 ad
407 3047 525 3116 patrium
534 3053 650 3122 reduxit,
660 3057 776 3135 [Amba]
787 3064 850 3122 ideo
864 3069 927 3126 huic
942 3021 1294 3178 οωῖῐῗῗυῗῃςέἓίὲῶ
1301 3041 1772 3203 ἑξὲζξῖὲἒαῖξοῗέἳυὲθῖὴψ

124 3127 265 3182 octonario
280 3139 353 3186 recte
372 3137 546 3204 premittitur
559 3141 650 3200 littera
667 3147 752 3216 Tituri,
770 3155 923 3224 quaeinter·
1650 3191 1656 3205 '

123 3221 250 3282 pretatur
271 3221 377 3276 erravit
408 3223 452 3278 vel
475 3237 691 3301 consummavit,
717 3239 780 3309 quia
796 3242 840 3298 hic
859 3245 925 3301 dicit

123 3315 155 3356 se
169 3302 273 3360 habere
287 3313 559 3386 consummationem,
575 3319 604 3376 id
619 3331 660 3378 est
675 3325 757 3381 vitam
772 3338 917 3390 eternam.

123 3389 174 3445 Vel
186 3390 241 3461 jam
256 3393 320 3450 olim
336 3413 365 3452 se
381 3415 491 3458 errasse
504 3405 579 3474 dicit,
595 3425 650 3465 non
665 3415 747 3470 modo
764 3435 771 3472 :
787 3436 859 3477 nunc
874 3438 922 3478 au·

121 3483 178 3533 tem
193 3477 258 3536 dicit
268 3499 298 3538 se
313 3490 508 3556 reportandum
522 3496 556 3550 ad
573 3499 698 3568 patriam,
717 3506 920 3580 apiopastorc.

119 3566 186 3623 ldeo
213 3568 405 3643 interpretatur
425 3595 546 3654 congrue
574 3591 692 3659 εννιιιιιι,
720 3601 747 3648 ει
770 3612 824 3652 non
839 3609 920 3656 errat.

120 3653 235 3713 Errasse
249 3660 321 3716 enim
333 3667 464 3734 praeteriti
479 3674 609 3744 temporis
623 3687 674 3747 est,
692 3697 788 3739 errare
798 3701 919 3756 praesen·

119 3741 165 3798 tis.
178 3743 232 3814 Qui
242 3750 351 3818 erravit,
364 3753 464 3812 desinit
479 3775 584 3829 errare,
602 3773 628 3820 ει
652 3777 773 3826 veterem
785 3776 920 3832 condem-

119 3838 168 3888 nat
178 3849 311 3892 errorem.
323 3840 364 3896 De
375 3859 408 3898 eo
432 3847 505 3902 enim
519 3850 618 3909 dicitur
644 3859 755 3926 errarit,
777 3863 861 3933 quiin
876 3881 920 3920 er-

118 3936 184 3977 rore
195 3923 252 3992 jam
268 3929 376 3984 nonsit.
392 3929 472 4000 Quod
487 3936 510 3991 si
526 3947 577 4005 est,
593 3957 649 3997 non
672 3961 790 4016 errasse,
807 3952 857 4006 sed
871 3969 918 4008 er-

118 4024 184 4065 rare
194 4011 301 4069 dicitur.
318 4015 419 4076 Errare
433 4022 505 4078 enim
526 4035 567 4082 est
590 4035 776 4100 permanentis
789 4037 817 4093 in
832 4040 915 4110 vitio;

118 4112 228 4154 errasse
242 4103 408 4175 corrigentis
422 4117 464 4166 est
485 4113 600 4185 lapsum.
616 4120 677 4176 Non
692 4131 735 4178 est
749 4133 838 4182 antem
848 4129 916 4196 vitii,

118 4186 170 4241 sed
193 4187 344 4260 profectus,
374 4200 544 4258 renuntiasse
560 4209 655 4274 errori,
673 4219 714 4265 est
728 4213 808 4270 etiam
821 4215 850 4271 in
865 4218 917 4276 hoc

119 4279 328 4347 consummatio,
341 4291 370 4337 ut
398 4285 485 4344 altera
512 4291 591 4348 docet
606 4294 801 4370 interpretatio,
818 4304 846 4360 id
875 4316 917 4364 est

1010 3217 1189 3278 dructobrtnt
1213 3226 1287 3286 lobio
1317 3249 1390 3303 meo,
1421 3239 1538 3316 lamba,
1567 3251 1664 3323 Hilar„
1685 3261 1770 3338 cup]

973 3303 1050 3373 quasi
1064 3305 1098 3362 de
1112 3307 1203 3380 pleno,
1229 3316 1293 3387 quia
1320 3320 1419 3392 plenus
1447 3339 1488 3386 est
1513 3351 1585 3407 pane
1610 3344 1682 3414 coeli,
1697 3365 1770 3422 pane

972 3391 1075 3448 scilicet
1089 3397 1135 3468 qui
1152 3399 1185 3455 de
1202 3403 1272 3460 coelo
1282 3407 1424 3470 descendit
1438 3435 1444 3486 ;
1461 3419 1609 3500 hymnum,
1621 3430 1649 3490 id
1659 3445 1701 3492 εει
1715 3438 1772 3500 lau·

972 3478 1035 3534 dem
1049 3483 1108 3539 Dei.
1121 3487 1197 3543 lntus
1211 3491 1318 3552 deliciis
1333 3499 1383 3557 Dei
1394 3507 1545 3580 saginatus,
1557 3516 1688 3589 hymnum
1702 3543 1769 3586 eru-

971 3575 1035 3634 ctat,
1053 3575 1129 3643 quasi
1145 3575 1240 3650 lingua
1268 3600 1322 3640 non
1347 3588 1466 3651 hnmano
1481 3604 1583 3672 sensui,
1600 3612 1650 3666 sed
1677 3615 1769 3678 divino

971 3653 1115 3715 famulatur
1129 3664 1245 3734 spiritui.
1269 3671 1439 3735 Eructabunt
1466 3683 1537 3759 dico,
1554 3708 1620 3748 com
1641 3697 1769 3764 docueris

969 3759 1014 3799 me
1024 3748 1248 3818 justificationes
1263 3763 1336 3818 tuor.
1353 3765 1440 3824 Aliter
1460 3788 1514 3830 non
1529 3783 1699 3856 eructabunt,
1715 3793 1769 3850 nisi

969 3830 1028 3903 ipse
1044 3835 1150 3905 doceat,
1167 3842 1231 3912 quia
1250 3863 1321 3903 unus
1337 3861 1378 3907 est
1392 3858 1532 3934 magister,
1549 3869 1595 3939 qui
1611 3871 1698 3946 docet,
1711 3880 1765 3936 sci·

968 3919 1031 3976 licet
1046 3923 1130 3980 Deus.
1156 3928 1242 3988 Docet
1270 3951 1334 3993 vero
1362 3941 1436 3999 Dens
1460 3953 1567 4019 quando
1591 3959 1636 4030 qui
1651 3965 1726 4022 audit
1740 3977 1767 4028 et

968 4007 1048 4065 discit
1062 4013 1134 4069 venit
1148 4017 1183 4072 ad
1198 4035 1269 4088 eum,
1283 4032 1311 4079 ut
1326 4043 1381 4083 non
1402 4033 1489 4092 solun
1503 4047 1635 4105 memoria
1659 4058 1761 4126 teneat,

968 4097 1017 4152 sed
1028 4107 1054 4154 ει
1081 4100 1162 4160 iaciat
1173 4106 1381 4177 justificationes
1400 4137 1406 4175 :
1433 4131 1460 4179 et
1475 4126 1514 4186 sic
1537 4147 1592 4189 non
1606 4135 1634 4192 in
1657 4157 1697 4211 sc,
1715 4145 1764 4206 sed

967 4184 995 4240 in
1009 4187 1126 4246 Domino
1154 4195 1285 4267 glorians,
1299 4203 1430 4276 hymnum
1462 4227 1574 4277 eructat.
1605 4223 1657 4296 Qui
1672 4239 1765 4294 autem

966 4273 1061 4332 didicit
1077 4288 1104 4335 et
1120 4282 1260 4342 doctorem
1276 4305 1355 4348 suum
1368 4296 1497 4372 laudarit,
1511 4307 1569 4376 jam
1583 4314 1759 4395 vutrdocers,

118 4361 271 4435 disciplina
280 4368 422 4440 perfectio,
440 4375 503 4447 quia
523 4380 584 4450 plus
599 4391 640 4438 est
661 4402 678 4441 a
706 4389 772 4446 vitio
786 4409 816 4448 se
830 4410 914 4452 reiro.
929 4363 1043 4502 DUnde
1059 4368 1169 4427 snbffiiss

116 4466 207 4525 casser
238 4471 319 4527 quam
348 4476 435 4533 prope
458 4465 522 4522 vitia
544 4468 604 4540 ipsa
631 4475 763 4533 nescisse.
794 4482 914 4542 lmbutos
1002 4472 1762 4582 viscerosae-,1immundae,11„[„„„„„,Jsp

115 4538 189 4595 enim
204 4543 307 4600 avitiis
330 4549 435 4606 animos
459 4569 573 4614 exurere
587 4568 668 4633 atque
696 4569 843 4627 emendare
857 4589 911 4629 non

114 4626 205 4684 solum
220 4632 348 4703 perfecte
385 4639 507 4710 virtutis,
524 4647 573 4702 sed
596 4650 715 4710 coelestis
735 4665 777 4714 est
804 4662 910 4734 gratiae,

113 4717 194 4788 quasi
216 4719 286 4778 dicat
304 4723 399 4794 :Quia
427 4730 466 4787 sic
481 4741 507 4788 et
527 4734 566 4792 sic
589 4739 643 4811 egi,

150 4806 265 4872 Vacat
282 4811 367 4884 (169).
384 4845 419 4858 -
435 4839 447 4869 ι
463 4823 670 4900 Appropinquet
682 4831 841 4904 deprecatio
851 4855 911 4896 mea

115 4917 127 4942 ι
145 4893 174 4950 in
184 4908 331 4970 conspectu
346 4911 402 4973 tuo,
433 4908 548 4968 Domine
559 4932 566 4980 ;
578 4915 654 4984 juxta
682 4919 819 4993 eloquium
834 4934 909 4984 tuum

114 5002 126 5034 ι
144 4983 180 5039 da
194 4985 260 5041 mibi
273 4987 450 5050 intellectum.
471 5021 481 5046 r

146 5073 359 5151 Appropinquet
386 5082 443 5151 tibi,
461 5088 617 5160 eboraica,
648 5095 808 5169 deprecatio
833 5121 906 5164 meo.

107 5159 228 5235 [Amba]
243 5165 374 5224 Peccator
385 5169 468 5246 longe
484 5184 534 5244 est,
550 5179 603 5238 hoo
623 5182 687 5239 dicit
702 5187 744 5242 vir
758 5189 905 5259 perlectus.
962 5195 981 5252 S

107 5249 174 5306 Haec
186 5251 257 5306 enim
273 5254 447 5330 confidentia,
459 5279 514 5318 non
528 5275 570 5322 est
580 5268 631 5326 nisi
641 5271 692 5327 viri
707 5283 904 5352 consummati;

106 5338 153 5393 vel
167 5353 219 5394 vox
230 5349 271 5396 est
299 5344 343 5401 liic
371 5347 488 5406 viriaco
509 5355 634 5425 perlecti.
650 5361 685 5416 Ut
710 5363 773 5422 ideo
788 5384 843 5424 non
857 5373 902 5440 ait,

105 5441 161 5498 ego
202 5431 436 5506 appropinquem,
467 5441 534 5510 sed,
565 5445 721 5517 deprecatio
758 5471 818 5512 mea
852 5476 904 5533 ap-

139 5579 212 5649 (tta)
225 5583 295 5637 Thau
312 5585 487 5654 interpretatur
496 5594 567 5658 juxti
578 5601 675 5658 Hieron.
688 5607 771 5674 doro.

177 5675 297 5733 Piraon.
319 5679 411 5740 exet.

969 4579 981 4609 ι
999 4561 1091 4632 quium
1106 4573 1191 4640 tuum,
1208 4575 1272 4644 quia
1286 4581 1378 4637 omnia
1402 4590 1528 4648 mandata
1550 4604 1593 4654 tua
1607 4604 1729 4677 aequitas.
1750 4635 1762 4660 r

1001 4667 1204 4732 Pronuntiabit
1216 4679 1314 4754 linquo
1321 4702 1394 4757 meo,
1405 4691 1498 4768 [Aug.,
1508 4701 1615 4778 Ambe,
1626 4709 1762 4792 Cassiod]

965 4762 995 4809 ut
1010 4755 1061 4811 sim
1072 4760 1195 4819 minister
1208 4770 1293 4838 verbi,
1324 4775 1461 4850 eloquium
1476 4793 1551 4845 tuum
1565 4809 1619 4852 non

965 4843 1089 4902 verbum.
1106 4849 1185 4908 Unde
1216 4859 1355 4918 reddenda
1378 4877 1419 4923 est
1447 4875 1527 4948 ratio,
1544 4883 1593 4937 sed
1620 4885 1758 4962 eloquium

964 4936 1049 4989 tuum.
1072 4937 1150 4995 Unde
1165 4951 1206 4997 est
1219 4946 1302 5016 salus,
1320 4956 1392 5024 quod
1408 4958 1488 5018 decet
1496 4973 1676 5044 pronuntiari,
1693 4981 1758 5051 quia

963 5021 1088 5092 aequitate
1103 5025 1196 5099 fulget.
1218 5034 1296 5092 Unde
1315 5041 1413 5116 subdit,
1430 5051 1496 5121 poio
1510 5061 1607 5116 omnio
1620 5067 1758 5128 mandato

963 5110 1013 5165 tuo
1023 5107 1151 5185 aquam,
1170 5119 1262 5194 [Aug.,
1288 5128 1395 5205 Amba]
1410 5133 1438 5191 id
1466 5148 1507 5195 est
1528 5147 1652 5217 aequitate
1665 5154 1755 5226 plena.

982 5196 1058 5255 ciens
1073 5211 1164 5260 autem
1177 5207 1229 5265 iste
1244 5229 1304 5284 quae
1318 5219 1439 5288 pericula
1449 5239 1598 5302 sequantur
1612 5237 1755 5304 docentem

960 5300 978 5341 a
992 5290 1251 5368 contradicentibus,
1267 5302 1343 5359 addit
1358 5323 1365 5360 :

994 5375 1080 5434 Vsus.
1097 5382 1113 5435 5
1128 5381 1212 5457 (173).
1224 5419 1259 5430 -
1276 5392 1358 5448 «Fiat
1370 5412 1467 5458 manus
1487 5413 1533 5464 tua
1547 5419 1576 5468 ut
1586 5417 1672 5477 salvet
1686 5440 1730 5480 me
1748 5438 1756 5480 t

960 5484 973 5515 ι
990 5467 1117 5537 quoniam
1131 5475 1259 5534 mandata
1273 5485 1317 5536 tua
1338 5484 1419 5558 elegi.
1438 5511 1450 5541 ι

1643 4800 1759 4861 otiosum
1797 4791 1805 4808 ⁸
