3878 6322
443 170 696 230 conmortuus
715 171 751 228 IN
769 169 879 228 EPIST.
899 165 934 224 D.
955 165 1067 226 eluar.
1083 201 1117 214 -
1131 173 1169 229 IN
1186 173 1244 228 ΕΡ.
1266 172 1346 228 tto
1366 169 1445 229 COR.

122 177 193 231 assu
220 153 232 174 ‘
1702 174 1771 230 asro

122 299 192 354 Item
208 315 214 352 :
231 298 285 355 Nes
298 295 408 365 intimat
422 311 527 363 sumus,
543 296 571 352 id
585 303 627 352 est
642 294 741 351 afflicti.
762 296 808 351 l'as
823 290 958 350 autemA
971 303 1047 352 retur
1062 297 1210 368 essequod
1226 297 1276 352 Dei
1289 303 1341 352 est.
1358 296 1401 352 nit
1415 295 1487 352 enirn
1502 295 1635 352 Dominus
1645 294 1771 352 inEvan-

120 391 212 458 sortes
235 393 368 457 potestate
382 392 409 440 et
432 384 530 441 seeuri.
550 387 597 440 Vas
614 384 730 449 nabiles,
746 381 773 437 id
788 391 830 438 est
845 397 921 436 reve·
971 384 1044 458 geliu
1061 403 1068 439 :
1084 386 1125 440 Ne
1140 385 1218 441 vobis
1233 384 1329 440 dicatis
1343 392 1451 456 patrem
1465 385 1494 439 iu
1509 393 1591 454 terra,
1615 400 1685 439 unus
1700 383 1772 440 enim

120 475 210 530 rendi.
227 475 387 532 Nosuutem
400 474 544 544 ipnobiies,
557 473 584 527 id
594 471 776 542 estdespeeti.
793 472 922 542 Eiusque
972 484 1012 530 est
1032 475 1112 530 Pater
1142 481 1234 530 uester
1265 475 1339 528 Deus
1363 474 1471 544 (Mutila
1493 473 1586 544 ιιιιιιι).
1613 472 1693 541 Quod
1718 487 1773 528 non

123 565 157 620 in
172 565 246 620 bane
262 563 370 630 baram,
387 561 415 616 id
429 569 470 616 est
485 561 620 628 continue,
637 560 665 614 id
679 567 815 631 estusque
826 558 922 614 adhoc
972 564 1034 620 ideo
1055 563 1130 629 dixit,
1157 570 1186 617 ιιι
1208 563 1261 620 hoe
1285 579 1385 619 nomeu
1408 562 1513 618 caeteris
1540 562 1659 628 tollatur,
1676 561 1775 620 sedne

122 660 242 723 tempus,
259 655 287 708 et
301 651 453 718 esurimus,
470 654 499 706 et
508 651 630 717 eitimam,
643 653 671 704 et
682 647 754 704 nudi
762 664 860 703 sumus
870 665 880 714 ;
890 645 923 700 li-
973 653 1060 726 gratia
1072 653 1122 708 Dei
1136 666 1191 724 qua
1204 650 1232 706 in
1247 659 1376 706 aeternam
1390 651 1474 707 vitam
1494 665 1659 723 generamur
1672 657 1777 706 naturae

120 741 188 796 bere
202 739 275 795 enim
291 747 318 794 et
332 739 390 794 sine
405 738 562 794 adulatione
577 737 720 794 veritatem
730 735 921 808 praedicantes,
974 741 1017 797 vel
1032 740 1168 812 potestati,
1189 739 1232 796 vel
1255 739 1338 795 etiam
1362 738 1497 796 sanctitati
1512 739 1672 811 cujusquam
1686 737 1777 794 homi-

122 837 150 884 et
165 837 243 902 gesta
258 843 351 900 pmvae
365 827 426 882 vitta
442 834 597 898 arguentes,
613 825 733 898 qratiam
747 823 818 895 apud
833 821 923 878 homi-

125 933 176 972 nes
190 931 245 972 nou
260 916 377 982 habent3
393 920 423 972 et
435 914 714 986 eobapbiseoedimur,
732 916 761 969 et
775 911 924 968 instabiles

124 1021 233 1073 summ,
250 1004 314 1076 quia
328 1019 378 1074 pro
392 1003 583 1075 perseeutione
601 1010 737 1058 mutamus
751 1001 822 1056 luas.
840 999 925 1069 Fuga-

122 1111 186 1148 mur
200 1092 299 1148 anima
313 1089 434 1162 perfidis,
446 1107 480 1146 ne
489 1091 582 1162 plures
593 1091 740 1146 doceamus
752 1107 759 1155 t
775 1093 801 1144 et
814 1088 924 1144 taboru-

124 1198 189 1238 mus
202 1181 332 1238 menibus
347 1181 463 1245 neuris,
481 1179 584 1235 scilieet
597 1179 677 1235 nubis
689 1176 852 1234 necessariis
867 1192 926 1248 epe·

124 1273 233 1334 rantes,
250 1268 314 1340 quia
328 1283 409 1323 nemo
424 1267 469 1321 dat
478 1266 567 1322 nobis.
578 1268 613 1322 Et
624 1266 833 1335 maledicimur,
844 1261 926 1319 etbe-

123 1358 293 1426 nedieimas,
310 1354 444 1411 hortando
458 1353 525 1410 alios
539 1355 574 1409 ad
585 1355 685 1410 bonurn
697 1373 705 1420 ;
717 1360 743 1408 et
749 1353 926 1425 perseeutio-

974 830 1017 885 nis
1032 829 1175 884 tribuatur.
1191 827 1371 898 Appellantur
1384 825 1496 898 quidem
1510 833 1537 882 et
1550 826 1596 882 alii
1610 835 1713 897 patres,
1729 825 1779 882 sed

975 934 1030 974 non
1046 917 1115 973 sieut
1131 917 1203 972 Deus
1232 917 1315 972 Pater
1338 931 1407 970 unus
1430 923 1480 982 est,
1497 914 1543 987 qui
1557 922 1703 987 regenerat
1716 905 1777 985 Spi-

976 1007 1030 1063 ritu
1045 1014 1149 1075 saneto,
1174 1020 1243 1078 quos
1267 1002 1329 1060 taeit
1354 1003 1423 1059 tutos
1448 1005 1484 1058 ad
1499 1003 1686 1059 haereditatem
1700 1010 1778 1058 eeter-

977 1113 1058 1162 nam·,
1073 1093 1198 1152 homines
1211 1108 1277 1150 vero
1292 1092 1419 1149 dieantur
1433 1099 1525 1162 patres
1538 1099 1652 1162 propter
1666 1089 1778 1146 honoris

978 1184 1102 1256 gratiam,
1118 1190 1229 1255 propter
1250 1189 1358 1236 aetutem
1378 1195 1528 1250 auramque
1543 1179 1660 1249 pietatis.
1676 1180 1778 1234 Notan-

979 1275 1044 1330 dum
1058 1273 1140 1328 etium
1155 1270 1228 1343 quod
1242 1270 1308 1325 dum
1321 1269 1437 1339 loquens
1452 1265 1599 1323 Corinthiis
1607 1267 1777 1339 pedagogos

979 1362 1101 1418 nominat
1114 1375 1215 1432 pueros
1237 1358 1298 1414 illos
1323 1373 1384 1412 esse
1398 1354 1543 1428 signifieat.
1559 1357 1628 1426 liupo
1643 1371 1705 1426 erpa
1720 1370 1775 1410 aas.

125 1461 186 1514 net,
202 1445 229 1499 id
244 1453 286 1500 0⁵1
298 1451 433 1499 tormenta
445 1443 585 1516 Patimur,
610 1446 639 1498 θΐ
652 1441 785 1513 pallentes
799 1441 926 1496 Smint-
981 1433 1064 1520 Quasi
1078 1449 1148 1504 dieat
1167 1464 1173 1504 ε
1190 1445 1260 1517 Quia
1274 1445 1357 1520 genui
1373 1460 1432 1511 vos,
1448 1459 1525 1516 ergo,
1541 1441 1677 1509 olratres,
1689 1445 1777 1499 estete

124 1550 208 1600 must
225 1540 251 1588 ⁰²
265 1531 504 1604 immamus»
525 1531 603 1602 quasi
618 1531 692 1600 magi
707 1538 733 1586 θῑ
745 1527 874 1594 malefici,
899 1532 929 1584 ὀί
980 1538 1215 1602 imitatoresmet',
1230 1551 1284 1590 non
1291 1532 1596 1605 pseudoapostolorum,
1606 1533 1680 1588 sieut
1691 1534 1719 1586 et
1729 1547 1778 1600 aaa

127 1623 303 1679 obsecramus
326 1621 412 1676 Deum
433 1635 483 1690 aro
505 1619 577 1686 illisz
594 1619 638 1675 vel
660 1634 717 1684 eos,
740 1633 775 1674 ne
795 1617 927 1688 blasphe·
941 1641 969 1704 B
984 1628 1099 1692 street,
1115 1624 1236 1680 nautor
1254 1639 1324 1678 sum.
1342 1623 1375 1676 ai
1391 1621 1442 1677 noe
1456 1637 1520 1692 roto
1534 1635 1591 1686 voa,
1607 1619 1671 1691 quta
1686 1635 1719 1674 ex
1733 1618 1779 1674 aa

125 1718 200 1765 ment
213 1724 283 1780 n0s;
300 1716 326 1764 et
339 1709 413 1780 sacti
426 1724 535 1774 sumus,
544 1707 573 1763 id
582 1715 623 1763 est
636 1706 763 1778 reputati,
789 1710 926 1778 tanquam

126 1801 314 1870 purpamenta
339 1797 423 1868 bajus
441 1796 551 1863 muudi,
575 1793 727 1866 dequibus
753 1793 926 1850 manentibus

124 1886 243 1941 mundus
256 1884 420 1957 inquinetur,
444 1883 487 1939 vel
510 1883 624 1953 abjectis
637 1890 781 1956 purgetur.
798 1881 868 1951 Quia
883 1881 927 1937 ia-

126 1973 163 2030 eti
173 1990 265 2030 suanus
274 1976 432 2046 peripsema
442 1974 581 2029 mnium.
592 1972 751 2043 Peripsemu
761 1987 927 2045 purgamen·

127 2071 184 2118 tum
199 2071 241 2117 est
255 2061 328 2131 terri,
346 2061 389 2117 vel
403 2061 486 2133 pomi,
503 2068 530 2116 at
543 2059 674 2133 quidquid
689 2059 724 2116 de
739 2060 860 2132 qualibet
875 2076 930 2114 ma·

127 2152 195 2206 teria
217 2159 246 2206 ut
266 2150 408 2223 purgatior
431 2149 568 2215 reddatur,
595 2149 732 2218 abjicitur,
758 2157 786 2204 ιιι
801 2148 928 2204 limatura

129 2240 200 2308 auis,
215 2247 241 2294 et
250 2238 415 2308 hujusmodi,
433 2246 460 2294 et
473 2238 601 2310 quaelibet
613 2237 757 2293 domomm
772 2237 926 2310 quisquilia.

126 2329 179 2384 Per
193 2328 252 2384 hee
265 2327 359 2383 omnia
376 2343 442 2382 vero
457 2327 609 2398 probamur
622 2325 651 2381 in
666 2325 772 2382 Christo
780 2327 929 2398 prudentes

128 2425 155 2473 et
169 2415 262 2484 tortas,
279 2416 329 2472 etsi
343 2415 398 2471 illis
412 2415 491 2470 aliter
505 2415 641 2471 videatur.
658 2414 743 2485 Quasi
758 2415 830 2471 diam
846 2432 853 2468 ι
870 2415 929 2469 ab·

126 2505 256 2575 jectiores
270 2503 396 2560 omnibus
420 2503 482 2560 laeti
496 2521 600 2571 sumus,
618 2511 644 2560 et
657 2504 710 2560 hoe
725 2521 811 2577 usque
826 2504 927 2570 adbuc,

129 2593 156 2649 id
170 2602 212 2649 est
226 2593 362 2662 eondnue,
378 2609 464 2665 usque
479 2593 582 2650 adhue
602 2601 719 2664 tempus.
735 2593 798 2648 Non
812 2597 845 2650 ut
860 2609 929 2649 eon-

127 2683 248 2754 sundam
262 2699 317 2748 uos,
333 2697 432 2754 aspera
445 2681 552 2736 blandis
565 2681 672 2755 mitigat
687 2689 715 2736 ιιι
729 2681 854 2737 salutaris
872 2696 930 2736 me·

129 2771 215 2828 dieus.
240 2769 324 2841 Quasi
347 2769 421 2825 dieat
436 2787 442 2823 :
458 2770 517 2824 Etsi
532 2769 645 2825 dixerim
660 2785 709 2826 tos
732 2769 850 2839 inflatos,
865 2777 929 2837 atu,

130 2875 219 2927 amen,
236 2874 290 2914 nou
306 2859 364 2914 boee
377 2858 466 2914 scribe
490 2865 520 2912 ut
541 2856 703 2913 contundam
718 2872 776 2926 vos,
793 2858 876 2913 idest
903 2866 933 2912 ιιι

977 1718 1033 1773 bito
1057 1714 1124 1770 mihi
1144 1712 1257 1769 obedire
1279 1710 1395 1766 debetis.
1422 1709 1483 1765 ldea
1509 1708 1600 1774 etiarn,
1623 1707 1728 1764 scilieet
1750 1713 1779 1762 ut

975 1802 1121 1861 imitemini
1135 1817 1190 1868 me,
1210 1801 1277 1856 misi
1301 1800 1337 1856 ad
1362 1815 1408 1856 vas
1432 1796 1615 1865 Timotheum,
1638 1812 1688 1867 per
1707 1796 1780 1851 hune

977 1893 1097 1951 ereditur
1126 1890 1211 1946 missa
1235 1888 1275 1943 eis
1298 1886 1430 1958 Epistula,
1446 1886 1548 1959 quiesi
1561 1886 1639 1954 filim
1657 1900 1737 1941 meus
1751 1883 1780 1938 in

976 1980 1040 2048 fide,
1057 1983 1084 2037 et
1100 1978 1294 2042 charissimus,
1312 1976 1381 2031 bene
1396 1972 1514 2046 agendo,
1530 1977 1558 2029 et
1571 1973 1663 2042 fidelis
1678 1971 1705 2027 in
1720 1973 1778 2028 Do-

976 2070 1060 2136 mino,
1077 2069 1105 2123 id
1122 2074 1163 2122 est
1177 2065 1204 2120 in
1218 2063 1411 2136 praedieatione
1436 2060 1554 2129 Domini,
1578 2062 1626 2133 qui
1641 2077 1686 2116 ves
1701 2076 1779 2117 eoen-

976 2153 1154 2224 monesaeiat
1170 2151 1230 2206 uias
1253 2164 1343 2214 meas,
1370 2146 1398 2202 id
1417 2153 1459 2202 est
1476 2144 1668 2202 instmetioues
1691 2159 1777 2213 meas,

978 2243 1122 2316 quaesunt
1136 2240 1168 2294 iu
1185 2237 1294 2294 Christe
1310 2237 1384 2302 lesu,
1403 2242 1429 2290 et
1439 2234 1500 2290 ideo
1510 2233 1643 2306 tanendae.
1655 2233 1779 2288 Commo

978 2329 1095 2388 netaeiat
1109 2327 1180 2394 dieo,
1196 2327 1242 2390 ita.
1257 2326 1333 2382 sieut
1347 2341 1395 2396 epo
1409 2324 1491 2380 doceo
1515 2337 1561 2378 ees
1576 2321 1676 2392 ubique
1691 2329 1777 2376 terra-

979 2435 1050 2485 rum,
1061 2420 1093 2474 in
1103 2417 1182 2472 enini
1191 2415 1336 2478 Ecclesia,-
1352 2421 1378 2468 at
1395 2413 1456 2468 ideo
1466 2409 1629 2466 authentice.
1638 2408 1706 2464 Dieo
1714 2407 1778 2464 misi

979 2506 1159 2572 Timotheum,
1185 2511 1212 2559 et
1234 2518 1302 2574 opus
1326 2509 1385 2558 erut
1404 2499 1484 2554 mitti.
1507 2497 1578 2567 Quia
1600 2498 1714 2572 quidam
1734 2503 1778 2552 vet

980 2603 1065 2652 strum
1076 2597 1117 2651 sie
1126 2592 1297 2662 infiatisunt
1308 2590 1342 2644 de
1351 2587 1532 2660 philosophis,
1543 2601 1659 2658 quorum
1673 2593 1779 2640 terrena

980 2683 1112 2756 sapientia
1126 2680 1288 2753 gloriantur,
1305 2683 1442 2751 tanquam
1454 2691 1513 2732 non
1526 2677 1582 2730 sim
1593 2678 1729 2730 uenturus
1743 2672 1780 2730 ad

980 2790 1035 2831 uos.
1055 2771 1169 2830 Veniam
1192 2771 1291 2825 autem
1312 2768 1367 2823 cite
1383 2766 1419 2822 ud
1432 2781 1489 2822 uos.
1510 2761 1692 2836 [Ambrosius]
1706 2761 1779 2818 Eece

980 2865 1042 2930 post
1057 2853 1296 2912 commonitionem
1320 2849 1451 2922 promittit
1476 2865 1506 2904 se
1526 2849 1566 2904 ire
1585 2847 1620 2903 sd
1642 2847 1713 2914 illos,
1729 2844 1779 2902 aed

131 2947 348 3004 erusbescentiam
358 2945 457 3002 saetam
468 2945 563 3013 vobis;
580 2947 627 3001 sed
636 2961 735 3003 manee
746 2961 804 3012 vos,
817 2946 930 3014 attilius
981 2945 1005 2999 si
1018 2944 1151 3000 Dominus
1163 2941 1342 3012 permitteret.
1367 2939 1445 2994 Unde
1470 2937 1561 2994 subdit
1576 2954 1583 2991 ι
1597 2937 1628 2992 Si
1642 2935 1778 2990 Dmuinus

129 3053 204 3095 meas
219 3035 407 3102 cturostmu,
423 3050 474 3106 pro
489 3033 587 3106 quibus
608 3042 648 3088 tot
659 3033 732 3089 mala
743 3049 842 3104 passus
857 3049 927 3088 sum.
941 2993 966 3058 ⁰
979 3033 1109 3088 uoluerit.
1126 3029 1210 3099 Quasi
1223 3027 1294 3084 dieat
1311 3045 1317 3081 :
1333 3027 1446 3082 Veniam
1460 3025 1495 3080 ed
1510 3040 1558 3080 vos
1570 3023 1622 3078 nisi
1637 3023 1716 3092 eulpa
1730 3037 1779 3077 ve-

128 3126 163 3180 Et
176 3124 246 3180 bene
260 3123 325 3191 dixi,
349 3124 421 3196 quod
446 3139 496 3180 vos
519 3122 585 3178 estis
608 3120 666 3178 filii.
691 3122 761 3178 Nam
782 3138 835 3196 ego
853 3129 930 3193 pater
980 3129 1035 3176 stra
1049 3117 1213 3190 impedierit.
1235 3115 1299 3171 ldeo
1320 3114 1395 3182 dieii,
1421 3113 1445 3167 si
1466 3112 1597 3167 Dominus
1611 3109 1734 3178 voluerit,
1750 3116 1780 3164 ιιι

131 3229 200 3270 sum.
217 3214 251 3268 Et
264 3213 317 3270 hoe
330 3220 373 3268 est
386 3212 459 3284 quod
474 3212 511 3267 eit
531 3229 538 3266 :
979 3206 1145 3274 ostenderet,
1162 3205 1185 3260 si
1199 3219 1254 3260 non
1268 3203 1320 3259 iret
1335 3203 1422 3257 Deum
1444 3199 1573 3266 voluisse,
1590 3213 1671 3255 eausa
1687 3197 1780 3269 utique

979 3294 1174 3370 indignationis
1189 3292 1307 3348 illomm.
1324 3290 1437 3347 Veniam
1452 3289 1525 3357 dieo,
1550 3291 1579 3344 et
1602 3302 1777 3360 aequassem,

165 3355 252 3411 Vns·
269 3357 365 3411 Μ·
380 3383 416 3394 ··
430 3375 442 3403 ‘¹
459 3355 530 3409 Nam
541 3354 566 3409 *ἰ
579 3352 674 3409 (ΨΜ
690 3353 785 3408 mlum
801 3351 930 3424 l’aedaff‘
980 3385 1008 3442 id
1024 3392 1065 3440 est
1082 3382 1215 3455 probabo,
1230 3389 1257 3437 et
1272 3395 1401 3453 quaeram,
1417 3394 1475 3434 non
1486 3393 1643 3434 sermenem
1653 3377 1778 3432 humane

130 3460 229 3519 qurum
246 3443 373 3498 babeatis
388 3444 419 3497 in
437 3441 555 3510 cbristo,
572 3441 691 3499 sednon
706 3442 811 3497 multos
821 3444 929 3513 patres.

132 3533 202 3588 Nam
217 3533 249 3587 in
265 3529 375 3586 Christo
389 3531 456 3587 lesu
464 3531 708 3603 perannqelium
717 3546 765 3602 epe
775 3545 821 3588 aas
832 3530 928 3602 penui.

131 3621 202 3690 Rapa
209 3620 496 3691 erqouos,imitutures
504 3621 562 3675 mei
571 3620 748 3685 estote‚sieut
755 3623 781 3674 et
793 3633 840 3691 epo
853 3617 931 3672 Chri-

131 3709 179 3764 sti.
190 3707 252 3764 ldae
261 3708 328 3763 misi
339 3708 374 3764 ad
389 3723 434 3764 uos
449 3706 635 3774 Timotheum,
652 3709 699 3780 qui
713 3711 755 3763 est
765 3707 843 3776 filius
852 3721 931 3762 meus

981 3473 1130 3545 sapientiae,
1145 3471 1194 3528 sed
1214 3471 1360 3537 uirtutem,
1375 3468 1404 3524 in
1413 3467 1467 3523 tide
1482 3474 1509 3524 et
1523 3466 1595 3522 boua
1609 3465 1777 3537 operatione,

981 3580 1079 3621 earum
1090 3563 1138 3635 qui
1151 3561 1248 3630 inflati
1261 3563 1330 3616 sunt
1345 3557 1474 3630 superbia
1488 3557 1544 3612 alta
1558 3555 1681 3626 sapiendi
1691 3562 1718 3610 et
1732 3570 1781 3611 aaa·

981 3660 1053 3708 teres
1074 3648 1225 3720 judicandi.
1250 3648 1311 3704 Non
1333 3647 1419 3703 enim.
1441 3644 1525 3714 Quasi
1536 3644 1608 3700 dieat
1623 3661 1629 3698 :
1647 3643 1712 3699 ideo
1726 3658 1780 3699 non

982 3755 1102 3812 quaeram
1125 3751 1291 3805 sermonem,
1308 3734 1372 3807 quia
1386 3750 1507 3807 reanum
1520 3734 1580 3802 Dei,
1597 3731 1624 3787 id
1639 3739 1680 3787 est
1695 3745 1779 3788 eausa

132 3796 328 3863 charissimus,
340 3799 366 3852 et
375 3795 466 3865 fidelis
479 3797 511 3850 in
522 3795 651 3862 Domino,
661 3795 709 3868 qui
719 3811 764 3852 uos
774 3810 932 3853 commone·
981 3827 1061 3900 regni
1073 3827 1134 3893 Dei,
1145 3841 1199 3881 non
1213 3827 1256 3880 ω
1272 3824 1304 3878 in
1313 3838 1451 3891 sermone,
1463 3821 1511 3878 ud
1524 3822 1556 3876 in
1563 3822 1678 3890 virtut„
1695 3818 1723 3874 id
1738 3825 1780 3874 es,

132 3885 388 3956 [aeiatuiusmeus
399 3884 579 3958 quassantia
591 3883 781 3950 Gbmsiotesu,
792 3883 933 3940 sleutubi-
982 3932 1038 3972 non
1057 3930 1149 3971 sermo
1164 3915 1289 3969 Μηδὲ
1303 3911 1452 3983 sapienti&
1473 3909 1522 3964 sed
1539 3908 1625 3965 virtus
1641 3915 1682 3964 es,
1696 3921 1780 3964 causa

134 3989 185 4078 W
199 3973 231 4029 ln
246 3975 324 4030 ‘mni
336 3972 565 4076 &masma
578 3973 722 4044 Tanquam
732 3976 933 4074 'wfwmmm
982 4003 1071 4077 regni.
1090 4004 1160 4071 Quid
1173 4003 1271 4070 uultis,
1291 4008 1344 4057 ete.
1365 3999 1447 4069 Quasi
1462 3997 1534 4054 dieat
1549 4015 1557 4053 ε
1572 3998 1634 4070 Ego
1649 4012 1714 4053 vere
1728 4011 1779 4052 ve·

134 4079 189 4118 ”m
203 4062 239 4118 “d
253 4077 308 4164 Ψ
325 4077 365 4164 ³3⁶
375 4061 472 4166 ψη
487 4065 556 4117 ΝΜ
571 4061 694 4164 ΜΝ·
710 4062 822 4118 Vemam
836 4065 932 4116 “mm
982 4095 1066 4149 uiam.
1081 4092 1135 4148 Sed
1149 4089 1213 4163 quid
1228 4090 1326 4144 horum
1341 4088 1431 4155 vultis,
1447 4086 1552 4144 scilieet
1566 4101 1602 4141 an
1616 4087 1728 4142 venium
1740 4084 1778 4141 ad

134 4151 170 4207 “d
184 4167 230 4207 ²¹⁰⁸
245 4153 309 4216 Μ’
322 4165 347 4205 ⁸²
357 4151 621 4206 D⁰mm¹⁸⁸v⁰lw²²
634 4169 644 4218 ’⁸
659 4153 687 4205 θ’
698 4165 860 4220 ⁶⁰9n⁰⁸⁶⁰m
875 4164 933 4205 ”⁰⁷²
982 4199 1029 4239 uos
1044 4184 1076 4238 in
1091 4183 1168 4252 oirpu
1188 4177 1376 4244 correctionis,
1398 4176 1445 4232 ubi
1469 4176 1519 4231 etsi
1541 4175 1575 4232 sit
1589 4175 1708 4232 ebaritas
1723 4189 1777 4230 non

48 4305 55 4318 ·
135 4254 292 4296 mmmm
302 4254 399 4295 emm
410 4255 458 4310 qm
467 4238 564 4307 innah
574 4237 708 4307 mm’wd
718 4240 863 4294 '’mum''
872 4237 932 4294 ΝΜ
983 4279 1073 4327 tamen
1088 4285 1150 4326 esse
1164 4267 1291 4334 videtum
1307 4283 1345 4322 an
1356 4265 1551 4332 inmaritata,
1565 4264 1593 4320 id
1603 4271 1644 4320 est
1654 4263 1681 4318 in
1691 4261 1778 4319 mani·

135 4329 251 4383 mmm
262 4343 390 4430 ⁵⁶r”,²⁰'²⁶
401 4331 443 4382 εἰ
452 4342 569 4430 ,rmum
576 4325 690 4393 Del’wd
699 4326 731 4430 ²:²¹
741 4326 934 4396 ”lrlme'ouid
946 4349 975 4413 ll
985 4358 1056 4416 iesta
1070 4357 1224 4424 dilectione,
1242 4363 1270 4411 ut
1285 4356 1358 4412 bona
1374 4354 1528 4426 suppleam,
1539 4357 1567 4409 et
1577 4353 1682 4426 spiritu
1697 4367 1777 4407 man-

134 4415 289 4472 ”um'lln
304 4431 382 4488 mma
396 4431 508 4470 mam
523 4414 560 4470 “d
574 4431 679 4481 ”⁰⁸’sm
699 4431 729 4470 m
749 4413 889 4471 maritale
905 4419 933 4472 et
983 4447 1154 4512 suetudinis,
1186 4452 1215 4500 ut
1243 4444 1363 4516 peccatis
1392 4443 1523 4515 paream?
1546 4440 1670 4497 Terroris
1693 4440 1777 4496 verba

132 4505 237 4578 *mmm
251 4503 504 4560 mmmmm
941 4553 947 4564 ·
981 4534 1073 4605 inient,
1085 4543 1114 4590 ut
1123 4533 1209 4590 inflati
1218 4532 1436 4599 humiliarentur,
1457 4537 1483 4586 et
1499 4545 1529 4585 se
1543 4535 1728 4603 praepararent
1741 4528 1775 4584 ad

169 4629 410 4686 Namsibabeatis
425 4629 519 4686 decem
528 4629 844 4702 miiiiepedaqeaerum.
856 4628 932 4685 Fini·
983 4624 1169 4696 reeipiendum
1191 4640 1263 4680 eum.
1287 4621 1366 4677 Absit
1387 4628 1416 4675 ut
1430 4618 1468 4690 pii
1483 4619 1531 4674 filii
1544 4619 1667 4675 dicerent
1683 4635 1689 4672 :
1706 4617 1735 4672 Si
1749 4616 1778 4671 in

135 4725 192 4774 tum
205 4733 256 4789 pro
280 4715 386 4773 infinito
403 4717 504 4788 posuit,
526 4717 554 4772 id
576 4725 618 4772 est
631 4717 826 4789 quantamlibet
838 4717 932 4773 multi·
981 4714 1059 4787 virga
1072 4712 1249 4770 correctionis
1272 4717 1403 4767 venturus
1426 4724 1465 4776 es,
1489 4707 1547 4763 noli
1563 4707 1665 4764 venire.
1681 4705 1777 4762 Melius

136 4806 258 4862 tudinem
271 4805 434 4862 eruditomm
457 4806 489 4861 in
508 4804 628 4872 Christo,
652 4805 697 4878 qui
711 4822 767 4862 uon
781 4814 933 4880 genuerunt
982 4811 1023 4858 est
1036 4801 1108 4858 enim
1122 4800 1224 4857 emdiri
1237 4799 1265 4854 in
1279 4798 1359 4873 virga
1368 4798 1456 4870 patris
1465 4796 1585 4870 quernin
1594 4795 1778 4852 blandimento

136 4909 204 4962 v0s;
219 4894 268 4950 sed
282 4901 370 4950 tamen
387 4909 444 4950 nan
458 4893 563 4948 habetis
577 4894 682 4950 multos
696 4898 802 4968 putres,
819 4895 865 4967 qui
880 4912 932 4968 ge·
981 4889 1072 4963 perire
1085 4889 1233 4964 predonis.

135 4981 321 5038 naissentvos
341 4981 368 5036 iu
391 4979 445 5038 fade
460 4981 569 5038 Christi.
585 4983 656 5038 Nem
670 4999 719 5054 epo
733 4991 834 5039 tanturn
848 4987 933 5058 penui
1300 5028 1451 5086 CAPUTV

134 5087 191 5135 uos,
208 5069 370 5137 noniume‚
396 5070 445 5126 sad
469 5073 501 5126 in
517 5070 626 5127 carate
649 5072 724 5138 lesu,
740 5071 768 5127 id
783 5073 865 5128 estin
879 5073 933 5131 fide
1453 5070 1461 5085 ⁸

135 5158 244 5217 Christi.
259 5159 294 5214 Et
306 5159 359 5215 boe
372 5176 423 5233 per
432 5160 627 5230 Eneapeiium,
643 5159 671 5215 id
685 5167 727 5216 est
740 5176 790 5231 per
798 5162 932 5233 praediea-
1017 5157 1102 5214 vaus.
1119 5159 1172 5211 t-s.
1187 5185 1222 5194 -
1238 5155 1358 5211 Omnino
1373 5155 1491 5211 auditus·
1503 5154 1582 5209 inter
1597 5169 1642 5211 uos
1653 5153 1780 5224 semica-

133 5247 233 5306 tiouem
252 5263 352 5306 meam.
368 5247 425 5319 (st)
442 5249 508 5304 Cum
522 5248 703 5320 predixisset,
720 5265 773 5322 equ
787 5251 870 5324 genui
884 5267 933 5309 vos
983 5247 1031 5314 tio,
1042 5249 1071 5302 et
1082 5244 1317 5316 talissumieatie,
1329 5245 1421 5318 qualis
1431 5260 1483 5300 nee
1493 5244 1686 5315 interuentus,
1697 5241 1778 5296 itaut

137 5337 165 5392 in
180 5337 297 5405 Christo,
314 5336 428 5406 addidit,
440 5353 490 5410 per
503 5337 693 5411 Euangelium,
710 5355 745 5396 na
759 5337 845 5410 ipsius
854 5349 933 5412 puta·
982 5350 1101 5392 uxerem
1110 5334 1201 5407 patris
1209 5334 1255 5391 sui
1264 5333 1367 5406 aliquis
1377 5332 1487 5392 babeat.
1498 5332 1533 5388 Et
1543 5331 1692 5402 uasinflati
1699 5330 1778 5401 estis,

171 5509 221 5578 tut)
239 5513 380 5580 tumultu,
391 5513 418 5566 in
429 5515 490 5580 psat.
504 5529 597 5569 usur.
