3946 6070
113 250 182 306 libb

523 245 805 305 conuenientem
824 245 861 302 ΙΝ
876 245 1044 304 PSALHOS.
1060 275 1095 287 ·-
1110 246 1205 303 esst.
1226 248 1349 304 cxttttt.

1700 253 1769 308 ilbi

115 392 127 424 a
147 378 203 426 stra
218 389 226 438 ς
242 368 365 426 fordiam
380 369 558 442 petransisset
584 369 676 426 anima
699 376 793 426 nostra
816 383 915 444 aquam
930 369 1113 437 Asitientium
1123 369 1287 444 sanguinem
1300 378 1434 428 nostrum.
1450 371 1518 429 Dico
1531 386 1586 429 non
1610 371 1695 440 dedit,
1720 373 1771 430 sed

116 483 128 510 ι
147 457 388 516 intolerabilem.»

146 587 316 642 nonnum
327 585 525 658 pertransivit.
538 584 633 659 [nug]
647 584 730 656 Quasi
745 584 818 641 dicat
835 603 841 640 :
858 583 918 640 Nisi

117 674 251 732 Dominus
266 681 348 738 esset,
374 688 446 746 aqua
459 673 646 730 absorbuisset
660 690 720 743 nos,
738 674 787 729 sed
800 689 851 746 per
866 674 918 729 Dc

113 763 227 828 minum,
236 763 334 818 enimc
344 766 444 818 nostra
451 763 639 836 pertransivit
647 767 812 828 torrentem,
822 763 918 834 dequo

114 859 143 908 et
157 859 239 923 caput
253 850 320 905 bibit
334 850 361 905 in
380 851 425 906 sia
436 851 522 922 (Psoi.
540 851 608 922 cxx),
625 859 653 906 et
669 852 774 916 transit,
790 867 845 906 non
860 852 918 905 hae-

117 939 162 1006 sit,
179 939 243 1011 quia
260 954 359 1010 pessus
374 946 425 1004 est,
444 939 493 995 sed
512 939 670 1004 resurrexit,
687 939 855 995 etaseendit.
867 939 919 994 Per

116 1029 191 1100 quod
206 1036 233 1083 et
246 1027 325 1082 nobis
340 1028 456 1083 transire
466 1027 551 1084 dedit.
568 1029 697 1084 Forsitan
706 1028 917 1101 pertransisset,

116 1116 160 1171 vel
188 1116 368 1187 pertransiit,
390 1123 461 1184 ete,
487 1115 601 1172 forsitan
623 1123 726 1187 ponunt
752 1116 860 1183 Latini,
890 1125 919 1172 ut

114 1213 220 1275 ponunt
233 1219 285 1276 pro
295 1204 394 1263 Gracc
405 1199 457 1288 ἄρα
465 1204 640 1260 dubitationis
650 1205 745 1272 verbo,
754 1205 826 1277 quod
836 1205 919 1260 intel·

115 1287 247 1358 ligibilius
265 1287 459 1359 diciturputas,
471 1288 867 1358 pertransivitcnimanostra.
885 1289 919 1344 Et

115 1383 159 1430 est
173 1391 282 1440 sensus,
299 1375 377 1447 quasi
390 1389 440 1430 nes
453 1391 504 1446 per
520 1376 664 1431 Dominum
680 1376 916 1447 pertransivimus.

115 1465 152 1520 Et
165 1463 288 1530 forsitan,
313 1463 341 1518 isl
363 1471 405 1518 est
426 1479 461 1518 an
482 1471 571 1534 putas,
595 1463 754 1534 pertransiit
767 1465 856 1520 anima
870 1481 919 1521 no-

115 1560 172 1606 stra
200 1568 306 1625 aquam
328 1552 547 1608 intolerabilem.
578 1553 636 1618 Vel,
666 1553 725 1608 sine
754 1553 917 1619 substantia,

115 1640 196 1712 quasi
210 1639 371 1711 magnitudo
396 1637 511 1710 periculi
536 1639 581 1695 vix
595 1639 657 1694 sinit
671 1641 724 1697 hoc
739 1641 824 1698 credi.
840 1645 917 1714 Aqua

115 1736 206 1783 autem
219 1727 278 1784 sine
292 1727 443 1782 substantia
459 1735 521 1782 sunt
536 1727 611 1794 vitia,
621 1737 652 1794 ¹et
668 1737 788 1800 peccata,
812 1738 838 1785 et
853 1729 917 1784 dul·

116 1815 187 1872 cedo
201 1815 280 1884 hujus
295 1815 367 1883 vitre,
387 1831 449 1887 quae
460 1816 579 1886 inopiam
594 1817 705 1884 habent,
721 1834 775 1874 non
791 1819 920 1873 substan·

115 1905 182 1958 tiam
198 1923 206 1971 ;
221 1911 381 1977 egestatem,
407 1911 434 1958 et
457 1919 511 1958 non
533 1905 746 1974 subsistentiam,
773 1906 833 1979 quia
862 1907 920 1962 ltaec

116 2007 184 2048 vere
197 2006 251 2046 non
266 1997 339 2058 sunt,
356 1991 404 2046 sed
419 1993 663 2048 transeuutomnia
678 1993 919 2050 sineiruet11.Nam

116 2088 145 2136 et
160 2079 207 2152 qui
221 2080 362 2151 peccando
376 2079 496 2135 lucratur
521 2095 615 2135 aurum
643 2090 669 2136 et
684 2082 837 2150 hujusmodi
861 2081 920 2138 sine

115 2167 270 2222 substantia
283 2176 334 2233 est,
346 2167 409 2239 quie
424 2174 451 2222 et
466 2167 510 2223 liic
524 2166 605 2224 fidem
621 2169 725 2235 amittit,
742 2177 769 2225 et
783 2170 810 2224 in
832 2169 920 2226 infer-

116 2271 184 2310 num
198 2255 379 2320 descendens,
394 2256 453 2311 lisca
462 2271 517 2311 noa
529 2272 623 2312 seeum
635 2264 737 2328 portat.
754 2257 840 2327 Hujus
855 2273 921 2332 ergo

115 2343 215 2412 amisit,
230 2351 260 2398 ut
274 2342 365 2397 minus
388 2342 550 2410 lucraretur,
577 2345 717 2414 pecuniam
741 2345 822 2412 auxit,
839 2345 920 2401 iidem

117 2430 250 2502 neglexit,
262 2429 306 2486 tel
325 2431 462 2486 exstinxit.
479 2431 606 2487 abundat
624 2433 718 2488 neseio
732 2433 797 2505 quid
825 2433 852 2488 in
874 2450 920 2488 ar-

117 2535 159 2589 ca,
185 2519 234 2574 sed
262 2518 346 2574 multo
373 2518 463 2592 magis
491 2519 619 2592 quiddam
642 2520 804 2576 diminumm
825 2529 866 2577 est
893 2523 920 2577 in

16 2622 21 2632 ·
118 2607 203 2664 corde
220 2626 228 2673 ;
242 2606 277 2662 de
292 2622 356 2662 arca
372 2607 484 2680 gaudes,
501 2608 536 2663 de
560 2608 643 2664 corde
657 2625 712 2664 aon
727 2608 844 2683 plangis.
861 2609 921 2683 [xl-

117 2693 204 2768 cuin.]
216 2697 245 2750 ln
259 2696 311 2750 hac
326 2709 397 2766 aqua
412 2695 471 2750 sine
486 2694 637 2752 substantia
661 2697 778 2768 perdidit
791 2697 837 2754 ille
851 2697 922 2753 lilius

114 2782 208 2852 junior
222 2782 399 2838 substantiam
416 2800 498 2856 quam
514 2784 620 2856 accepit
639 2799 655 2840 a
669 2793 755 2857 patre,
766 2793 792 2841 et
807 2787 922 2842 adhaesit

967 459 1070 532 petius.

1002 551 1087 604 vans.
1105 553 1132 606 o.
1148 579 1183 590 -
1201 573 1212 598 ι
1227 547 1324 604 Anima
1344 555 1447 618 nostra,
1472 547 1541 605 sieut
1556 566 1659 622 passer,
1676 557 1769 622 erepta

970 660 981 686 s
999 646 1041 694 ast
1055 638 1089 694 de
1104 637 1206 710 laqueo
1221 637 1388 694 venantium.
1407 661 1418 686 s

1004 727 1106 784 Anima
1119 730 1219 783 nostra
1233 729 1331 800 erepta
1345 730 1397 792 est,
1413 725 1508 799 [Aug]
1518 735 1545 782 et
1555 727 1578 781 si
1588 743 1689 799 corpus
1703 743 1770 800 pas-

969 831 1040 870 sum.
1056 818 1094 871 lle
1110 816 1218 888 laqueo,
1236 815 1278 870 rel
1292 815 1443 886 nauscipula
1454 816 1631 871 venantium.
1642 815 1770 887 quianon

968 903 1073 974 capitur
1086 903 1230 959 dulcedine
1245 903 1386 975 praesentis
1401 903 1472 959 vitae.
1485 904 1563 960 Unde
1577 904 1700 975 sequitur
1722 919 1771 960 oc·

968 991 1045 1048 cisio.
1063 993 1199 1048 venantes
1214 1000 1286 1058 sunt,
1302 1000 1499 1064 persequentes
1517 1009 1524 1060 ;
1541 1008 1605 1048 esca
1619 992 1646 1046 in
1671 991 1772 1048 musci·

968 1080 1043 1151 pule,
1058 1081 1175 1136 dulcedo
1189 1081 1270 1150 huJus
1282 1081 1345 1136 vitae
1359 1089 1412 1136 est.
1428 1081 1501 1137 Esca
1516 1097 1584 1152 ergo
1594 1080 1772 1152 inmuscipu-

968 1169 995 1223 la
1011 1169 1131 1240 ponitur,
1143 1185 1204 1225 eum
1217 1185 1266 1240 per
1284 1169 1364 1238 liuius
1381 1169 1442 1224 vitm
1465 1168 1648 1235 dulcedinem,
1665 1169 1694 1223 in
1721 1184 1773 1224 ne·

969 1257 1080 1328 quitiam
1097 1257 1201 1313 trabere
1215 1258 1395 1313 contendunt.
1412 1257 1480 1312 Ilico
1495 1265 1588 1328 erepte
1612 1263 1654 1312 est
1682 1256 1773 1313 anima

968 1353 1070 1412 nostra,
1087 1362 1148 1417 quas
1162 1345 1238 1416 prius
1254 1353 1321 1414 erat,
1338 1345 1408 1401 sieut
1421 1360 1525 1416 passer,
1537 1345 1601 1416 qnia
1615 1344 1721 1400 incaute
1731 1344 1772 1398 in-

969 1433 1076 1489 stabilis
1085 1433 1223 1489 ceciderat
1234 1453 1242 1500 ;
1255 1434 1314 1502 sed,
1326 1433 1395 1488 sicut
1405 1433 1496 1504 aliquo
1507 1433 1621 1490 faciente
1630 1433 1772 1503 strepitum

968 1537 1098 1593 magnum
1112 1537 1211 1594 passer
1225 1522 1297 1578 volat
1313 1523 1348 1578 de
1375 1521 1525 1592 muscipula
1541 1521 1707 1584 venantium,
1733 1520 1773 1577 sie

969 1610 1060 1665 anima
1080 1619 1184 1676 nostra,
1201 1627 1262 1682 quae
1276 1617 1338 1666 ante
1355 1611 1416 1667 vitae
1445 1610 1589 1666 dulcedine
1619 1610 1773 1680 tenebatur,

932 1699 1086 1794 B[lomina
1100 1697 1217 1755 faciente
1240 1699 1387 1754 maximum
1409 1699 1547 1769 strepitum
1575 1699 1771 1771 gehennarum,

973 1795 1050 1842 eruta
1065 1795 1107 1842 est
1120 1787 1154 1842 de
1169 1787 1329 1858 muscipula.
1346 1787 1395 1842 Vel
1410 1788 1492 1843 medo
1508 1805 1514 1841 :
1529 1787 1618 1841 anima
1629 1794 1721 1842 nostra
1732 1793 1774 1842 est

971 1875 1042 1931 sieut
1056 1891 1162 1946 passer,
1179 1876 1241 1947 quia
1266 1876 1336 1932 sicut
1357 1891 1455 1946 passer
1478 1876 1543 1930 vitat
1569 1875 1695 1946 laqueum
1711 1892 1719 1942 3
1735 1875 1774 1930 sic

972 1964 1057 2019 sancti
1073 1964 1218 2020 dulcedine
1231 1965 1311 2034 nujus
1326 1964 1397 2031 vitae,
1413 1981 1474 2037 quae
1492 1973 1533 2020 est
1548 1963 1627 2036 quasi
1645 1963 1770 2035 laqueus,
1842 2009 1846 2016 .

970 2053 1004 2108 Et
1019 2053 1069 2108 iste

1008 2142 1093 2196 l'aas.
1108 2143 1135 2196 Ἰ.
1151 2171 1186 2182 -
1203 2163 1214 2193 ι
1233 2142 1360 2213 Laqueus
1374 2142 1507 2198 contritus
1523 2149 1572 2197 est.
1589 2142 1624 2197 Et
1635 2157 1685 2196 nos
1701 2140 1772 2196 libe-

973 2229 1050 2284 orati
1066 2243 1199 2283 sumus.»

1006 2318 1133 2390 iaqueus
1156 2319 1370 2386 contritusest,
1388 2318 1479 2391 ltlug,
1490 2317 1627 2392 Cassiod]
1642 2317 1712 2387 Quia
1724 2331 1773 2373 oc·

972 2404 1036 2460 eisis
1063 2405 1228 2476 martyribus
1256 2420 1311 2461 non
1342 2413 1432 2478 restat,
1455 2406 1572 2462 dulcedo
1599 2407 1679 2476 hujus
1694 2405 1770 2472 ritae,

972 2507 1025 2565 qua
1039 2492 1144 2564 possint
1158 2493 1256 2548 iterum
1276 2493 1337 2565 capi
1353 2513 1360 2561 ;
1376 2495 1425 2550 sed
1454 2494 1507 2566 ipsi
1521 2510 1576 2549 non
1601 2493 1681 2549 simul
1703 2508 1772 2550 oon-

971 2580 1024 2634 triti
1040 2587 1116 2651 sunt,
1145 2581 1200 2637 imo
1213 2581 1331 2637 liberati.
1347 2583 1384 2638 iit
1398 2599 1449 2640 nos
1463 2599 1562 2639 snmus
1573 2583 1700 2650 liberati,
1727 2581 1773 2652 qui

971 2670 1137 2724 haeseramus
1164 2677 1227 2726 ente
1254 2669 1281 2725 in
1307 2670 1471 2742 muscipula.
1500 2671 1534 2726 Et
1555 2679 1616 2726 uota
1640 2669 1714 2742 quod
1737 2669 1774 2724 ait

971 2756 1083 2829 laqueus
1110 2759 1242 2814 contritus
1272 2767 1323 2826 est,
1340 2758 1415 2831 quasi
1431 2758 1478 2831 qui
1496 2758 1600 2814 ferrcus
1614 2767 1683 2814 erat.
1712 2757 1774 2813 Non

117 2871 165 2926 uni
180 2871 279 2928 civium
300 2871 422 2945 regionis
447 2871 529 2938 illius,
552 2873 580 2926 id
603 2881 645 2928 est
668 2872 787 2940 diabolo,
803 2889 921 2944 pascens
971 2845 1007 2900 ’ᾗ
1023 2855 1128 2917 rupms’
1144 2855 1173 2946 Ψ
1188 2855 1267 2946 ⁵²pr
1291 2847 1427 2918 mmmm?
1443 2865 1450 2902 ²
1467 2855 1540 2903 Μ
1555 2847 1684 2904 s⁰s²it¹¹d⁰
1698 2846 1772 2914 ΜΠ·

118 2975 228 3030 porcos,
245 2959 273 3014 id
287 2959 455 3014 estterrenis
470 2968 497 3014 et
515 2960 662 3016 immundis
677 2961 784 3017 actibus
799 2961 920 3018 delecta-
971 2941 1044 2989 ΨΜ
1060 2942 1180 3004 P⁰¹e¹¹¹¹⁰
1206 2935 1356 2991 hbemmis·
1387 2934 1476 3005 Quare
1503 2937 1636 2991 ⁰⁰¹¹ffi²¹¹⁵
1663 2943 1704 2990 0⁵¹
1731 2935 1774 2990 ια’

118 3055 172 3112 tus,
186 3047 348 3102 desiderans
363 3047 528 3104 manducare
551 3048 667 3121 siliquas
681 3065 842 3120 porcorum,
860 3067 921 3122 quae
937 3038 1067 3142 Gq¹¹⁹¹¹⁵¹
1084 3031 1110 3077 ⁰¹
1125 3039 1176 3078 ¹¹⁰⁵
1191 3023 1319 3078 libmfi?
1335 3024 1397 3095 «μήθ

116 3135 371 3206 implentrentrem,
383 3143 411 3190 et
424 3136 587 3191 nonsatiant
598 3139 676 3196 tine.
690 3139 763 3207 vtrx).
773 3138 812 3192 lta
825 3146 851 3194 et
861 3154 922 3208 pec·
1007 3111 1092 3165 vm·
1110 3115 1136 3166 ⁸·
1152 3141 1187 3152 “
1204 3132 1215 3161 ‘
1232 3111 1402 3181 Adfumfium
1418 3119 1542 3168 ”⁰⁵²¹'um
1553 3112 1581 3166 1¹¹
1595 3111 1705 3167 ¹¹⁰mi¹¹⁰
1719 3111 1774 3165 ¹³⁰¹

117 3231 181 3281 cata
199 3223 250 3278 etsi
264 3224 299 3279 ad
310 3225 401 3278 horam
413 3223 559 3294 delectant,
571 3235 763 3281 verumtamen
773 3226 923 3282 satietatem
976 3219 986 3250 ¹
1002 3198 1075 3264 mini·
1093 3199 1139 3271 ‘lui
1154 3198 1216 3256 f⁰⁰i¹
1231 3199 1329 3254 coelum
1341 3208 1367 3255 εἰ
1381 3209 1494 3255 ΨΜ
1516 3221 1527 3250 ’

116 3328 173 3368 non
189 3319 330 3383 praestant,
347 3313 396 3368 sed
411 3312 493 3368 totius
509 3313 573 3368 troni
588 3313 769 3388 indigentiam
784 3315 919 3387 ingerunt.
1006 3288 1363 3360 Adfuw'wmm‘mmfn
1375 3287 1772 3362 'mmm‘⁰⁰m5m³10²²⁸⁵i⁰df

119 3402 185 3456 Haec
199 3407 241 3455 est
255 3400 314 3456 ovis
338 3401 506 3466 errabunda,
532 3417 614 3472 quam
624 3402 685 3474 pius
693 3404 823 3474 pastoria
836 3405 925 3460 Evan-
973 3384 1066 3432 ⁰⁰¹¹“a
1082 3391 1163 3475 ‘Nem
1177 3377 1267 3432 nunus
1295 3378 1433 3448 Psaefaleb
1456 3385 1503 3452 Ψ
1519 3379 1588 3450 sim
1615 3379 1717 3434 mlum
1745 3383 1774 3434 θ’

119 3488 194 3562 gello
209 3487 309 3560 legitur
331 3489 473 3561 quaesiisse
495 3489 598 3545 relictis
621 3491 882 3564 nonagintanovem
896 3493 923 3547 in
972 3468 1090 3530 “tran'’
1107 3465 1134 3520 ’ἃ
1149 3473 1190 3521 ‘³⁵‘
1205 3465 1295 3523 ⁰¹¹¹¹¹i⁸
1307 3466 1434 3522 ‘⁰oe¹⁰⁵¹i¹²
1449 3475 1476 3522 0²
1490 3467 1638 3524 ferrem·

121 3578 230 3632 desellO
245 3578 325 3646 (12²¹ss-
338 3577 408 3648 xvii
428 3577 487 3642 sed,
504 3585 648 3660 antequam
663 3579 924 3653 reducereltlonge
973 3604 1105 3644 comario
1125 3606 1155 3646 ru
1175 3605 1302 3647 estinan
1322 3607 1411 3647 cxxtn
1429 3610 1435 3648 :
1455 3616 1466 3640 a
1484 3609 1541 3649 urst
1562 3607 1629 3657 euax
1651 3607 1776 3648 mutuus

121 3673 162 3721 est
176 3665 358 3732 comminatus
379 3665 479 3734 baculo
507 3667 634 3723 Mosaicae
657 3667 739 3741 legis,
764 3676 792 3722 ut
815 3669 922 3725 ovicula
1202 3677 1276 3717 Erat
1290 3678 1319 3717 ld
1335 3679 1433 3734 roms,
1454 3684 1465 3712 r
1483 3674 1533 3720 etc.

120 3769 150 3808 ΒΘ
166 3769 276 3809 el'l'dsse
287 3763 477 3827 cognoscem,
490 3762 514 3810 ef
525 3755 596 3810 ultra
604 3771 698 3811 ΕΓΙὭΓΘ
708 3756 921 3827 peffflllescel'el,
1009 3766 1094 3821 Vm,
1112 3767 1172 3824 4,-
1185 3769 1346 3824 Torrgmgm
1357 3770 1545 3840 pertranavit
1555 3771 1652 3824 anima
1663 3773 1773 3837 nostra,

54 3885 58 3890 .
117 3850 200 3913 nsque
214 3857 265 3912 per
279 3858 308 3896 se
325 3843 415 3898 redire
439 3859 492 3898 non
509 3842 604 3898 valens
619 3845 789 3901 reductorem
812 3845 921 3900 humili.
972 3835 1152 3907 Hieronymus
1168 3845 1194 3892 et
1209 3839 1310 3900 caeteri,
1324 3843 1434 3896 torrens
1443 3840 1705 3912 pertransiitsuper
1715 3841 1776 3894 ani·

118 3938 161 3985 ter
171 3937 342 4001 exspectaret
357 3938 384 3985 et
407 3931 596 3987 desideraret:
613 3932 658 4004 qui
681 3949 740 3988 eam
756 3929 862 3989 virifica
877 3933 924 3986 ba·
972 3924 1050 3989 ‚mam
1064 3912 1203 3989 mmm:
1218 3908 1327 3990 ¹¹.Q.¹¹⁰d
1356 3918 1397 3991 ‘³5¹
1410 3910 1518 3990 melini·
1537 3910 1584 3991 ait·
1594 3909 1775 3981 ffi‘imnfmus

118 4019 211 4090 mimi
240 4034 310 4090 aqua
333 4018 424 4088 lotam,
453 4019 552 4076 siccata
581 4036 654 4092 aqua
678 4021 736 4076 sine
760 4021 920 4089 substantia,
972 3993 999 4031 m
1015 3979 1215 4034 Commentario
1235 3989 1313 4033 istius
1332 3980 1477 4051 loe1,qucd
1502 3979 1623 4052 intelligo
1645 3988 1775 4052 quantum

232 4107 238 4118 ‚
351 4107 357 4118 ·
633 4109 638 4119 ¹
752 4109 758 4121 ο
972 4048 1006 4102 ad
1021 4048 1145 4103 litteram.
1163 4048 1302 4121 Siquidem
1318 4061 1447 4121 quantum
1472 4051 1506 4106 ad
1531 4067 1641 4106 sensum
1669 4051 1774 4118 attinet,

118 4115 258 4164 consortio
268 4107 393 4181 angelico
407 4108 543 4179 redderet,
559 4110 707 4182 prodigum
723 4109 807 4164 titium
823 4125 922 4166 neces·
973 4119 1171 4174 tribulationem
1186 4137 1247 4192 quae
1261 4137 1310 4190 per
1326 4130 1475 4177 terrentem
1490 4121 1619 4192 accipitur
1650 4131 1775 4194 pertran-

119 4195 199 4250 sitate
214 4196 294 4266 longa
309 4194 463 4252 confectum
477 4197 511 4251 ad
527 4205 632 4267 patrem
648 4198 794 4253 reducens,
822 4197 870 4254 vel
885 4197 922 4253 ira
973 4188 1006 4243 sit
1020 4189 1111 4244 anime
1126 4200 1232 4255 nostra,
1255 4192 1317 4246 dum
1330 4191 1434 4248 fort-iter
1450 4193 1602 4250 resistendo
1627 4193 1719 4259 vineit,
1750 4201 1776 4248 et

120 4283 271 4340 secundum
286 4283 403 4339 litteram
419 4293 550 4350 nostram,
566 4285 689 4352 forsitan,
714 4287 791 4357 quasi
801 4303 851 4357 per
864 4287 922 4341 Do·
972 4260 1167 4342 eideffbwpes
1181 4262 1301 4317 animam
1323 4263 1444 4320 ²3⁰
1460 4263 1620 4346 pertransit,
1637 4261 1774 4346 ‘lumfffli‘

120 4371 225 4426 minum
246 4371 380 4442 transivit,
411 4371 460 4427 sed
490 4371 600 4428 forsitan
625 4381 651 4429 et
674 4374 696 4427 si
716 4374 848 4430 Dominus
868 4390 922 4430 non
972 4332 1144 4402 guqmdem'
1162 4333 1209 4388 sed
1225 4335 1421 4390 n⁰n⁸b⁸⁰¹⁸be¹
1439 4345 1774 4408 :qumpouusquafflsu'

120 4467 195 4515 ...a
209 4459 235 4513 u
251 4459 340 4527 nous.
366 4459 441 4516 a...
465 4469 492 4514 a
515 4461 623 4533 aaa,
753 4471 846 4518 ms
860 4439 957 4534 ser-D
973 4401 1678 4545 iiiiii}iitiiltiiltttlnf·inum
1696 4491 1776 4548 san

119 4547 264 4602 transisset
292 4563 390 4620 aquam
414 4548 611 4605 intolerabilem
635 4551 708 4621 quod
728 4551 839 4608 omnino
866 4567 921 4606 non

974 4545 1135 4616 superbire:
1159 4555 1185 4599 et
1214 4562 1283 4617 pene
1321 4547 1354 4602 ad
1382 4547 1454 4602 idem
1482 4547 1582 4601 caeteri.
1613 4546 1773 4614 Huiusmodi

122 4643 197 4690 esse,
213 4635 239 4689 i„
255 4634 343 4690 nobis·
976 4629 1052 4685 aquae
1067 4615 1200 4688 supereo,
1213 4633 1271 4681 seu,
1284 4619 1395 4673 utrcrtit
1406 4619 1569 4681 liunsterus,
1586 4619 1774 4680 intumentes,

976 4685 1116 4756 energiam
1131 4702 1207 4741 suam
1217 4689 1334 4743 retinent
1345 4689 1372 4742 iu
1380 4705 1452 4770 aqua
1464 4687 1648 4744 intolerabili.
1660 4689 1720 4743 Non
1731 4687 1775 4768 pi-

975 4755 1050 4826 gebit
1065 4758 1165 4813 addere
1189 4758 1256 4829 quid
1270 4759 1296 4812 in
1325 4761 1376 4815 hoe
1392 4768 1425 4813 sit
1440 4767 1638 4814 commentatus
1652 4757 1685 4812 D.
1709 4758 1776 4812 Hie-

976 4843 1036 4882 ran.
1054 4828 1172 4882 Verbum
1188 4829 1368 4890 ἀνυπόστατον
1382 4830 1452 4900 apud
1483 4829 1596 4885 aracos
1616 4829 1776 4902 ambiguum

976 4918 1026 4976 est,
1037 4919 1063 4966 et
1078 4919 1166 4980 polest
1182 4926 1281 4965 sonare
1291 4911 1362 4982 quoct
1377 4931 1434 4969 non
1450 4911 1597 4980 subsistat,
1608 4922 1633 4968 et
1649 4914 1720 4986 qnod
1730 4915 1775 4968 in·

977 4982 1122 5036 tolerabile
1130 4983 1179 5044 sit,
1198 4981 1249 5037 hoc
1264 4990 1305 5035 est
1320 4984 1393 5052 quod
1404 5001 1484 5039 nemo
1501 4983 1573 5038 ferro
1601 4991 1691 5055 queat.
1722 4985 1775 5039 Pro

976 5067 1030 5123 quo
1044 5059 1071 5106 et
1085 5051 1182 5123 Aquila
1197 5059 1223 5105 et
1239 5049 1426 5123 Symmachus,
1452 5064 1479 5110 et
1493 5055 1655 5120 Theodosio,
1672 5063 1698 5108 et
1713 5070 1775 5110 om-

975 5137 1025 5176 nes
1048 5123 1208 5192 interpretes
1241 5121 1299 5192 pari
1332 5139 1398 5180 voce
1427 5125 1614 5190 consentiunt,
1644 5128 1777 5198 surtarias

976 5209 1063 5265 aquas
1077 5197 1105 5247 el
1116 5197 1348 5263 arroganterque
1354 5195 1743 5257 &waimarsotraasfereutes
1763 5219 1774 5244 u

976 5275 1113 5330 Hactenus
1128 5276 1186 5330 ille.
1206 5277 1340 5333 Hebraice
1355 5286 1396 5332 est
1407 5288 1536 5340 narratam
1546 5291 1628 5344 nrm
1644 5295 1775 5338 annuant

977 5361 1165 5404 nazancenus.

156 4776 242 4831 Vnus.
259 4780 284 4831 5.
301 4807 335 4818 -
353 4799 363 4828 ι
381 4777 543 4834 Benedictus
558 4779 700 4846 Dominus,
717 4779 762 4852 qui
778 4779 922 4835 condedit

121 4887 133 4916 ι
152 4880 203 4920 nos
217 4866 245 4920 in
259 4866 386 4938 captione
405 4866 644 4923 dentilxuseorum.
665 4889 675 4919 s

157 4989 336 5046 benedictus.
352 4988 500 5064 [Cassiod]
516 4991 641 5049 Secunda
663 5008 738 5064 pars,
766 4991 812 5048 ubi
836 4994 921 5049 sancti

119 5076 223 5149 gratias
238 5086 332 5148 agitat,
350 5080 423 5150 quod
447 5079 563 5146 liberati,
587 5089 613 5136 et
642 5083 715 5153 quod
742 5081 854 5152 laqueus
881 5089 924 5137 est

119 5164 263 5232 contritus,
279 5166 356 5237 quasi
383 5174 411 5222 et
426 5167 490 5240 quie
501 5169 621 5224 transivi.
638 5167 807 5226 Benedictus
825 5171 922 5225 Domi-

118 5268 176 5308 nus
190 5255 304 5325 quinon
319 5253 398 5310 dedit
412 5269 463 5311 ncs
473 5257 652 5331 inceptione,
666 5257 710 5312 vel
726 5257 753 5312 in
768 5259 921 5326 venatione,

120 5340 253 5396 dentibus
268 5357 374 5410 eoram,
383 5340 617 5418 {Aug.,tlassiod.]
628 5346 707 5418 quasi
717 5362 792 5402 more
802 5345 921 5403 ferarum
