<?xml version="1.0" encoding="UTF-8"?>
<!DOCTYPE html PUBLIC "-//W3C//DTD XHTML 1.0 Transitional//EN"
    "http://www.w3.org/TR/xhtml1/DTD/xhtml1-transitional.dtd">
<html xmlns="http://www.w3.org/1999/xhtml" xml:lang="en" lang="en">
 <head>
  <title>
</title>
<meta http-equiv="Content-Type" content="text/html;charset=utf-8" />
  <meta name='ocr-system' content='tesseract 3.04.00' />
  <meta name='ocr-capabilities' content='ocr_page ocr_carea ocr_par ocr_line ocrx_word'/>
</head>
<body>
  <div class='ocr_page' id='page_1' title='image "./patrologiaecurs122unkngoog/patrologiaecurs122unkngoog_0250.png"; bbox 0 0 3882 6064; ppageno 0'>
   <div class='ocr_carea' id='block_1_1' title="bbox 198 189 1846 252">
    <p class='ocr_par' dir='ltr' id='par_1_1' title="bbox 198 189 1846 252">
     <span class='ocr_line' id='line_1_1' title="bbox 198 189 1846 252; baseline -0.001 0"><span class='ocrx_word' id='word_1_1' title='bbox 198 199 246 252; x_wconf 68' lang='grc' dir='ltr'>ιιι</span> <span class='ocrx_word' id='word_1_2' title='bbox 926 193 1029 249; x_wconf 78' lang='lat' dir='ltr'>PETRI</span> <span class='ocrx_word' id='word_1_3' title='bbox 1042 189 1221 249; x_wconf 74' lang='lat' dir='ltr'>honestant</span> <span class='ocrx_word' id='word_1_4' title='bbox 1790 195 1846 251; x_wconf 77' lang='lat' dir='ltr'>tas</span> 
     </span>
    </p>
   </div>
   <div class='ocr_carea' id='block_1_2' title="bbox 187 315 1845 2514">
    <p class='ocr_par' dir='ltr' id='par_1_2' title="bbox 198 315 1845 567">
     <span class='ocr_line' id='line_1_2' title="bbox 198 315 1845 390; baseline 0.001 -19"><span class='ocrx_word' id='word_1_5' title='bbox 198 341 210 371; x_wconf 76' lang='grc' dir='ltr'>ι</span> <span class='ocrx_word' id='word_1_6' title='bbox 227 321 301 375; x_wconf 89' lang='lat' dir='ltr'>Deus</span> <span class='ocrx_word' id='word_1_7' title='bbox 316 316 411 373; x_wconf 91' lang='lat' dir='ltr'>salutis</span> <span class='ocrx_word' id='word_1_8' title='bbox 425 334 514 387; x_wconf 65' lang='lat' dir='ltr'>mea,</span> <span class='ocrx_word' id='word_1_9' title='bbox 529 325 556 375; x_wconf 89' lang='lat' dir='ltr'>et</span> <span class='ocrx_word' id='word_1_10' title='bbox 571 316 716 373; x_wconf 70' lang='lat' dir='ltr'><strong>exsultabit</strong></span> <span class='ocrx_word' id='word_1_11' title='bbox 728 315 822 389; x_wconf 89' lang='lat' dir='ltr'>lingua</span> <span class='ocrx_word' id='word_1_12' title='bbox 838 331 900 372; x_wconf 90' lang='lat' dir='ltr'>mea</span> <span class='ocrx_word' id='word_1_13' title='bbox 912 315 994 387; x_wconf 81' lang='lat' dir='ltr'>justi·</span> <span class='ocrx_word' id='word_1_14' title='bbox 1009 317 1178 380; x_wconf 82' lang='lat' dir='ltr'>Acusando.</span> <span class='ocrx_word' id='word_1_15' title='bbox 1194 315 1274 372; x_wconf 86' lang='lat' dir='ltr'>Prius</span> <span class='ocrx_word' id='word_1_16' title='bbox 1287 315 1351 374; x_wconf 90' lang='lat' dir='ltr'>dicit</span> <span class='ocrx_word' id='word_1_17' title='bbox 1365 316 1521 384; x_wconf 92' lang='lat' dir='ltr'>contritum,</span> <span class='ocrx_word' id='word_1_18' title='bbox 1539 324 1565 373; x_wconf 90' lang='lat' dir='ltr'>et</span> <span class='ocrx_word' id='word_1_19' title='bbox 1578 325 1641 390; x_wconf 91' lang='lat' dir='ltr'>post</span> <span class='ocrx_word' id='word_1_20' title='bbox 1654 317 1845 374; x_wconf 90' lang='lat' dir='ltr'>humiliatum:</span> 
     </span>
     <span class='ocr_line' id='line_1_3' title="bbox 200 404 1845 477; baseline 0.002 -17"><span class='ocrx_word' id='word_1_21' title='bbox 200 409 294 462; x_wconf 78' lang='lat' dir='ltr'>stiam</span> <span class='ocrx_word' id='word_1_22' title='bbox 308 413 424 462; x_wconf 84' lang='lat' dir='ltr'>tuam.»</span> <span class='ocrx_word' id='word_1_23' title='bbox 1046 405 1108 476; x_wconf 89' lang='lat' dir='ltr'>quia</span> <span class='ocrx_word' id='word_1_24' title='bbox 1135 421 1190 460; x_wconf 93' lang='lat' dir='ltr'>non</span> <span class='ocrx_word' id='word_1_25' title='bbox 1218 412 1307 477; x_wconf 90' lang='lat' dir='ltr'>potest</span> <span class='ocrx_word' id='word_1_26' title='bbox 1333 405 1478 472; x_wconf 88' lang='lat' dir='ltr'>humiliari,</span> <span class='ocrx_word' id='word_1_27' title='bbox 1509 404 1562 460; x_wconf 90' lang='lat' dir='ltr'>nisi</span> <span class='ocrx_word' id='word_1_28' title='bbox 1588 405 1662 477; x_wconf 89' lang='lat' dir='ltr'>prius</span> <span class='ocrx_word' id='word_1_29' title='bbox 1697 407 1845 464; x_wconf 90' lang='lat' dir='ltr'>contritum</span> 
     </span>
     <span class='ocr_line' id='line_1_4' title="bbox 232 491 1089 567; baseline -0.004 -17"><span class='ocrx_word' id='word_1_30' title='bbox 232 494 803 567; x_wconf 66' lang='lat' dir='ltr'>atterensdesanqatnttasneasnteus.</span> <span class='ocrx_word' id='word_1_31' title='bbox 819 491 913 567; x_wconf 81' lang='lat' dir='ltr'>[dug.,</span> <span class='ocrx_word' id='word_1_32' title='bbox 926 494 995 549; x_wconf 86' lang='lat' dir='ltr'>Cas·</span> <span class='ocrx_word' id='word_1_33' title='bbox 1046 492 1089 548; x_wconf 88' lang='lat' dir='ltr'>sit.</span> 
     </span>
    </p>

    <p class='ocr_par' dir='ltr' id='par_1_3' title="bbox 193 581 1236 920">
     <span class='ocr_line' id='line_1_5' title="bbox 200 581 993 655; baseline -0.004 -17"><span class='ocrx_word' id='word_1_34' title='bbox 200 582 284 655; x_wconf 83' lang='lat' dir='ltr'>aiod]</span> <span class='ocrx_word' id='word_1_35' title='bbox 297 582 400 639; x_wconf 84' lang='lat' dir='ltr'><strong>Omnes</strong></span> <span class='ocrx_word' id='word_1_36' title='bbox 417 583 543 640; x_wconf 82' lang='lat' dir='ltr'>novimus</span> <span class='ocrx_word' id='word_1_37' title='bbox 566 582 659 638; x_wconf 89' lang='lat' dir='ltr'>Latine</span> <span class='ocrx_word' id='word_1_38' title='bbox 674 597 729 637; x_wconf 92' lang='lat' dir='ltr'>non</span> <span class='ocrx_word' id='word_1_39' title='bbox 753 581 808 638; x_wconf 91' lang='lat' dir='ltr'>dici</span> <span class='ocrx_word' id='word_1_40' title='bbox 836 581 993 655; x_wconf 88' lang='lat' dir='ltr'>sanguines,</span> 
     </span>
     <span class='ocr_line' id='line_1_6' title="bbox 196 669 994 745; baseline -0.003 -19"><span class='ocrx_word' id='word_1_41' title='bbox 196 672 245 728; x_wconf 89' lang='lat' dir='ltr'>sed</span> <span class='ocrx_word' id='word_1_42' title='bbox 261 671 432 745; x_wconf 91' lang='lat' dir='ltr'>sanguinem,</span> <span class='ocrx_word' id='word_1_43' title='bbox 449 671 498 728; x_wconf 90' lang='lat' dir='ltr'>sed</span> <span class='ocrx_word' id='word_1_44' title='bbox 527 671 578 727; x_wconf 94' lang='lat' dir='ltr'>etsi</span> <span class='ocrx_word' id='word_1_45' title='bbox 592 671 682 726; x_wconf 90' lang='lat' dir='ltr'>minus</span> <span class='ocrx_word' id='word_1_46' title='bbox 701 670 794 726; x_wconf 89' lang='lat' dir='ltr'>Latine</span> <span class='ocrx_word' id='word_1_47' title='bbox 810 669 915 726; x_wconf 90' lang='lat' dir='ltr'>dicatur</span> <span class='ocrx_word' id='word_1_48' title='bbox 932 669 994 740; x_wconf 93' lang='lat' dir='ltr'>plu-</span> 
     </span>
     <span class='ocr_line' id='line_1_7' title="bbox 195 757 993 832; baseline -0.005 -16"><span class='ocrx_word' id='word_1_49' title='bbox 195 759 288 816; x_wconf 90' lang='lat' dir='ltr'>raliter</span> <span class='ocrx_word' id='word_1_50' title='bbox 302 776 384 832; x_wconf 90' lang='lat' dir='ltr'>quam</span> <span class='ocrx_word' id='word_1_51' title='bbox 397 759 583 832; x_wconf 79' lang='lat' dir='ltr'>singulariter,</span> <span class='ocrx_word' id='word_1_52' title='bbox 598 767 690 814; x_wconf 90' lang='lat' dir='ltr'>tamen</span> <span class='ocrx_word' id='word_1_53' title='bbox 703 758 792 832; x_wconf 85' lang='lat' dir='ltr'>magis</span> <span class='ocrx_word' id='word_1_54' title='bbox 807 758 918 830; x_wconf 84' lang='lat' dir='ltr'>proprie</span> <span class='ocrx_word' id='word_1_55' title='bbox 933 757 993 830; x_wconf 95' lang='lat' dir='ltr'>plu·</span> 
     </span>
     <span class='ocr_line' id='line_1_8' title="bbox 193 820 1236 920; baseline -0.002 -18"><span class='ocrx_word' id='word_1_56' title='bbox 193 847 287 905; x_wconf 87' lang='lat' dir='ltr'>ralitcr</span> <span class='ocrx_word' id='word_1_57' title='bbox 300 847 376 915; x_wconf 88' lang='lat' dir='ltr'>dixit,</span> <span class='ocrx_word' id='word_1_58' title='bbox 392 848 508 904; x_wconf 92' lang='lat' dir='ltr'>innuens</span> <span class='ocrx_word' id='word_1_59' title='bbox 521 847 607 904; x_wconf 90' lang='lat' dir='ltr'>multa</span> <span class='ocrx_word' id='word_1_60' title='bbox 625 854 740 919; x_wconf 88' lang='lat' dir='ltr'>peccata</span> <span class='ocrx_word' id='word_1_61' title='bbox 754 863 788 902; x_wconf 84' lang='lat' dir='ltr'>ex</span> <span class='ocrx_word' id='word_1_62' title='bbox 801 845 906 920; x_wconf 90' lang='lat' dir='ltr'>origine</span> <span class='ocrx_word' id='word_1_63' title='bbox 930 862 994 902; x_wconf 90' lang='lat' dir='ltr'>car·</span> <span class='ocrx_word' id='word_1_64' title='bbox 1045 841 1056 866; x_wconf 88' lang='lat'>¹‘</span> <span class='ocrx_word' id='word_1_65' title='bbox 1076 820 1204 876; x_wconf 57' lang='lat' dir='ltr'><strong>malem·</strong></span> <span class='ocrx_word' id='word_1_66' title='bbox 1225 843 1236 868; x_wconf 78' lang='lat'><em>”</em></span> 
     </span>
    </p>

    <p class='ocr_par' dir='ltr' id='par_1_4' title="bbox 187 933 1842 2514">
     <span class='ocr_line' id='line_1_9' title="bbox 195 933 1840 1011; baseline 0.001 -19"><span class='ocrx_word' id='word_1_67' title='bbox 195 937 238 992; x_wconf 92' lang='lat' dir='ltr'>nis</span> <span class='ocrx_word' id='word_1_68' title='bbox 252 937 359 1008; x_wconf 91' lang='lat' dir='ltr'>peccati</span> <span class='ocrx_word' id='word_1_69' title='bbox 372 937 455 1004; x_wconf 90' lang='lat' dir='ltr'>trabi,</span> <span class='ocrx_word' id='word_1_70' title='bbox 469 937 498 992; x_wconf 93' lang='lat' dir='ltr'>id</span> <span class='ocrx_word' id='word_1_71' title='bbox 512 944 554 993; x_wconf 91' lang='lat' dir='ltr'>est</span> <span class='ocrx_word' id='word_1_72' title='bbox 568 953 601 993; x_wconf 80' lang='grc' dir='ltr'>ει</span> <span class='ocrx_word' id='word_1_73' title='bbox 616 951 698 992; x_wconf 88' lang='lat' dir='ltr'>carne</span> <span class='ocrx_word' id='word_1_74' title='bbox 712 950 763 1007; x_wconf 91' lang='lat' dir='ltr'>per</span> <span class='ocrx_word' id='word_1_75' title='bbox 777 933 912 1009; x_wconf 79' lang='lat' dir='ltr'>originale</span> <span class='ocrx_word' id='word_1_76' title='bbox 925 950 993 1006; x_wconf 91' lang='lat' dir='ltr'>pec-</span> <span class='ocrx_word' id='word_1_77' title='bbox 1079 935 1202 1007; x_wconf 77' lang='lat' dir='ltr'>Benigne</span> <span class='ocrx_word' id='word_1_78' title='bbox 1211 937 1268 1007; x_wconf 76' lang='lat' dir='ltr'>sac.</span> <span class='ocrx_word' id='word_1_79' title='bbox 1285 933 1562 1007; x_wconf 78' lang='lat' dir='ltr'>[Cassiod.,dlcuin.,</span> <span class='ocrx_word' id='word_1_80' title='bbox 1591 938 1674 1011; x_wconf 69' lang='lat' dir='ltr'>lug,</span> <span class='ocrx_word' id='word_1_81' title='bbox 1703 937 1749 995; x_wconf 88' lang='lat' dir='ltr'>Gl.</span> <span class='ocrx_word' id='word_1_82' title='bbox 1777 939 1840 1010; x_wconf 84' lang='lat' dir='ltr'>int,</span> 
     </span>
     <span class='ocr_line' id='line_1_10' title="bbox 197 1020 1839 1098; baseline 0.001 -16"><span class='ocrx_word' id='word_1_83' title='bbox 197 1033 288 1082; x_wconf 89' lang='lat' dir='ltr'>catum</span> <span class='ocrx_word' id='word_1_84' title='bbox 302 1033 440 1097; x_wconf 88' lang='lat' dir='ltr'>corrupta.</span> <span class='ocrx_word' id='word_1_85' title='bbox 460 1025 536 1082; x_wconf 86' lang='lat' dir='ltr'>Unde</span> <span class='ocrx_word' id='word_1_86' title='bbox 548 1042 555 1080; x_wconf 75' lang='grc' dir='ltr'>ε</span> <span class='ocrx_word' id='word_1_87' title='bbox 569 1026 674 1082; x_wconf 82' lang='lat' dir='ltr'>dorcet</span> <span class='ocrx_word' id='word_1_88' title='bbox 684 1024 801 1095; x_wconf 77' lang='lat' dir='ltr'>sanguia</span> <span class='ocrx_word' id='word_1_89' title='bbox 811 1039 932 1095; x_wconf 76' lang='lat' dir='ltr'>regnam</span> <span class='ocrx_word' id='word_1_90' title='bbox 941 1025 993 1080; x_wconf 89' lang='lat' dir='ltr'>Dei</span> <span class='ocrx_word' id='word_1_91' title='bbox 1044 1024 1127 1094; x_wconf 68' lang='lat' dir='ltr'>Aug,</span> <span class='ocrx_word' id='word_1_92' title='bbox 1144 1020 1243 1096; x_wconf 86' lang='lat' dir='ltr'>Greg.]</span> <span class='ocrx_word' id='word_1_93' title='bbox 1257 1021 1358 1092; x_wconf 90' lang='lat' dir='ltr'>Quinta</span> <span class='ocrx_word' id='word_1_94' title='bbox 1372 1038 1448 1095; x_wconf 85' lang='lat' dir='ltr'>para,</span> <span class='ocrx_word' id='word_1_95' title='bbox 1461 1023 1519 1095; x_wconf 86' lang='lat' dir='ltr'>jam</span> <span class='ocrx_word' id='word_1_96' title='bbox 1532 1023 1657 1098; x_wconf 85' lang='lat' dir='ltr'>gaudens</span> <span class='ocrx_word' id='word_1_97' title='bbox 1672 1026 1706 1082; x_wconf 94' lang='lat' dir='ltr'>de</span> <span class='ocrx_word' id='word_1_98' title='bbox 1721 1026 1839 1084; x_wconf 77' lang='lat' dir='ltr'>edilice-</span> 
     </span>
     <span class='ocr_line' id='line_1_11' title="bbox 195 1109 1840 1189; baseline 0.001 -19"><span class='ocrx_word' id='word_1_99' title='bbox 195 1115 442 1188; x_wconf 84' lang='lat' dir='ltr'>nonpossidebnnt</span> <span class='ocrx_word' id='word_1_100' title='bbox 452 1114 478 1182; x_wconf 88' lang='lat' dir='ltr'>(t</span> <span class='ocrx_word' id='word_1_101' title='bbox 488 1115 549 1170; x_wconf 84' lang='lat' dir='ltr'>dor.</span> <span class='ocrx_word' id='word_1_102' title='bbox 564 1113 624 1186; x_wconf 82' lang='lat' dir='ltr'>xv),</span> <span class='ocrx_word' id='word_1_103' title='bbox 641 1113 668 1167; x_wconf 92' lang='lat' dir='ltr'>id</span> <span class='ocrx_word' id='word_1_104' title='bbox 684 1118 725 1168; x_wconf 89' lang='lat' dir='ltr'>est</span> <span class='ocrx_word' id='word_1_105' title='bbox 738 1119 853 1184; x_wconf 88' lang='lat' dir='ltr'>peccata</span> <span class='ocrx_word' id='word_1_106' title='bbox 869 1127 930 1183; x_wconf 82' lang='lat' dir='ltr'>quae</span> <span class='ocrx_word' id='word_1_107' title='bbox 957 1112 992 1167; x_wconf 92' lang='lat' dir='ltr'>de</span> <span class='ocrx_word' id='word_1_108' title='bbox 1043 1109 1116 1165; x_wconf 81' lang='lat' dir='ltr'>hone</span> <span class='ocrx_word' id='word_1_109' title='bbox 1129 1109 1291 1178; x_wconf 82' lang='lat' dir='ltr'>Jerusalem,</span> <span class='ocrx_word' id='word_1_110' title='bbox 1302 1110 1331 1166; x_wconf 92' lang='lat' dir='ltr'>id</span> <span class='ocrx_word' id='word_1_111' title='bbox 1345 1119 1388 1168; x_wconf 89' lang='lat' dir='ltr'>est</span> <span class='ocrx_word' id='word_1_112' title='bbox 1400 1110 1549 1169; x_wconf 75' lang='lat' dir='ltr'>Ecclesia:</span> <span class='ocrx_word' id='word_1_113' title='bbox 1573 1115 1706 1186; x_wconf 89' lang='lat' dir='ltr'>propbeta</span> <span class='ocrx_word' id='word_1_114' title='bbox 1728 1115 1756 1170; x_wconf 93' lang='lat' dir='ltr'>in</span> <span class='ocrx_word' id='word_1_115' title='bbox 1784 1131 1840 1189; x_wconf 88' lang='lat' dir='ltr'>qua</span> 
     </span>
     <span class='ocr_line' id='line_1_12' title="bbox 194 1196 1842 1274; baseline 0 -15"><span class='ocrx_word' id='word_1_116' title='bbox 194 1202 286 1260; x_wconf 90' lang='lat' dir='ltr'>camis</span> <span class='ocrx_word' id='word_1_117' title='bbox 300 1210 327 1258; x_wconf 88' lang='grc' dir='ltr'>ει</span> <span class='ocrx_word' id='word_1_118' title='bbox 342 1202 484 1274; x_wconf 80' lang='lat' dir='ltr'>sanguinis</span> <span class='ocrx_word' id='word_1_119' title='bbox 502 1201 677 1273; x_wconf 74' lang='lat' dir='ltr'>corruptione</span> <span class='ocrx_word' id='word_1_120' title='bbox 692 1200 813 1258; x_wconf 89' lang='lat' dir='ltr'>veniunt.</span> <span class='ocrx_word' id='word_1_121' title='bbox 828 1200 864 1255; x_wconf 82' lang='lat' dir='ltr'>lit</span> <span class='ocrx_word' id='word_1_122' title='bbox 877 1200 989 1268; x_wconf 77' lang='lat' dir='ltr'>honest,</span> <span class='ocrx_word' id='word_1_123' title='bbox 1043 1196 1207 1255; x_wconf 87' lang='lat' dir='ltr'>sacrificium</span> <span class='ocrx_word' id='word_1_124' title='bbox 1217 1199 1327 1269; x_wconf 75' lang='lat' dir='ltr'>Justittae</span> <span class='ocrx_word' id='word_1_125' title='bbox 1348 1199 1406 1256; x_wconf 81' lang='lat' dir='ltr'>tiata</span> <span class='ocrx_word' id='word_1_126' title='bbox 1440 1199 1526 1270; x_wconf 85' lang='lat' dir='ltr'>Quasi</span> <span class='ocrx_word' id='word_1_127' title='bbox 1554 1199 1646 1259; x_wconf 88' lang='lat' dir='ltr'>dicat:</span> <span class='ocrx_word' id='word_1_128' title='bbox 1671 1201 1842 1261; x_wconf 84' lang='lat' dir='ltr'>Sacrificium</span> 
     </span>
     <span class='ocr_line' id='line_1_13' title="bbox 195 1286 1840 1364; baseline 0.001 -17"><span class='ocrx_word' id='word_1_129' title='bbox 195 1291 282 1347; x_wconf 83' lang='lat' dir='ltr'>libera</span> <span class='ocrx_word' id='word_1_130' title='bbox 292 1306 337 1346; x_wconf 87' lang='lat' dir='ltr'>me</span> <span class='ocrx_word' id='word_1_131' title='bbox 347 1291 588 1364; x_wconf 76' lang='lat' dir='ltr'>desangainiias,</span> <span class='ocrx_word' id='word_1_132' title='bbox 600 1307 615 1347; x_wconf 91' lang='lat' dir='ltr'>o</span> <span class='ocrx_word' id='word_1_133' title='bbox 629 1291 713 1356; x_wconf 83' lang='lat' dir='ltr'>Dens,</span> <span class='ocrx_word' id='word_1_134' title='bbox 730 1289 758 1344; x_wconf 90' lang='lat' dir='ltr'>id</span> <span class='ocrx_word' id='word_1_135' title='bbox 773 1296 815 1344; x_wconf 88' lang='lat' dir='ltr'>est</span> <span class='ocrx_word' id='word_1_136' title='bbox 829 1289 864 1344; x_wconf 93' lang='lat' dir='ltr'>de</span> <span class='ocrx_word' id='word_1_137' title='bbox 880 1287 994 1344; x_wconf 85' lang='lat' dir='ltr'>carnali·</span> <span class='ocrx_word' id='word_1_138' title='bbox 1043 1286 1146 1342; x_wconf 89' lang='lat' dir='ltr'>esttibi</span> <span class='ocrx_word' id='word_1_139' title='bbox 1162 1287 1272 1358; x_wconf 90' lang='lat' dir='ltr'>spiritus</span> <span class='ocrx_word' id='word_1_140' title='bbox 1286 1288 1428 1360; x_wconf 87' lang='lat' dir='ltr'>contritus,</span> <span class='ocrx_word' id='word_1_141' title='bbox 1447 1289 1520 1362; x_wconf 90' lang='lat' dir='ltr'>quod</span> <span class='ocrx_word' id='word_1_142' title='bbox 1549 1289 1712 1348; x_wconf 77' lang='lat' dir='ltr'>sacnficium</span> <span class='ocrx_word' id='word_1_143' title='bbox 1735 1300 1765 1347; x_wconf 93' lang='lat' dir='ltr'>ut</span> <span class='ocrx_word' id='word_1_144' title='bbox 1789 1293 1840 1348; x_wconf 90' lang='lat' dir='ltr'>tibi</span> 
     </span>
     <span class='ocr_line' id='line_1_14' title="bbox 195 1372 1837 1452; baseline 0.001 -19"><span class='ocrx_word' id='word_1_145' title='bbox 195 1379 246 1434; x_wconf 90' lang='lat' dir='ltr'>bus</span> <span class='ocrx_word' id='word_1_146' title='bbox 258 1378 378 1450; x_wconf 91' lang='lat' dir='ltr'>peccatis</span> <span class='ocrx_word' id='word_1_147' title='bbox 392 1395 452 1452; x_wconf 82' lang='lat' dir='ltr'>quae</span> <span class='ocrx_word' id='word_1_148' title='bbox 467 1378 550 1434; x_wconf 90' lang='lat' dir='ltr'>multa</span> <span class='ocrx_word' id='word_1_149' title='bbox 561 1387 634 1446; x_wconf 92' lang='lat' dir='ltr'>sunt,</span> <span class='ocrx_word' id='word_1_150' title='bbox 644 1386 672 1434; x_wconf 95' lang='lat' dir='ltr'>ut</span> <span class='ocrx_word' id='word_1_151' title='bbox 683 1379 742 1448; x_wconf 88' lang='lat' dir='ltr'>jam</span> <span class='ocrx_word' id='word_1_152' title='bbox 756 1377 791 1433; x_wconf 91' lang='lat' dir='ltr'>ab</span> <span class='ocrx_word' id='word_1_153' title='bbox 802 1376 844 1432; x_wconf 89' lang='lat' dir='ltr'>bis</span> <span class='ocrx_word' id='word_1_154' title='bbox 854 1375 988 1432; x_wconf 90' lang='lat' dir='ltr'>desinam.</span> <span class='ocrx_word' id='word_1_155' title='bbox 1042 1372 1098 1441; x_wconf 84' lang='lat' dir='ltr'>stat,</span> <span class='ocrx_word' id='word_1_156' title='bbox 1115 1375 1453 1450; x_wconf 72' lang='lat' dir='ltr'>oDomine,benipnetac</span> <span class='ocrx_word' id='word_1_157' title='bbox 1469 1377 1547 1448; x_wconf 86' lang='lat' dir='ltr'>Sion,</span> <span class='ocrx_word' id='word_1_158' title='bbox 1578 1379 1606 1434; x_wconf 92' lang='lat' dir='ltr'>id</span> <span class='ocrx_word' id='word_1_159' title='bbox 1634 1387 1676 1435; x_wconf 88' lang='lat' dir='ltr'>est</span> <span class='ocrx_word' id='word_1_160' title='bbox 1695 1379 1837 1436; x_wconf 77' lang='lat' dir='ltr'>Ecclesia.</span> 
     </span>
     <span class='ocr_line' id='line_1_15' title="bbox 195 1462 1840 1540; baseline 0.002 -19"><span class='ocrx_word' id='word_1_161' title='bbox 195 1465 242 1522; x_wconf 90' lang='lat' dir='ltr'>ltel</span> <span class='ocrx_word' id='word_1_162' title='bbox 256 1466 420 1522; x_wconf 77' lang='lat' dir='ltr'>itazhibera</span> <span class='ocrx_word' id='word_1_163' title='bbox 433 1482 478 1522; x_wconf 90' lang='lat' dir='ltr'>me</span> <span class='ocrx_word' id='word_1_164' title='bbox 493 1467 527 1523; x_wconf 92' lang='lat' dir='ltr'>de</span> <span class='ocrx_word' id='word_1_165' title='bbox 543 1465 733 1540; x_wconf 80' lang='lat' dir='ltr'>sanguinibus,</span> <span class='ocrx_word' id='word_1_166' title='bbox 749 1465 777 1521; x_wconf 90' lang='lat' dir='ltr'>id</span> <span class='ocrx_word' id='word_1_167' title='bbox 792 1473 833 1522; x_wconf 91' lang='grc' dir='ltr'>εει</span> <span class='ocrx_word' id='word_1_168' title='bbox 853 1465 888 1521; x_wconf 91' lang='lat' dir='ltr'>ab</span> <span class='ocrx_word' id='word_1_169' title='bbox 916 1464 991 1520; x_wconf 91' lang='lat' dir='ltr'>omni</span> <span class='ocrx_word' id='word_1_170' title='bbox 1043 1462 1131 1534; x_wconf 91' lang='lat' dir='ltr'>Supra</span> <span class='ocrx_word' id='word_1_171' title='bbox 1166 1478 1236 1518; x_wconf 90' lang='lat' dir='ltr'>nnus</span> <span class='ocrx_word' id='word_1_172' title='bbox 1264 1464 1434 1535; x_wconf 78' lang='lat' dir='ltr'>precabatur,</span> <span class='ocrx_word' id='word_1_173' title='bbox 1462 1466 1565 1523; x_wconf 87' lang='lat' dir='ltr'>scilicet</span> <span class='ocrx_word' id='word_1_174' title='bbox 1587 1468 1739 1539; x_wconf 92' lang='lat' dir='ltr'>prophetia,</span> <span class='ocrx_word' id='word_1_175' title='bbox 1770 1484 1840 1540; x_wconf 92' lang='lat' dir='ltr'>pro-</span> 
     </span>
     <span class='ocr_line' id='line_1_16' title="bbox 192 1550 1838 1628; baseline 0.001 -16"><span class='ocrx_word' id='word_1_176' title='bbox 192 1554 365 1628; x_wconf 90' lang='lat' dir='ltr'>corruptione</span> <span class='ocrx_word' id='word_1_177' title='bbox 381 1568 471 1627; x_wconf 78' lang='lat' dir='ltr'>poena</span> <span class='ocrx_word' id='word_1_178' title='bbox 491 1562 518 1611; x_wconf 93' lang='lat' dir='ltr'>et</span> <span class='ocrx_word' id='word_1_179' title='bbox 544 1555 641 1628; x_wconf 79' lang='lat' dir='ltr'>culpae,</span> <span class='ocrx_word' id='word_1_180' title='bbox 657 1561 684 1610; x_wconf 91' lang='lat' dir='ltr'>et</span> <span class='ocrx_word' id='word_1_181' title='bbox 699 1555 733 1610; x_wconf 91' lang='lat' dir='ltr'>da</span> <span class='ocrx_word' id='word_1_182' title='bbox 747 1553 988 1626; x_wconf 79' lang='lat' dir='ltr'>incorruptionem,</span> <span class='ocrx_word' id='word_1_183' title='bbox 1041 1550 1141 1622; x_wconf 92' lang='lat' dir='ltr'>seipso.</span> <span class='ocrx_word' id='word_1_184' title='bbox 1154 1552 1226 1608; x_wconf 88' lang='lat' dir='ltr'>Ecce</span> <span class='ocrx_word' id='word_1_185' title='bbox 1237 1552 1294 1621; x_wconf 85' lang='lat' dir='ltr'>jam</span> <span class='ocrx_word' id='word_1_186' title='bbox 1308 1560 1350 1608; x_wconf 89' lang='lat' dir='ltr'>est</span> <span class='ocrx_word' id='word_1_187' title='bbox 1364 1553 1409 1609; x_wconf 89' lang='lat' dir='ltr'>bic</span> <span class='ocrx_word' id='word_1_188' title='bbox 1429 1559 1511 1625; x_wconf 82' lang='lat' dir='ltr'>typus</span> <span class='ocrx_word' id='word_1_189' title='bbox 1525 1561 1551 1610; x_wconf 93' lang='lat' dir='ltr'>et</span> <span class='ocrx_word' id='word_1_190' title='bbox 1574 1555 1666 1628; x_wconf 81' lang='lat' dir='ltr'>imago</span> <span class='ocrx_word' id='word_1_191' title='bbox 1694 1556 1838 1625; x_wconf 77' lang='lat' dir='ltr'>Ecclesia,</span> 
     </span>
     <span class='ocr_line' id='line_1_17' title="bbox 194 1637 1840 1731; baseline 0.003 -32"><span class='ocrx_word' id='word_1_192' title='bbox 194 1643 267 1716; x_wconf 92' lang='lat' dir='ltr'>quod</span> <span class='ocrx_word' id='word_1_193' title='bbox 277 1643 435 1715; x_wconf 90' lang='lat' dir='ltr'>implebitur</span> <span class='ocrx_word' id='word_1_194' title='bbox 446 1644 476 1698; x_wconf 91' lang='lat' dir='ltr'>in</span> <span class='ocrx_word' id='word_1_195' title='bbox 503 1643 603 1700; x_wconf 84' lang='lat' dir='ltr'>tuturo.</span> <span class='ocrx_word' id='word_1_196' title='bbox 633 1643 711 1700; x_wconf 92' lang='lat' dir='ltr'>Unde</span> <span class='ocrx_word' id='word_1_197' title='bbox 738 1642 879 1715; x_wconf 83' lang='lat' dir='ltr'>sequitur:</span> <span class='ocrx_word' id='word_1_198' title='bbox 904 1642 1026 1731; x_wconf 78' lang='lat' dir='ltr'>Deus,B</span> <span class='ocrx_word' id='word_1_199' title='bbox 1041 1654 1102 1710; x_wconf 82' lang='lat' dir='ltr'>quae</span> <span class='ocrx_word' id='word_1_200' title='bbox 1115 1637 1247 1711; x_wconf 85' lang='lat' dir='ltr'>figuratur</span> <span class='ocrx_word' id='word_1_201' title='bbox 1260 1655 1311 1712; x_wconf 90' lang='lat' dir='ltr'>per</span> <span class='ocrx_word' id='word_1_202' title='bbox 1325 1641 1399 1708; x_wconf 91' lang='lat' dir='ltr'>Sion,</span> <span class='ocrx_word' id='word_1_203' title='bbox 1428 1657 1480 1713; x_wconf 90' lang='lat' dir='ltr'>pro</span> <span class='ocrx_word' id='word_1_204' title='bbox 1494 1645 1743 1715; x_wconf 88' lang='lat' dir='ltr'>quaprecaturbic</span> <span class='ocrx_word' id='word_1_205' title='bbox 1770 1647 1840 1704; x_wconf 89' lang='lat' dir='ltr'>Pro·</span> 
     </span>
     <span class='ocr_line' id='line_1_18' title="bbox 193 1727 1836 1804; baseline 0.001 -15"><span class='ocrx_word' id='word_1_206' title='bbox 193 1733 277 1804; x_wconf 89' lang='lat' dir='ltr'>Deus,</span> <span class='ocrx_word' id='word_1_207' title='bbox 292 1732 483 1790; x_wconf 76' lang='lat' dir='ltr'>detornatatia</span> <span class='ocrx_word' id='word_1_208' title='bbox 497 1749 576 1802; x_wconf 77' lang='lat' dir='ltr'>mese,</span> <span class='ocrx_word' id='word_1_209' title='bbox 591 1747 653 1804; x_wconf 79' lang='lat' dir='ltr'>quta</span> <span class='ocrx_word' id='word_1_210' title='bbox 674 1731 748 1787; x_wconf 85' lang='lat' dir='ltr'>salus</span> <span class='ocrx_word' id='word_1_211' title='bbox 775 1731 827 1788; x_wconf 89' lang='lat' dir='ltr'>erit</span> <span class='ocrx_word' id='word_1_212' title='bbox 840 1730 868 1785; x_wconf 91' lang='lat' dir='ltr'>in</span> <span class='ocrx_word' id='word_1_213' title='bbox 895 1729 989 1786; x_wconf 91' lang='lat' dir='ltr'>incor-</span> <span class='ocrx_word' id='word_1_214' title='bbox 1042 1727 1124 1798; x_wconf 85' lang='lat' dir='ltr'>pheta</span> <span class='ocrx_word' id='word_1_215' title='bbox 1138 1727 1166 1782; x_wconf 94' lang='lat' dir='ltr'>in</span> <span class='ocrx_word' id='word_1_216' title='bbox 1177 1743 1226 1784; x_wconf 90' lang='lat' dir='ltr'>sua</span> <span class='ocrx_word' id='word_1_217' title='bbox 1241 1728 1285 1786; x_wconf 84' lang='lat' dir='ltr'>rel</span> <span class='ocrx_word' id='word_1_218' title='bbox 1297 1728 1430 1786; x_wconf 82' lang='lat' dir='ltr'>lloclesiae</span> <span class='ocrx_word' id='word_1_219' title='bbox 1439 1747 1568 1802; x_wconf 89' lang='lat' dir='ltr'>persona,</span> <span class='ocrx_word' id='word_1_220' title='bbox 1578 1731 1674 1790; x_wconf 84' lang='lat' dir='ltr'>dicens</span> <span class='ocrx_word' id='word_1_221' title='bbox 1687 1733 1836 1804; x_wconf 87' lang='lat' dir='ltr'>huicSion,</span> 
     </span>
     <span class='ocr_line' id='line_1_19' title="bbox 191 1814 1838 1896; baseline 0.002 -20"><span class='ocrx_word' id='word_1_222' title='bbox 191 1821 326 1892; x_wconf 89' lang='lat' dir='ltr'>ruptione,</span> <span class='ocrx_word' id='word_1_223' title='bbox 342 1837 404 1877; x_wconf 91' lang='lat' dir='ltr'>cum</span> <span class='ocrx_word' id='word_1_224' title='bbox 417 1821 469 1877; x_wconf 92' lang='lat' dir='ltr'>hoc</span> <span class='ocrx_word' id='word_1_225' title='bbox 483 1821 599 1877; x_wconf 87' lang='lat' dir='ltr'>mortale</span> <span class='ocrx_word' id='word_1_226' title='bbox 623 1820 716 1876; x_wconf 89' lang='lat' dir='ltr'>induet</span> <span class='ocrx_word' id='word_1_227' title='bbox 744 1819 990 1876; x_wconf 89' lang='lat' dir='ltr'>immortalitatem:</span> <span class='ocrx_word' id='word_1_228' title='bbox 1041 1814 1070 1871; x_wconf 92' lang='lat' dir='ltr'>id</span> <span class='ocrx_word' id='word_1_229' title='bbox 1084 1823 1125 1872; x_wconf 91' lang='lat' dir='ltr'>ast</span> <span class='ocrx_word' id='word_1_230' title='bbox 1139 1816 1274 1888; x_wconf 86' lang='lat' dir='ltr'>spirituali</span> <span class='ocrx_word' id='word_1_231' title='bbox 1285 1816 1360 1886; x_wconf 90' lang='lat' dir='ltr'>Sion,</span> <span class='ocrx_word' id='word_1_232' title='bbox 1372 1818 1477 1876; x_wconf 87' lang='lat' dir='ltr'>scilicet</span> <span class='ocrx_word' id='word_1_233' title='bbox 1489 1820 1631 1890; x_wconf 74' lang='lat' dir='ltr'>Ecclesia,</span> <span class='ocrx_word' id='word_1_234' title='bbox 1651 1839 1712 1894; x_wconf 80' lang='lat' dir='ltr'>quae</span> <span class='ocrx_word' id='word_1_235' title='bbox 1734 1823 1838 1896; x_wconf 87' lang='lat' dir='ltr'>aliquid</span> 
     </span>
     <span class='ocr_line' id='line_1_20' title="bbox 190 1903 1837 1982; baseline 0.002 -17"><span class='ocrx_word' id='word_1_236' title='bbox 190 1909 272 1966; x_wconf 89' lang='lat' dir='ltr'>modo</span> <span class='ocrx_word' id='word_1_237' title='bbox 280 1909 337 1980; x_wconf 79' lang='lat' dir='ltr'>iam</span> <span class='ocrx_word' id='word_1_238' title='bbox 348 1919 390 1966; x_wconf 90' lang='lat' dir='ltr'>est</span> <span class='ocrx_word' id='word_1_239' title='bbox 400 1909 428 1964; x_wconf 92' lang='lat' dir='ltr'>in</span> <span class='ocrx_word' id='word_1_240' title='bbox 439 1909 579 1982; x_wconf 75' lang='lat' dir='ltr'>speciest</span> <span class='ocrx_word' id='word_1_241' title='bbox 590 1907 630 1965; x_wconf 89' lang='lat' dir='ltr'>sic</span> <span class='ocrx_word' id='word_1_242' title='bbox 639 1909 797 1966; x_wconf 80' lang='lat' dir='ltr'>exsultabit</span> <span class='ocrx_word' id='word_1_243' title='bbox 808 1910 906 1980; x_wconf 76' lang='lat' dir='ltr'>lingua</span> <span class='ocrx_word' id='word_1_244' title='bbox 916 1924 989 1974; x_wconf 89' lang='lat' dir='ltr'>mea,</span> <span class='ocrx_word' id='word_1_245' title='bbox 1041 1903 1196 1975; x_wconf 86' lang='lat' dir='ltr'>speculatur</span> <span class='ocrx_word' id='word_1_246' title='bbox 1209 1905 1283 1977; x_wconf 91' lang='lat' dir='ltr'>quod</span> <span class='ocrx_word' id='word_1_247' title='bbox 1298 1915 1404 1978; x_wconf 88' lang='lat' dir='ltr'>sperat.</span> <span class='ocrx_word' id='word_1_248' title='bbox 1423 1907 1544 1980; x_wconf 87' lang='lat' dir='ltr'>Benigne</span> <span class='ocrx_word' id='word_1_249' title='bbox 1558 1908 1613 1977; x_wconf 85' lang='lat' dir='ltr'>iac,</span> <span class='ocrx_word' id='word_1_250' title='bbox 1628 1910 1657 1966; x_wconf 91' lang='lat' dir='ltr'>id</span> <span class='ocrx_word' id='word_1_251' title='bbox 1679 1919 1731 1980; x_wconf 92' lang='lat' dir='ltr'>est,</span> <span class='ocrx_word' id='word_1_252' title='bbox 1760 1913 1837 1968; x_wconf 85' lang='lat' dir='ltr'>mitte</span> 
     </span>
     <span class='ocr_line' id='line_1_21' title="bbox 192 1991 1837 2070; baseline 0.001 -16"><span class='ocrx_word' id='word_1_253' title='bbox 192 1997 277 2055; x_wconf 91' lang='lat' dir='ltr'>idest</span> <span class='ocrx_word' id='word_1_254' title='bbox 292 2015 354 2056; x_wconf 91' lang='lat' dir='ltr'>cum</span> <span class='ocrx_word' id='word_1_255' title='bbox 367 1997 546 2055; x_wconf 69' lang='lat' dir='ltr'>exsultatione</span> <span class='ocrx_word' id='word_1_256' title='bbox 561 1997 730 2053; x_wconf 90' lang='lat' dir='ltr'>annuntiabit</span> <span class='ocrx_word' id='word_1_257' title='bbox 733 1998 883 2070; x_wconf 82' lang='lat' dir='ltr'>justitiam</span> <span class='ocrx_word' id='word_1_258' title='bbox 895 2002 987 2054; x_wconf 87' lang='lat' dir='ltr'>taam.</span> <span class='ocrx_word' id='word_1_259' title='bbox 1041 1991 1147 2060; x_wconf 86' lang='lat' dir='ltr'>Filium,</span> <span class='ocrx_word' id='word_1_260' title='bbox 1163 2001 1190 2049; x_wconf 87' lang='lat' dir='ltr'>et</span> <span class='ocrx_word' id='word_1_261' title='bbox 1204 1993 1309 2050; x_wconf 86' lang='lat' dir='ltr'>dimitte</span> <span class='ocrx_word' id='word_1_262' title='bbox 1323 2002 1443 2066; x_wconf 89' lang='lat' dir='ltr'>peccata.</span> <span class='ocrx_word' id='word_1_263' title='bbox 1459 1997 1495 2051; x_wconf 89' lang='lat' dir='ltr'>Et</span> <span class='ocrx_word' id='word_1_264' title='bbox 1508 1998 1571 2064; x_wconf 94' lang='lat' dir='ltr'>boc,</span> <span class='ocrx_word' id='word_1_265' title='bbox 1586 1998 1615 2053; x_wconf 93' lang='lat' dir='ltr'>in</span> <span class='ocrx_word' id='word_1_266' title='bbox 1642 1999 1712 2056; x_wconf 90' lang='lat' dir='ltr'>bona</span> <span class='ocrx_word' id='word_1_267' title='bbox 1736 2000 1837 2056; x_wconf 86' lang='lat' dir='ltr'>volun-</span> 
     </span>
     <span class='ocr_line' id='line_1_22' title="bbox 195 2082 1836 2160; baseline 0.002 -17"><span class='ocrx_word' id='word_1_268' title='bbox 195 2087 324 2160; x_wconf 80' lang='lat' dir='ltr'>Alioquin</span> <span class='ocrx_word' id='word_1_269' title='bbox 336 2087 391 2142; x_wconf 92' lang='lat' dir='ltr'>nisi</span> <span class='ocrx_word' id='word_1_270' title='bbox 413 2087 491 2160; x_wconf 90' lang='lat' dir='ltr'>prius</span> <span class='ocrx_word' id='word_1_271' title='bbox 514 2086 661 2142; x_wconf 89' lang='lat' dir='ltr'>mundatus</span> <span class='ocrx_word' id='word_1_272' title='bbox 688 2085 776 2153; x_wconf 87' lang='lat' dir='ltr'>tuero,</span> <span class='ocrx_word' id='word_1_273' title='bbox 806 2086 889 2142; x_wconf 90' lang='lat' dir='ltr'>timeo</span> <span class='ocrx_word' id='word_1_274' title='bbox 917 2086 991 2158; x_wconf 89' lang='lat' dir='ltr'>quod</span> <span class='ocrx_word' id='word_1_275' title='bbox 1040 2087 1095 2136; x_wconf 92' lang='lat' dir='ltr'>tate</span> <span class='ocrx_word' id='word_1_276' title='bbox 1109 2088 1166 2149; x_wconf 91' lang='lat' dir='ltr'>tua,</span> <span class='ocrx_word' id='word_1_277' title='bbox 1181 2096 1237 2138; x_wconf 91' lang='lat' dir='ltr'>non</span> <span class='ocrx_word' id='word_1_278' title='bbox 1251 2082 1304 2138; x_wconf 92' lang='lat' dir='ltr'>sibi</span> <span class='ocrx_word' id='word_1_279' title='bbox 1317 2083 1416 2140; x_wconf 86' lang='lat' dir='ltr'>tribuat</span> <span class='ocrx_word' id='word_1_280' title='bbox 1430 2084 1524 2158; x_wconf 85' lang='lat' dir='ltr'>aliqua</span> <span class='ocrx_word' id='word_1_281' title='bbox 1550 2086 1658 2155; x_wconf 74' lang='lat' dir='ltr'>menta,</span> <span class='ocrx_word' id='word_1_282' title='bbox 1686 2093 1720 2145; x_wconf 84' lang='lat' dir='ltr'>at</span> <span class='ocrx_word' id='word_1_283' title='bbox 1743 2089 1836 2160; x_wconf 74' lang='lat' dir='ltr'>aedifi-</span> 
     </span>
     <span class='ocr_line' id='line_1_23' title="bbox 191 2171 1838 2248; baseline 0.001 -15"><span class='ocrx_word' id='word_1_284' title='bbox 191 2176 376 2248; x_wconf 89' lang='lat' dir='ltr'>supradictum</span> <span class='ocrx_word' id='word_1_285' title='bbox 390 2185 432 2232; x_wconf 89' lang='lat' dir='ltr'>est</span> <span class='ocrx_word' id='word_1_286' title='bbox 448 2192 456 2232; x_wconf 76' lang='grc' dir='ltr'>ε</span> <span class='ocrx_word' id='word_1_287' title='bbox 471 2175 562 2246; x_wconf 84' lang='lat' dir='ltr'>Quare</span> <span class='ocrx_word' id='word_1_288' title='bbox 577 2183 607 2231; x_wconf 92' lang='lat' dir='ltr'>tu</span> <span class='ocrx_word' id='word_1_289' title='bbox 621 2190 734 2231; x_wconf 83' lang='lat' dir='ltr'>enamas</span> <span class='ocrx_word' id='word_1_290' title='bbox 755 2174 875 2245; x_wconf 86' lang='lat' dir='ltr'>justitias</span> <span class='ocrx_word' id='word_1_291' title='bbox 902 2191 987 2231; x_wconf 90' lang='lat' dir='ltr'>meas.</span> <span class='ocrx_word' id='word_1_292' title='bbox 1040 2171 1230 2227; x_wconf 77' lang='lat' dir='ltr'>ceaturmttri</span> <span class='ocrx_word' id='word_1_293' title='bbox 1245 2172 1411 2244; x_wconf 74' lang='lat' dir='ltr'>tacentem,</span> <span class='ocrx_word' id='word_1_294' title='bbox 1427 2189 1477 2244; x_wconf 90' lang='lat' dir='ltr'>per</span> <span class='ocrx_word' id='word_1_295' title='bbox 1489 2175 1607 2246; x_wconf 92' lang='lat' dir='ltr'>primum</span> <span class='ocrx_word' id='word_1_296' title='bbox 1620 2176 1759 2234; x_wconf 88' lang='lat' dir='ltr'>hominem</span> <span class='ocrx_word' id='word_1_297' title='bbox 1787 2177 1838 2234; x_wconf 91' lang='lat' dir='ltr'>de·</span> 
     </span>
     <span class='ocr_line' id='line_1_24' title="bbox 190 2257 1836 2339; baseline 0.001 -17"><span class='ocrx_word' id='word_1_298' title='bbox 190 2267 261 2322; x_wconf 87' lang='lat' dir='ltr'>Nota</span> <span class='ocrx_word' id='word_1_299' title='bbox 270 2265 343 2339; x_wconf 91' lang='lat' dir='ltr'>quod</span> <span class='ocrx_word' id='word_1_300' title='bbox 350 2264 483 2335; x_wconf 85' lang='lat' dir='ltr'>justitiam</span> <span class='ocrx_word' id='word_1_301' title='bbox 496 2264 599 2332; x_wconf 90' lang='lat' dir='ltr'>laudat,</span> <span class='ocrx_word' id='word_1_302' title='bbox 615 2279 676 2321; x_wconf 89' lang='lat' dir='ltr'>cnm</span> <span class='ocrx_word' id='word_1_303' title='bbox 692 2263 785 2335; x_wconf 89' lang='lat' dir='ltr'>pietati</span> <span class='ocrx_word' id='word_1_304' title='bbox 808 2264 852 2320; x_wconf 85' lang='lat' dir='ltr'>vel</span> <span class='ocrx_word' id='word_1_305' title='bbox 879 2264 985 2320; x_wconf 89' lang='lat' dir='ltr'>miseri·</span> <span class='ocrx_word' id='word_1_306' title='bbox 1039 2258 1144 2324; x_wconf 90' lang='lat' dir='ltr'>stmcti,</span> <span class='ocrx_word' id='word_1_307' title='bbox 1159 2257 1188 2313; x_wconf 77' lang='lat' dir='ltr'>id</span> <span class='ocrx_word' id='word_1_308' title='bbox 1202 2266 1244 2314; x_wconf 70' lang='lat'>0⁵2</span> <span class='ocrx_word' id='word_1_309' title='bbox 1258 2259 1427 2316; x_wconf 67' lang='lat' dir='ltr'>munimenta</span> <span class='ocrx_word' id='word_1_310' title='bbox 1437 2261 1646 2320; x_wconf 69' lang='lat' dir='ltr'>immortalitatis</span> <span class='ocrx_word' id='word_1_311' title='bbox 1660 2273 1761 2322; x_wconf 75' lang='lat' dir='ltr'>nostra</span> <span class='ocrx_word' id='word_1_312' title='bbox 1774 2283 1836 2338; x_wconf 84' lang='lat' dir='ltr'>quta</span> 
     </span>
     <span class='ocr_line' id='line_1_25' title="bbox 192 2345 1836 2428; baseline 0.001 -17"><span class='ocrx_word' id='word_1_313' title='bbox 192 2355 292 2412; x_wconf 85' lang='lat' dir='ltr'>cordiae</span> <span class='ocrx_word' id='word_1_314' title='bbox 318 2355 409 2428; x_wconf 89' lang='lat' dir='ltr'>potuis</span> <span class='ocrx_word' id='word_1_315' title='bbox 433 2354 515 2411; x_wconf 88' lang='lat' dir='ltr'>debet</span> <span class='ocrx_word' id='word_1_316' title='bbox 528 2352 617 2426; x_wconf 85' lang='lat' dir='ltr'>gratia</span> <span class='ocrx_word' id='word_1_317' title='bbox 631 2367 723 2427; x_wconf 89' lang='lat' dir='ltr'>agere,</span> <span class='ocrx_word' id='word_1_318' title='bbox 741 2353 790 2408; x_wconf 90' lang='lat' dir='ltr'>sed</span> <span class='ocrx_word' id='word_1_319' title='bbox 800 2351 911 2422; x_wconf 76' lang='lat' dir='ltr'>iustitia</span> <span class='ocrx_word' id='word_1_320' title='bbox 939 2351 989 2408; x_wconf 90' lang='lat' dir='ltr'>luit</span> <span class='ocrx_word' id='word_1_321' title='bbox 1037 2345 1145 2402; x_wconf 85' lang='lat' dir='ltr'>dabitur</span> <span class='ocrx_word' id='word_1_322' title='bbox 1157 2346 1185 2401; x_wconf 87' lang='lat' dir='ltr'>io</span> <span class='ocrx_word' id='word_1_323' title='bbox 1199 2346 1299 2415; x_wconf 85' lang='lat' dir='ltr'>futuro,</span> <span class='ocrx_word' id='word_1_324' title='bbox 1313 2350 1512 2407; x_wconf 86' lang='lat' dir='ltr'>constituantur</span> <span class='ocrx_word' id='word_1_325' title='bbox 1527 2351 1555 2406; x_wconf 87' lang='lat' dir='ltr'>in</span> <span class='ocrx_word' id='word_1_326' title='bbox 1574 2350 1637 2424; x_wconf 88' lang='lat' dir='ltr'>tide,</span> <span class='ocrx_word' id='word_1_327' title='bbox 1654 2363 1743 2426; x_wconf 85' lang='lat' dir='ltr'>spect</span> <span class='ocrx_word' id='word_1_328' title='bbox 1766 2355 1836 2411; x_wconf 89' lang='lat' dir='ltr'>cba-</span> 
     </span>
     <span class='ocr_line' id='line_1_26' title="bbox 187 2433 1836 2514; baseline -0.002 -13"><span class='ocrx_word' id='word_1_329' title='bbox 187 2442 361 2501; x_wconf 85' lang='lat' dir='ltr'>confitentem</span> <span class='ocrx_word' id='word_1_330' title='bbox 380 2442 530 2514; x_wconf 89' lang='lat' dir='ltr'>suscipere.</span> <span class='ocrx_word' id='word_1_331' title='bbox 545 2441 581 2497; x_wconf 87' lang='lat' dir='ltr'>Et</span> <span class='ocrx_word' id='word_1_332' title='bbox 594 2441 637 2498; x_wconf 77' lang='lat' dir='ltr'>hae</span> <span class='ocrx_word' id='word_1_333' title='bbox 651 2441 713 2498; x_wconf 83' lang='lat' dir='ltr'>duta</span> <span class='ocrx_word' id='word_1_334' title='bbox 740 2457 786 2497; x_wconf 90' lang='lat' dir='ltr'>res</span> <span class='ocrx_word' id='word_1_335' title='bbox 812 2456 921 2512; x_wconf 86' lang='lat' dir='ltr'>semper</span> <span class='ocrx_word' id='word_1_336' title='bbox 943 2441 988 2511; x_wconf 83' lang='lat' dir='ltr'>ju·</span> <span class='ocrx_word' id='word_1_337' title='bbox 1038 2433 1123 2490; x_wconf 70' lang='lat' dir='ltr'>ritate·</span> <span class='ocrx_word' id='word_1_338' title='bbox 1141 2435 1206 2492; x_wconf 79' lang='lat' dir='ltr'>Haec</span> <span class='ocrx_word' id='word_1_339' title='bbox 1220 2443 1282 2491; x_wconf 79' lang='lat' dir='ltr'>sunt</span> <span class='ocrx_word' id='word_1_340' title='bbox 1296 2436 1367 2493; x_wconf 85' lang='lat' dir='ltr'>bona</span> <span class='ocrx_word' id='word_1_341' title='bbox 1380 2438 1476 2494; x_wconf 84' lang='lat' dir='ltr'>merita</span> <span class='ocrx_word' id='word_1_342' title='bbox 1489 2455 1540 2511; x_wconf 89' lang='lat' dir='ltr'>per</span> <span class='ocrx_word' id='word_1_343' title='bbox 1554 2457 1615 2514; x_wconf 82' lang='lat' dir='ltr'>quae</span> <span class='ocrx_word' id='word_1_344' title='bbox 1628 2442 1708 2498; x_wconf 91' lang='lat' dir='ltr'>nobis</span> <span class='ocrx_word' id='word_1_345' title='bbox 1736 2441 1836 2501; x_wconf 85' lang='lat' dir='ltr'>deten-</span> 
     </span>
    </p>
   </div>
   <div class='ocr_carea' id='block_1_3' title="bbox 188 2521 1833 2692">
    <p class='ocr_par' dir='ltr' id='par_1_5' title="bbox 188 2521 1833 2692">
     <span class='ocr_line' id='line_1_27' title="bbox 190 2521 1833 2602; baseline 0.001 -14"><span class='ocrx_word' id='word_1_346' title='bbox 190 2531 261 2589; x_wconf 92' lang='lat' dir='ltr'>dicio</span> <span class='ocrx_word' id='word_1_347' title='bbox 290 2531 399 2588; x_wconf 89' lang='lat' dir='ltr'>Domini</span> <span class='ocrx_word' id='word_1_348' title='bbox 425 2531 560 2601; x_wconf 80' lang='lat' dir='ltr'>adjunctas</span> <span class='ocrx_word' id='word_1_349' title='bbox 588 2537 660 2598; x_wconf 90' lang='lat' dir='ltr'>sunt,</span> <span class='ocrx_word' id='word_1_350' title='bbox 689 2544 741 2586; x_wconf 93' lang='lat' dir='ltr'>nec</span> <span class='ocrx_word' id='word_1_351' title='bbox 770 2529 798 2584; x_wconf 92' lang='lat' dir='ltr'>in</span> <span class='ocrx_word' id='word_1_352' title='bbox 826 2537 853 2584; x_wconf 92' lang='lat' dir='ltr'>te</span> <span class='ocrx_word' id='word_1_353' title='bbox 881 2526 985 2597; x_wconf 92' lang='lat' dir='ltr'>dubito,</span> <span class='ocrx_word' id='word_1_354' title='bbox 1036 2522 1116 2579; x_wconf 91' lang='lat' dir='ltr'>detur</span> <span class='ocrx_word' id='word_1_355' title='bbox 1129 2522 1318 2581; x_wconf 86' lang='lat' dir='ltr'>immortalitas</span> <span class='ocrx_word' id='word_1_356' title='bbox 1331 2525 1360 2580; x_wconf 91' lang='lat' dir='ltr'>in</span> <span class='ocrx_word' id='word_1_357' title='bbox 1388 2525 1490 2596; x_wconf 89' lang='lat' dir='ltr'>tuturo,</span> <span class='ocrx_word' id='word_1_358' title='bbox 1521 2544 1576 2602; x_wconf 88' lang='lat' dir='ltr'>quo</span> <span class='ocrx_word' id='word_1_359' title='bbox 1597 2529 1680 2588; x_wconf 89' lang='lat' dir='ltr'>modo</span> <span class='ocrx_word' id='word_1_360' title='bbox 1705 2521 1833 2589; x_wconf 78' lang='lat' dir='ltr'>consum·</span> 
     </span>
     <span class='ocr_line' id='line_1_28' title="bbox 188 2610 1300 2692; baseline -0.006 -16"><span class='ocrx_word' id='word_1_361' title='bbox 188 2620 286 2692; x_wconf 89' lang='lat' dir='ltr'>quia‚o</span> <span class='ocrx_word' id='word_1_362' title='bbox 1035 2610 1105 2667; x_wconf 87' lang='lat' dir='ltr'>mari</span> <span class='ocrx_word' id='word_1_363' title='bbox 1119 2620 1256 2683; x_wconf 87' lang='lat' dir='ltr'>precatur,</span> <span class='ocrx_word' id='word_1_364' title='bbox 1272 2619 1300 2669; x_wconf 89' lang='lat' dir='ltr'>et</span> 
     </span>
    </p>
   </div>
   <div class='ocr_carea' id='block_1_4' title="bbox 188 2721 1834 2889">
    <p class='ocr_par' dir='ltr' id='par_1_6' title="bbox 188 2721 1834 2889">
     <span class='ocr_line' id='line_1_29' title="bbox 223 2721 1833 2804; baseline 0.006 -13"><span class='ocrx_word' id='word_1_365' title='bbox 223 2736 309 2793; x_wconf 81' lang='lat' dir='ltr'>vass.</span> <span class='ocrx_word' id='word_1_366' title='bbox 326 2737 369 2790; x_wconf 85' lang='lat' dir='ltr'>ta.</span> <span class='ocrx_word' id='word_1_367' title='bbox 387 2763 420 2775; x_wconf 90' lang='lat'><em>-</em></span> <span class='ocrx_word' id='word_1_368' title='bbox 441 2732 594 2798; x_wconf 81' lang='lat' dir='ltr'>«Domine,</span> <span class='ocrx_word' id='word_1_369' title='bbox 610 2732 681 2789; x_wconf 88' lang='lat' dir='ltr'>labia</span> <span class='ocrx_word' id='word_1_370' title='bbox 695 2748 758 2790; x_wconf 86' lang='lat' dir='ltr'>mes</span> <span class='ocrx_word' id='word_1_371' title='bbox 771 2731 896 2804; x_wconf 85' lang='lat' dir='ltr'>aperies:</span> <span class='ocrx_word' id='word_1_372' title='bbox 913 2740 940 2789; x_wconf 91' lang='lat' dir='ltr'>et</span> <span class='ocrx_word' id='word_1_373' title='bbox 954 2748 985 2790; x_wconf 91' lang='lat' dir='ltr'>os</span> <span class='ocrx_word' id='word_1_374' title='bbox 1070 2721 1156 2777; x_wconf 65' lang='lat' dir='ltr'>Vm·</span> <span class='ocrx_word' id='word_1_375' title='bbox 1172 2725 1216 2778; x_wconf 74' lang='lat'>²⁰·</span> <span class='ocrx_word' id='word_1_376' title='bbox 1233 2753 1268 2763; x_wconf 93' lang='lat'>··</span> <span class='ocrx_word' id='word_1_377' title='bbox 1284 2747 1295 2771; x_wconf 62' lang='grc' dir='ltr'>ι</span> <span class='ocrx_word' id='word_1_378' title='bbox 1312 2724 1389 2781; x_wconf 77' lang='lat' dir='ltr'>T¹¹¹¹⁰</span> <span class='ocrx_word' id='word_1_379' title='bbox 1402 2726 1560 2798; x_wconf 69' lang='lat' dir='ltr'>³0⁰t¹d³tabis</span> <span class='ocrx_word' id='word_1_380' title='bbox 1573 2727 1736 2788; x_wconf 62' lang='lat' dir='ltr'>fficsffissium</span> <span class='ocrx_word' id='word_1_381' title='bbox 1748 2731 1833 2801; x_wconf 63' lang='lat' dir='ltr'>iusti·</span> 
     </span>
     <span class='ocr_line' id='line_1_30' title="bbox 188 2803 1834 2889; baseline 0.005 -25"><span class='ocrx_word' id='word_1_382' title='bbox 188 2847 199 2872; x_wconf 80' lang='lat'>,</span> <span class='ocrx_word' id='word_1_383' title='bbox 217 2839 310 2879; x_wconf 59' lang='lat' dir='ltr'>meum</span> <span class='ocrx_word' id='word_1_384' title='bbox 323 2822 492 2878; x_wconf 58' lang='lat' dir='ltr'>annuntiabit</span> <span class='ocrx_word' id='word_1_385' title='bbox 506 2820 616 2878; x_wconf 55' lang='lat' dir='ltr'><strong>laudem</strong></span> <span class='ocrx_word' id='word_1_386' title='bbox 636 2827 720 2877; x_wconf 61' lang='lat' dir='ltr'>tuam,</span> <span class='ocrx_word' id='word_1_387' title='bbox 739 2841 751 2873; x_wconf 86' lang='lat'>‚</span> <span class='ocrx_word' id='word_1_388' title='bbox 1036 2825 1046 2851; x_wconf 75' lang='lat' dir='ltr'>s</span> <span class='ocrx_word' id='word_1_389' title='bbox 1065 2803 1109 2860; x_wconf 78' lang='lat' dir='ltr'>tiss</span> <span class='ocrx_word' id='word_1_390' title='bbox 1124 2805 1274 2862; x_wconf 89' lang='lat' dir='ltr'>oblationes</span> <span class='ocrx_word' id='word_1_391' title='bbox 1288 2813 1315 2862; x_wconf 90' lang='lat' dir='ltr'>et</span> <span class='ocrx_word' id='word_1_392' title='bbox 1328 2809 1505 2880; x_wconf 87' lang='lat' dir='ltr'>holocausta;</span> <span class='ocrx_word' id='word_1_393' title='bbox 1520 2819 1584 2870; x_wconf 90' lang='lat' dir='ltr'>tunc</span> <span class='ocrx_word' id='word_1_394' title='bbox 1597 2813 1736 2886; x_wconf 88' lang='lat' dir='ltr'>imponant</span> <span class='ocrx_word' id='word_1_395' title='bbox 1748 2831 1834 2889; x_wconf 89' lang='lat' dir='ltr'>super</span> 
     </span>
    </p>
   </div>
   <div class='ocr_carea' id='block_1_5' title="bbox 187 2892 1829 3092">
    <p class='ocr_par' dir='ltr' id='par_1_7' title="bbox 187 2892 1829 3092">
     <span class='ocr_line' id='line_1_31' title="bbox 222 2892 1392 3006; baseline -0.017 -18"><span class='ocrx_word' id='word_1_396' title='bbox 222 2932 348 2999; x_wconf 82' lang='lat' dir='ltr'>Domine,</span> <span class='ocrx_word' id='word_1_397' title='bbox 360 2929 435 2986; x_wconf 84' lang='lat' dir='ltr'>tabia</span> <span class='ocrx_word' id='word_1_398' title='bbox 444 2944 507 2985; x_wconf 87' lang='lat' dir='ltr'>mea</span> <span class='ocrx_word' id='word_1_399' title='bbox 518 2929 636 3001; x_wconf 85' lang='lat' dir='ltr'>aperies,</span> <span class='ocrx_word' id='word_1_400' title='bbox 649 2926 796 3000; x_wconf 89' lang='lat' dir='ltr'>[Cassiod.,</span> <span class='ocrx_word' id='word_1_401' title='bbox 812 2929 895 2999; x_wconf 73' lang='lat' dir='ltr'>hug„</span> <span class='ocrx_word' id='word_1_402' title='bbox 913 2927 982 2984; x_wconf 89' lang='lat' dir='ltr'>Cas·</span> <span class='ocrx_word' id='word_1_403' title='bbox 1035 2912 1047 2944; x_wconf 85' lang='lat'>‘</span> <span class='ocrx_word' id='word_1_404' title='bbox 1064 2892 1151 2949; x_wconf 55' lang='lat' dir='ltr'>alim</span> <span class='ocrx_word' id='word_1_405' title='bbox 1163 2901 1241 2950; x_wconf 62' lang='lat'>‘⁰⁰⁰¹</span> <span class='ocrx_word' id='word_1_406' title='bbox 1254 2894 1367 3006; x_wconf 32' lang='lat' dir='ltr'>limbi·-</span> <span class='ocrx_word' id='word_1_407' title='bbox 1381 2920 1392 2946; x_wconf 67' lang='grc' dir='ltr'>ι</span> 
     </span>
     <span class='ocr_line' id='line_1_32' title="bbox 187 2989 1829 3092; baseline -0.011 -16"><span class='ocrx_word' id='word_1_408' title='bbox 187 3018 270 3092; x_wconf 82' lang='lat' dir='ltr'>aiod]</span> <span class='ocrx_word' id='word_1_409' title='bbox 283 3025 395 3091; x_wconf 89' lang='lat' dir='ltr'>propter</span> <span class='ocrx_word' id='word_1_410' title='bbox 408 3025 523 3090; x_wconf 89' lang='lat' dir='ltr'>peccata</span> <span class='ocrx_word' id='word_1_411' title='bbox 536 3016 639 3084; x_wconf 87' lang='lat' dir='ltr'>clausa,</span> <span class='ocrx_word' id='word_1_412' title='bbox 655 3021 684 3072; x_wconf 88' lang='lat' dir='ltr'>et</span> <span class='ocrx_word' id='word_1_413' title='bbox 719 3033 749 3073; x_wconf 89' lang='grc' dir='ltr'>οε</span> <span class='ocrx_word' id='word_1_414' title='bbox 773 3033 869 3073; x_wconf 83' lang='lat' dir='ltr'>eneam</span> <span class='ocrx_word' id='word_1_415' title='bbox 898 3016 1022 3091; x_wconf 74' lang='lat' dir='ltr'>etiamc</span> <span class='ocrx_word' id='word_1_416' title='bbox 1071 2989 1269 3065; x_wconf 59' lang='lat' dir='ltr'>malinii„</span> <span class='ocrx_word' id='word_1_417' title='bbox 1285 2992 1330 3050; x_wconf 85' lang='lat' dir='ltr'>Gl.</span> <span class='ocrx_word' id='word_1_418' title='bbox 1359 3002 1420 3062; x_wconf 76' lang='lat' dir='ltr'>ma,</span> <span class='ocrx_word' id='word_1_419' title='bbox 1450 2998 1533 3071; x_wconf 72' lang='lat' dir='ltr'>hug,</span> <span class='ocrx_word' id='word_1_420' title='bbox 1558 2998 1677 3067; x_wconf 69' lang='lat' dir='ltr'>alcuin,</span> <span class='ocrx_word' id='word_1_421' title='bbox 1692 2999 1829 3070; x_wconf 69' lang='lat' dir='ltr'>Cassiod„</span> 
     </span>
    </p>
   </div>
   <div class='ocr_carea' id='block_1_6' title="bbox 1047 625 1845 784">
    <p class='ocr_par' dir='ltr' id='par_1_8' title="bbox 1047 625 1845 784">
     <span class='ocr_line' id='line_1_33' title="bbox 1081 625 1845 701; baseline 0.003 -21"><span class='ocrx_word' id='word_1_422' title='bbox 1081 626 1154 682; x_wconf 81' lang='lat' dir='ltr'>Pnns</span> <span class='ocrx_word' id='word_1_423' title='bbox 1169 641 1196 681; x_wconf 86' lang='lat' dir='ltr'>v.</span> <span class='ocrx_word' id='word_1_424' title='bbox 1214 627 1298 683; x_wconf 85' lang='lat' dir='ltr'>Vsas.</span> <span class='ocrx_word' id='word_1_425' title='bbox 1316 630 1359 683; x_wconf 85' lang='lat' dir='ltr'>tc.</span> <span class='ocrx_word' id='word_1_426' title='bbox 1373 657 1407 667; x_wconf 97' lang='lat'>-</span> <span class='ocrx_word' id='word_1_427' title='bbox 1424 649 1435 676; x_wconf 76' lang='lat' dir='ltr'>a</span> <span class='ocrx_word' id='word_1_428' title='bbox 1453 625 1574 701; x_wconf 78' lang='lat' dir='ltr'>Benigne</span> <span class='ocrx_word' id='word_1_429' title='bbox 1588 625 1641 698; x_wconf 89' lang='lat' dir='ltr'>iac,</span> <span class='ocrx_word' id='word_1_430' title='bbox 1659 627 1784 694; x_wconf 85' lang='lat' dir='ltr'>Domine,</span> <span class='ocrx_word' id='word_1_431' title='bbox 1815 627 1845 682; x_wconf 91' lang='lat' dir='ltr'>in</span> 
     </span>
     <span class='ocr_line' id='line_1_34' title="bbox 1047 713 1843 784; baseline 0.01 -20"><span class='ocrx_word' id='word_1_432' title='bbox 1047 734 1059 764; x_wconf 83' lang='grc' dir='ltr'>ι</span> <span class='ocrx_word' id='word_1_433' title='bbox 1071 713 1144 770; x_wconf 89' lang='lat' dir='ltr'>bona</span> <span class='ocrx_word' id='word_1_434' title='bbox 1158 714 1296 770; x_wconf 80' lang='lat' dir='ltr'>voluntate</span> <span class='ocrx_word' id='word_1_435' title='bbox 1311 722 1366 784; x_wconf 88' lang='lat' dir='ltr'>tua,</span> <span class='ocrx_word' id='word_1_436' title='bbox 1383 715 1459 783; x_wconf 90' lang='lat' dir='ltr'>Sion,</span> <span class='ocrx_word' id='word_1_437' title='bbox 1476 723 1505 772; x_wconf 93' lang='lat' dir='ltr'>ut</span> <span class='ocrx_word' id='word_1_438' title='bbox 1517 713 1688 773; x_wconf 66' lang='lat' dir='ltr'>edificentur</span> <span class='ocrx_word' id='word_1_439' title='bbox 1701 715 1772 772; x_wconf 85' lang='lat' dir='ltr'>muri</span> <span class='ocrx_word' id='word_1_440' title='bbox 1793 717 1843 772; x_wconf 88' lang='lat' dir='ltr'>Je-</span> 
     </span>
    </p>
   </div>
   <div class='ocr_carea' id='block_1_7' title="bbox 186 3078 1828 3174">
    <p class='ocr_par' dir='ltr' id='par_1_9' title="bbox 186 3078 1828 3174">
     <span class='ocr_line' id='line_1_35' title="bbox 186 3078 1828 3174; baseline 0.006 -9"><span class='ocrx_word' id='word_1_441' title='bbox 186 3108 279 3165; x_wconf 90' lang='lat' dir='ltr'>ccrdis</span> <span class='ocrx_word' id='word_1_442' title='bbox 291 3121 432 3174; x_wconf 87' lang='lat' dir='ltr'>arcanum,</span> <span class='ocrx_word' id='word_1_443' title='bbox 441 3107 630 3163; x_wconf 77' lang='lat' dir='ltr'>annuntiabit</span> <span class='ocrx_word' id='word_1_444' title='bbox 643 3105 755 3162; x_wconf 82' lang='lat' dir='ltr'>tandem</span> <span class='ocrx_word' id='word_1_445' title='bbox 767 3109 855 3172; x_wconf 85' lang='lat' dir='ltr'>taam,</span> <span class='ocrx_word' id='word_1_446' title='bbox 878 3104 983 3163; x_wconf 88' lang='lat' dir='ltr'>scihcet</span> <span class='ocrx_word' id='word_1_447' title='bbox 1033 3078 1120 3146; x_wconf 77' lang='lat' dir='ltr'>nter,</span> <span class='ocrx_word' id='word_1_448' title='bbox 1137 3079 1273 3154; x_wconf 46' lang='grc' dir='ltr'>ΟΜΝ</span> <span class='ocrx_word' id='word_1_449' title='bbox 1288 3081 1392 3140; x_wconf 68' lang='lat' dir='ltr'>⁸⁰ffi⁰⁸¹</span> <span class='ocrx_word' id='word_1_450' title='bbox 1405 3099 1468 3140; x_wconf 72' lang='lat'>⁰⁰⁰¹</span> <span class='ocrx_word' id='word_1_451' title='bbox 1482 3085 1607 3143; x_wconf 59' lang='lat' dir='ltr'><strong>aedffifflfi</strong></span> <span class='ocrx_word' id='word_1_452' title='bbox 1617 3087 1717 3144; x_wconf 62' lang='lat' dir='ltr'>fuerim</span> <span class='ocrx_word' id='word_1_453' title='bbox 1739 3090 1828 3158; x_wconf 51' lang='lat' dir='ltr'>&#39;nulii’</span> 
     </span>
    </p>
   </div>
   <div class='ocr_carea' id='block_1_8' title="bbox 1031 3166 1831 3420">
    <p class='ocr_par' dir='ltr' id='par_1_10' title="bbox 1031 3166 1831 3420">
     <span class='ocr_line' id='line_1_36' title="bbox 1033 3166 1831 3249; baseline 0.016 -27"><span class='ocrx_word' id='word_1_454' title='bbox 1033 3166 1137 3224; x_wconf 89' lang='lat' dir='ltr'>scilicet</span> <span class='ocrx_word' id='word_1_455' title='bbox 1150 3169 1177 3222; x_wconf 91' lang='lat' dir='ltr'>in</span> <span class='ocrx_word' id='word_1_456' title='bbox 1192 3167 1281 3226; x_wconf 90' lang='lat' dir='ltr'>tuturo</span> <span class='ocrx_word' id='word_1_457' title='bbox 1296 3174 1465 3245; x_wconf 84' lang='lat' dir='ltr'>acceptatis,</span> <span class='ocrx_word' id='word_1_458' title='bbox 1481 3173 1509 3230; x_wconf 92' lang='lat' dir='ltr'>id</span> <span class='ocrx_word' id='word_1_459' title='bbox 1531 3183 1582 3242; x_wconf 90' lang='lat' dir='ltr'>est,</span> <span class='ocrx_word' id='word_1_460' title='bbox 1610 3185 1753 3249; x_wconf 87' lang='lat' dir='ltr'>acceptum</span> <span class='ocrx_word' id='word_1_461' title='bbox 1780 3181 1831 3236; x_wconf 93' lang='lat' dir='ltr'>tibi</span> 
     </span>
     <span class='ocr_line' id='line_1_37' title="bbox 1032 3256 1827 3331; baseline 0.02 -21"><span class='ocrx_word' id='word_1_462' title='bbox 1032 3256 1082 3310; x_wconf 90' lang='lat' dir='ltr'>erit</span> <span class='ocrx_word' id='word_1_463' title='bbox 1096 3257 1270 3326; x_wconf 67' lang='lat' dir='ltr'>asenniam</span> <span class='ocrx_word' id='word_1_464' title='bbox 1280 3260 1415 3331; x_wconf 77' lang='lat' dir='ltr'>justitiae,</span> <span class='ocrx_word' id='word_1_465' title='bbox 1430 3261 1538 3319; x_wconf 91' lang='lat' dir='ltr'>laudis:</span> <span class='ocrx_word' id='word_1_466' title='bbox 1553 3264 1636 3322; x_wconf 89' lang='lat' dir='ltr'>modo</span> <span class='ocrx_word' id='word_1_467' title='bbox 1649 3265 1763 3324; x_wconf 80' lang='lat' dir='ltr'>offertur</span> <span class='ocrx_word' id='word_1_468' title='bbox 1779 3267 1827 3326; x_wconf 91' lang='lat' dir='ltr'>tibi</span> 
     </span>
     <span class='ocr_line' id='line_1_38' title="bbox 1031 3342 1830 3420; baseline 0.021 -22"><span class='ocrx_word' id='word_1_469' title='bbox 1031 3342 1193 3400; x_wconf 82' lang='lat' dir='ltr'>sacrificium</span> <span class='ocrx_word' id='word_1_470' title='bbox 1208 3362 1258 3418; x_wconf 93' lang='lat' dir='ltr'>pro</span> <span class='ocrx_word' id='word_1_471' title='bbox 1271 3347 1420 3420; x_wconf 88' lang='lat' dir='ltr'>iniquitate,</span> <span class='ocrx_word' id='word_1_472' title='bbox 1446 3365 1496 3408; x_wconf 89' lang='lat' dir='ltr'>cor</span> <span class='ocrx_word' id='word_1_473' title='bbox 1509 3353 1662 3410; x_wconf 90' lang='lat' dir='ltr'>contritum.</span> <span class='ocrx_word' id='word_1_474' title='bbox 1688 3354 1744 3412; x_wconf 86' lang='lat' dir='ltr'>Sed</span> <span class='ocrx_word' id='word_1_475' title='bbox 1765 3363 1830 3416; x_wconf 90' lang='lat' dir='ltr'>tunc</span> 
     </span>
    </p>
   </div>
   <div class='ocr_carea' id='block_1_9' title="bbox 181 3191 981 3356">
    <p class='ocr_par' dir='ltr' id='par_1_11' title="bbox 181 3191 981 3356">
     <span class='ocr_line' id='line_1_39' title="bbox 185 3191 980 3269; baseline -0.005 -17"><span class='ocrx_word' id='word_1_476' title='bbox 185 3197 259 3269; x_wconf 87' lang='lat' dir='ltr'>quod</span> <span class='ocrx_word' id='word_1_477' title='bbox 272 3211 316 3253; x_wconf 88' lang='lat' dir='ltr'>mc</span> <span class='ocrx_word' id='word_1_478' title='bbox 331 3194 442 3261; x_wconf 90' lang='lat' dir='ltr'>creasti,</span> <span class='ocrx_word' id='word_1_479' title='bbox 463 3194 536 3266; x_wconf 92' lang='lat' dir='ltr'>quod</span> <span class='ocrx_word' id='word_1_480' title='bbox 563 3202 723 3266; x_wconf 84' lang='lat' dir='ltr'>peccantem</span> <span class='ocrx_word' id='word_1_481' title='bbox 737 3208 792 3251; x_wconf 89' lang='lat' dir='ltr'>non</span> <span class='ocrx_word' id='word_1_482' title='bbox 836 3191 980 3265; x_wconf 89' lang='lat' dir='ltr'>reliquisti,</span> 
     </span>
     <span class='ocr_line' id='line_1_40' title="bbox 181 3281 981 3356; baseline -0.006 -15"><span class='ocrx_word' id='word_1_483' title='bbox 181 3285 255 3356; x_wconf 90' lang='lat' dir='ltr'>quod</span> <span class='ocrx_word' id='word_1_484' title='bbox 268 3283 393 3340; x_wconf 87' lang='lat' dir='ltr'>confiteri</span> <span class='ocrx_word' id='word_1_485' title='bbox 405 3282 545 3350; x_wconf 89' lang='lat' dir='ltr'>monuisti,</span> <span class='ocrx_word' id='word_1_486' title='bbox 562 3281 635 3355; x_wconf 88' lang='lat' dir='ltr'>quod</span> <span class='ocrx_word' id='word_1_487' title='bbox 650 3281 793 3337; x_wconf 82' lang='lat' dir='ltr'>mandasti.</span> <span class='ocrx_word' id='word_1_488' title='bbox 809 3282 867 3339; x_wconf 89' lang='lat' dir='ltr'>lloc</span> <span class='ocrx_word' id='word_1_489' title='bbox 885 3281 981 3338; x_wconf 89' lang='lat' dir='ltr'>obten-</span> 
     </span>
    </p>
   </div>
   <div class='ocr_carea' id='block_1_10' title="bbox 182 3370 746 3444">
    <p class='ocr_par' dir='ltr' id='par_1_12' title="bbox 182 3370 746 3444">
     <span class='ocr_line' id='line_1_41' title="bbox 182 3370 746 3444; baseline -0.004 -16"><span class='ocrx_word' id='word_1_490' title='bbox 182 3372 228 3441; x_wconf 93' lang='lat' dir='ltr'>do,</span> <span class='ocrx_word' id='word_1_491' title='bbox 244 3373 306 3444; x_wconf 86' lang='lat' dir='ltr'>quia</span> <span class='ocrx_word' id='word_1_492' title='bbox 320 3387 375 3428; x_wconf 91' lang='lat' dir='ltr'>non</span> <span class='ocrx_word' id='word_1_493' title='bbox 389 3371 431 3429; x_wconf 80' lang='lat' dir='ltr'>ais</span> <span class='ocrx_word' id='word_1_494' title='bbox 445 3370 579 3428; x_wconf 87' lang='lat' dir='ltr'>sacrificia</span> <span class='ocrx_word' id='word_1_495' title='bbox 599 3370 746 3442; x_wconf 89' lang='lat' dir='ltr'>pecudum.</span> 
     </span>
    </p>
   </div>
   <div class='ocr_carea' id='block_1_11' title="bbox 180 3473 979 4428">
    <p class='ocr_par' dir='ltr' id='par_1_13' title="bbox 184 3473 979 3711">
     <span class='ocr_line' id='line_1_42' title="bbox 217 3473 979 3546; baseline -0.005 -12"><span class='ocrx_word' id='word_1_496' title='bbox 217 3479 303 3535; x_wconf 86' lang='lat' dir='ltr'>Vsas.</span> <span class='ocrx_word' id='word_1_497' title='bbox 320 3480 363 3533; x_wconf 76' lang='grc' dir='ltr'>ιι.</span> <span class='ocrx_word' id='word_1_498' title='bbox 379 3507 415 3518; x_wconf 90' lang='grc'>-</span> <span class='ocrx_word' id='word_1_499' title='bbox 431 3499 441 3526; x_wconf 80' lang='lat' dir='ltr'>t</span> <span class='ocrx_word' id='word_1_500' title='bbox 474 3475 608 3546; x_wconf 86' lang='lat' dir='ltr'>Quoniam</span> <span class='ocrx_word' id='word_1_501' title='bbox 623 3474 790 3532; x_wconf 84' lang='lat' dir='ltr'>sivoluisses</span> <span class='ocrx_word' id='word_1_502' title='bbox 804 3473 979 3544; x_wconf 86' lang='lat' dir='ltr'>sacrificium,</span> 
     </span>
     <span class='ocr_line' id='line_1_43' title="bbox 184 3563 979 3637; baseline -0.003 -15"><span class='ocrx_word' id='word_1_503' title='bbox 184 3589 195 3615; x_wconf 75' lang='lat' dir='ltr'>s</span> <span class='ocrx_word' id='word_1_504' title='bbox 227 3565 366 3622; x_wconf 86' lang='lat' dir='ltr'>dedissem</span> <span class='ocrx_word' id='word_1_505' title='bbox 392 3565 495 3637; x_wconf 89' lang='lat' dir='ltr'>utique,</span> <span class='ocrx_word' id='word_1_506' title='bbox 531 3563 697 3622; x_wconf 88' lang='lat' dir='ltr'>holocaustis</span> <span class='ocrx_word' id='word_1_507' title='bbox 731 3579 787 3620; x_wconf 90' lang='lat' dir='ltr'>non</span> <span class='ocrx_word' id='word_1_508' title='bbox 822 3564 979 3621; x_wconf 89' lang='lat' dir='ltr'>delectabe-</span> 
     </span>
     <span class='ocr_line' id='line_1_44' title="bbox 184 3671 301 3711; baseline -0.009 -4"><span class='ocrx_word' id='word_1_509' title='bbox 184 3675 196 3707; x_wconf 80' lang='grc' dir='ltr'>ε</span> <span class='ocrx_word' id='word_1_510' title='bbox 222 3671 271 3711; x_wconf 78' lang='lat' dir='ltr'>rts.</span> <span class='ocrx_word' id='word_1_511' title='bbox 290 3675 301 3706; x_wconf 81' lang='grc' dir='ltr'>ι</span> 
     </span>
    </p>

    <p class='ocr_par' dir='ltr' id='par_1_14' title="bbox 180 3740 978 4428">
     <span class='ocr_line' id='line_1_45' title="bbox 219 3740 976 3814; baseline -0.007 -12"><span class='ocrx_word' id='word_1_512' title='bbox 219 3742 724 3814; x_wconf 77' lang='lat' dir='ltr'>Quoniamsicotnisseeaacrificiam,</span> <span class='ocrx_word' id='word_1_513' title='bbox 736 3744 818 3812; x_wconf 74' lang='lat' dir='ltr'>Aug,</span> <span class='ocrx_word' id='word_1_514' title='bbox 841 3740 976 3809; x_wconf 75' lang='lat' dir='ltr'>Cassiod„</span> 
     </span>
     <span class='ocr_line' id='line_1_46' title="bbox 182 3829 977 3906; baseline -0.008 -16"><span class='ocrx_word' id='word_1_515' title='bbox 182 3832 269 3906; x_wconf 69' lang='lat' dir='ltr'>trient</span> <span class='ocrx_word' id='word_1_516' title='bbox 278 3832 352 3906; x_wconf 88' lang='lat' dir='ltr'>quod</span> <span class='ocrx_word' id='word_1_517' title='bbox 365 3832 413 3887; x_wconf 94' lang='lat' dir='ltr'>illo</span> <span class='ocrx_word' id='word_1_518' title='bbox 427 3838 551 3903; x_wconf 89' lang='lat' dir='ltr'>tempore</span> <span class='ocrx_word' id='word_1_519' title='bbox 564 3845 613 3902; x_wconf 88' lang='lat' dir='ltr'>pro</span> <span class='ocrx_word' id='word_1_520' title='bbox 628 3829 781 3902; x_wconf 81' lang='lat' dir='ltr'>expiatione</span> <span class='ocrx_word' id='word_1_521' title='bbox 795 3830 977 3902; x_wconf 88' lang='lat' dir='ltr'>pendebatur,</span> 
     </span>
     <span class='ocr_line' id='line_1_47' title="bbox 183 3918 975 3993; baseline -0.005 -15"><span class='ocrx_word' id='word_1_522' title='bbox 183 3923 321 3980; x_wconf 73' lang='lat' dir='ltr'>dedbsern</span> <span class='ocrx_word' id='word_1_523' title='bbox 331 3923 439 3993; x_wconf 74' lang='lat' dir='ltr'>ctione.</span> <span class='ocrx_word' id='word_1_524' title='bbox 456 3919 572 3976; x_wconf 89' lang='lat' dir='ltr'>Videbat</span> <span class='ocrx_word' id='word_1_525' title='bbox 586 3920 721 3991; x_wconf 86' lang='lat' dir='ltr'>propheta</span> <span class='ocrx_word' id='word_1_526' title='bbox 735 3925 842 3991; x_wconf 90' lang='lat' dir='ltr'>tempus</span> <span class='ocrx_word' id='word_1_527' title='bbox 869 3918 975 3990; x_wconf 77' lang='lat' dir='ltr'>gratie,</span> 
     </span>
     <span class='ocr_line' id='line_1_48' title="bbox 182 4006 978 4084; baseline -0.003 -18"><span class='ocrx_word' id='word_1_528' title='bbox 182 4025 236 4084; x_wconf 90' lang='lat' dir='ltr'>quo</span> <span class='ocrx_word' id='word_1_529' title='bbox 251 4011 310 4066; x_wconf 74' lang='lat' dir='ltr'>hac</span> <span class='ocrx_word' id='word_1_530' title='bbox 323 4008 465 4082; x_wconf 82' lang='lat' dir='ltr'>figurativa</span> <span class='ocrx_word' id='word_1_531' title='bbox 493 4015 642 4065; x_wconf 88' lang='lat' dir='ltr'>cessarent.</span> <span class='ocrx_word' id='word_1_532' title='bbox 672 4007 701 4064; x_wconf 89' lang='lat' dir='ltr'>Si</span> <span class='ocrx_word' id='word_1_533' title='bbox 725 4006 869 4074; x_wconf 84' lang='lat' dir='ltr'>voluisses,</span> <span class='ocrx_word' id='word_1_534' title='bbox 885 4007 978 4064; x_wconf 82' lang='lat' dir='ltr'>dedis-</span> 
     </span>
     <span class='ocr_line' id='line_1_49' title="bbox 181 4093 977 4166; baseline -0.005 -10"><span class='ocrx_word' id='word_1_535' title='bbox 181 4114 250 4166; x_wconf 82' lang='lat' dir='ltr'>sem,</span> <span class='ocrx_word' id='word_1_536' title='bbox 267 4097 316 4152; x_wconf 90' lang='lat' dir='ltr'>sed</span> <span class='ocrx_word' id='word_1_537' title='bbox 330 4113 388 4152; x_wconf 88' lang='lat' dir='ltr'>non</span> <span class='ocrx_word' id='word_1_538' title='bbox 402 4096 585 4152; x_wconf 83' lang='lat' dir='ltr'>delectaberis</span> <span class='ocrx_word' id='word_1_539' title='bbox 596 4093 737 4152; x_wconf 88' lang='lat' dir='ltr'>sacrificiis</span> <span class='ocrx_word' id='word_1_540' title='bbox 747 4095 887 4152; x_wconf 85' lang='lat' dir='ltr'>necetiam</span> <span class='ocrx_word' id='word_1_541' title='bbox 902 4094 977 4152; x_wconf 87' lang='lat' dir='ltr'>hoto·</span> 
     </span>
     <span class='ocr_line' id='line_1_50' title="bbox 182 4182 976 4257; baseline -0.003 -15"><span class='ocrx_word' id='word_1_542' title='bbox 182 4187 292 4243; x_wconf 84' lang='lat' dir='ltr'>canatis</span> <span class='ocrx_word' id='word_1_543' title='bbox 303 4199 364 4257; x_wconf 84' lang='lat' dir='ltr'>quae</span> <span class='ocrx_word' id='word_1_544' title='bbox 378 4190 442 4238; x_wconf 90' lang='lat' dir='ltr'>sunt</span> <span class='ocrx_word' id='word_1_545' title='bbox 455 4182 592 4256; x_wconf 88' lang='lat' dir='ltr'>digniora,</span> <span class='ocrx_word' id='word_1_546' title='bbox 608 4199 669 4256; x_wconf 74' lang='lat' dir='ltr'>quae</span> <span class='ocrx_word' id='word_1_547' title='bbox 684 4183 803 4240; x_wconf 84' lang='lat' dir='ltr'>adventu</span> <span class='ocrx_word' id='word_1_548' title='bbox 816 4182 918 4239; x_wconf 83' lang='lat' dir='ltr'>Christi</span> <span class='ocrx_word' id='word_1_549' title='bbox 929 4199 976 4240; x_wconf 91' lang='lat' dir='ltr'>re·</span> 
     </span>
     <span class='ocr_line' id='line_1_51' title="bbox 181 4269 976 4345; baseline -0.001 -17"><span class='ocrx_word' id='word_1_550' title='bbox 181 4279 322 4345; x_wconf 91' lang='lat' dir='ltr'>spuuntur.</span> <span class='ocrx_word' id='word_1_551' title='bbox 338 4269 409 4340; x_wconf 92' lang='lat' dir='ltr'>Quid</span> <span class='ocrx_word' id='word_1_552' title='bbox 419 4285 488 4344; x_wconf 84' lang='lat' dir='ltr'>ergo</span> <span class='ocrx_word' id='word_1_553' title='bbox 502 4269 694 4327; x_wconf 76' lang='lat' dir='ltr'>offerendum?</span> <span class='ocrx_word' id='word_1_554' title='bbox 709 4287 764 4327; x_wconf 92' lang='lat' dir='ltr'>non</span> <span class='ocrx_word' id='word_1_555' title='bbox 773 4269 904 4342; x_wconf 89' lang='lat' dir='ltr'>pecudes,</span> <span class='ocrx_word' id='word_1_556' title='bbox 920 4286 976 4327; x_wconf 90' lang='lat' dir='ltr'>non</span> 
     </span>
     <span class='ocr_line' id='line_1_52' title="bbox 180 4359 360 4428; baseline -0.017 -10"><span class='ocrx_word' id='word_1_557' title='bbox 180 4362 294 4428; x_wconf 92' lang='lat' dir='ltr'>circum,</span> <span class='ocrx_word' id='word_1_558' title='bbox 311 4359 360 4416; x_wconf 92' lang='lat' dir='ltr'>sed</span> 
     </span>
    </p>
   </div>
   <div class='ocr_carea' id='block_1_12' title="bbox 180 4472 976 4922">
    <p class='ocr_par' dir='ltr' id='par_1_15' title="bbox 180 4472 976 4724">
     <span class='ocr_line' id='line_1_53' title="bbox 217 4472 976 4547; baseline -0.003 -14"><span class='ocrx_word' id='word_1_559' title='bbox 217 4478 301 4534; x_wconf 80' lang='lat' dir='ltr'>vans.</span> <span class='ocrx_word' id='word_1_560' title='bbox 318 4478 392 4531; x_wconf 77' lang='lat' dir='ltr'>ta«</span> <span class='ocrx_word' id='word_1_561' title='bbox 423 4472 588 4531; x_wconf 79' lang='lat' dir='ltr'>Sacrificium</span> <span class='ocrx_word' id='word_1_562' title='bbox 613 4473 671 4529; x_wconf 90' lang='lat' dir='ltr'>Deo</span> <span class='ocrx_word' id='word_1_563' title='bbox 699 4472 808 4547; x_wconf 90' lang='lat' dir='ltr'>spiritus</span> <span class='ocrx_word' id='word_1_564' title='bbox 837 4475 976 4532; x_wconf 89' lang='lat' dir='ltr'>contribu-</span> 
     </span>
     <span class='ocr_line' id='line_1_54' title="bbox 181 4561 975 4632; baseline 0.004 -15"><span class='ocrx_word' id='word_1_565' title='bbox 181 4585 193 4616; x_wconf 70' lang='lat' dir='ltr'>i</span> <span class='ocrx_word' id='word_1_566' title='bbox 209 4564 300 4632; x_wconf 86' lang='lat' dir='ltr'>latus;</span> <span class='ocrx_word' id='word_1_567' title='bbox 316 4578 366 4620; x_wconf 90' lang='lat' dir='ltr'>cor</span> <span class='ocrx_word' id='word_1_568' title='bbox 392 4563 538 4620; x_wconf 91' lang='lat' dir='ltr'>contritum</span> <span class='ocrx_word' id='word_1_569' title='bbox 553 4570 581 4619; x_wconf 89' lang='lat' dir='ltr'>ct</span> <span class='ocrx_word' id='word_1_570' title='bbox 610 4561 790 4631; x_wconf 88' lang='lat' dir='ltr'>humiliatum,</span> <span class='ocrx_word' id='word_1_571' title='bbox 805 4563 890 4632; x_wconf 92' lang='lat' dir='ltr'>Deus,</span> <span class='ocrx_word' id='word_1_572' title='bbox 921 4579 975 4622; x_wconf 92' lang='lat' dir='ltr'>non</span> 
     </span>
     <span class='ocr_line' id='line_1_55' title="bbox 180 4651 394 4724; baseline 0 -16"><span class='ocrx_word' id='word_1_573' title='bbox 180 4674 191 4704; x_wconf 78' lang='lat' dir='ltr'>a</span> <span class='ocrx_word' id='word_1_574' title='bbox 218 4651 394 4724; x_wconf 71' lang='lat' dir='ltr'>despiciens</span> 
     </span>
    </p>

    <p class='ocr_par' dir='ltr' id='par_1_16' title="bbox 180 4756 974 4922">
     <span class='ocr_line' id='line_1_56' title="bbox 213 4756 974 4836; baseline -0.001 -19"><span class='ocrx_word' id='word_1_575' title='bbox 213 4760 390 4830; x_wconf 78' lang='lat' dir='ltr'>Sacrificium</span> <span class='ocrx_word' id='word_1_576' title='bbox 403 4768 589 4831; x_wconf 89' lang='lat' dir='ltr'>peccatorum,</span> <span class='ocrx_word' id='word_1_577' title='bbox 599 4756 655 4832; x_wconf 80' lang='lat' dir='ltr'>[Gt.</span> <span class='ocrx_word' id='word_1_578' title='bbox 664 4757 725 4828; x_wconf 81' lang='lat' dir='ltr'>ini,</span> <span class='ocrx_word' id='word_1_579' title='bbox 736 4761 821 4832; x_wconf 78' lang='lat' dir='ltr'>Aug,</span> <span class='ocrx_word' id='word_1_580' title='bbox 839 4758 974 4836; x_wconf 83' lang='lat' dir='ltr'>Cassiod]</span> 
     </span>
     <span class='ocr_line' id='line_1_57' title="bbox 180 4847 974 4922; baseline -0.001 -16"><span class='ocrx_word' id='word_1_581' title='bbox 180 4850 253 4922; x_wconf 88' lang='lat' dir='ltr'>quod</span> <span class='ocrx_word' id='word_1_582' title='bbox 267 4848 354 4921; x_wconf 89' lang='lat' dir='ltr'>placet</span> <span class='ocrx_word' id='word_1_583' title='bbox 368 4851 423 4905; x_wconf 87' lang='lat' dir='ltr'>Deo</span> <span class='ocrx_word' id='word_1_584' title='bbox 438 4855 479 4904; x_wconf 88' lang='grc' dir='ltr'>εει</span> <span class='ocrx_word' id='word_1_585' title='bbox 492 4848 613 4919; x_wconf 81' lang='lat' dir='ltr'>spiritns</span> <span class='ocrx_word' id='word_1_586' title='bbox 622 4847 842 4914; x_wconf 77' lang='lat' dir='ltr'>contribulatas,</span> <span class='ocrx_word' id='word_1_587' title='bbox 866 4849 894 4903; x_wconf 94' lang='lat' dir='ltr'>in</span> <span class='ocrx_word' id='word_1_588' title='bbox 920 4864 974 4922; x_wconf 86' lang='lat' dir='ltr'>quo</span> 
     </span>
    </p>
   </div>
   <div class='ocr_carea' id='block_1_13' title="bbox 1023 3431 1830 4932">
    <p class='ocr_par' dir='ltr' id='par_1_17' title="bbox 1023 3431 1830 4932">
     <span class='ocr_line' id='line_1_58' title="bbox 1031 3431 1830 3511; baseline 0.019 -23"><span class='ocrx_word' id='word_1_589' title='bbox 1031 3431 1116 3488; x_wconf 80' lang='lat' dir='ltr'>solus</span> <span class='ocrx_word' id='word_1_590' title='bbox 1130 3432 1225 3502; x_wconf 87' lang='lat' dir='ltr'>laudis,</span> <span class='ocrx_word' id='word_1_591' title='bbox 1243 3435 1317 3507; x_wconf 87' lang='lat' dir='ltr'>quod</span> <span class='ocrx_word' id='word_1_592' title='bbox 1332 3445 1374 3493; x_wconf 91' lang='grc' dir='ltr'>εει</span> <span class='ocrx_word' id='word_1_593' title='bbox 1387 3437 1551 3497; x_wconf 85' lang='lat' dir='ltr'>sacrificium</span> <span class='ocrx_word' id='word_1_594' title='bbox 1563 3441 1684 3511; x_wconf 84' lang='lat' dir='ltr'>justitiae.</span> <span class='ocrx_word' id='word_1_595' title='bbox 1704 3445 1740 3500; x_wconf 89' lang='lat' dir='ltr'>Et</span> <span class='ocrx_word' id='word_1_596' title='bbox 1763 3452 1830 3503; x_wconf 89' lang='lat' dir='ltr'>tunc</span> 
     </span>
     <span class='ocr_line' id='line_1_59' title="bbox 1029 3519 1827 3602; baseline 0.02 -27"><span class='ocrx_word' id='word_1_597' title='bbox 1029 3519 1183 3592; x_wconf 89' lang='lat' dir='ltr'>acceptabis</span> <span class='ocrx_word' id='word_1_598' title='bbox 1197 3523 1353 3581; x_wconf 79' lang='lat' dir='ltr'>citationes</span> <span class='ocrx_word' id='word_1_599' title='bbox 1363 3530 1391 3582; x_wconf 90' lang='lat' dir='ltr'>et</span> <span class='ocrx_word' id='word_1_600' title='bbox 1403 3525 1579 3597; x_wconf 78' lang='lat' dir='ltr'>holocausta,</span> <span class='ocrx_word' id='word_1_601' title='bbox 1594 3529 1623 3586; x_wconf 95' lang='lat' dir='ltr'>id</span> <span class='ocrx_word' id='word_1_602' title='bbox 1645 3539 1687 3588; x_wconf 89' lang='lat' dir='ltr'>est</span> <span class='ocrx_word' id='word_1_603' title='bbox 1708 3542 1827 3602; x_wconf 87' lang='lat' dir='ltr'>sanctos,</span> 
     </span>
     <span class='ocr_line' id='line_1_60' title="bbox 1029 3607 1829 3688; baseline 0.023 -28"><span class='ocrx_word' id='word_1_604' title='bbox 1029 3607 1076 3678; x_wconf 87' lang='lat' dir='ltr'>qui</span> <span class='ocrx_word' id='word_1_605' title='bbox 1089 3614 1168 3662; x_wconf 86' lang='lat' dir='ltr'>eruut</span> <span class='ocrx_word' id='word_1_606' title='bbox 1180 3608 1349 3680; x_wconf 86' lang='lat' dir='ltr'>holocausta,</span> <span class='ocrx_word' id='word_1_607' title='bbox 1365 3612 1402 3669; x_wconf 89' lang='lat' dir='ltr'>ita</span> <span class='ocrx_word' id='word_1_608' title='bbox 1416 3621 1446 3670; x_wconf 91' lang='lat' dir='ltr'>ut</span> <span class='ocrx_word' id='word_1_609' title='bbox 1460 3613 1568 3672; x_wconf 79' lang='lat' dir='ltr'>diuinus</span> <span class='ocrx_word' id='word_1_610' title='bbox 1582 3616 1655 3688; x_wconf 87' lang='lat' dir='ltr'>ignis</span> <span class='ocrx_word' id='word_1_611' title='bbox 1678 3635 1726 3676; x_wconf 89' lang='grc' dir='ltr'>εοε</span> <span class='ocrx_word' id='word_1_612' title='bbox 1755 3628 1829 3678; x_wconf 87' lang='grc' dir='ltr'>ιοιοε</span> 
     </span>
     <span class='ocr_line' id='line_1_61' title="bbox 1029 3695 1827 3770; baseline 0.021 -20"><span class='ocrx_word' id='word_1_613' title='bbox 1029 3695 1164 3764; x_wconf 83' lang='grc' dir='ltr'>ειειιιιιει,</span> <span class='ocrx_word' id='word_1_614' title='bbox 1181 3697 1209 3752; x_wconf 94' lang='lat' dir='ltr'>id</span> <span class='ocrx_word' id='word_1_615' title='bbox 1223 3706 1264 3754; x_wconf 91' lang='lat' dir='ltr'>est</span> <span class='ocrx_word' id='word_1_616' title='bbox 1278 3699 1369 3758; x_wconf 80' lang='lat' dir='ltr'>servor</span> <span class='ocrx_word' id='word_1_617' title='bbox 1382 3702 1531 3770; x_wconf 89' lang='lat' dir='ltr'>charitatis,</span> <span class='ocrx_word' id='word_1_618' title='bbox 1547 3713 1575 3760; x_wconf 91' lang='lat' dir='ltr'>et</span> <span class='ocrx_word' id='word_1_619' title='bbox 1589 3706 1630 3764; x_wconf 91' lang='lat' dir='ltr'>sic</span> <span class='ocrx_word' id='word_1_620' title='bbox 1644 3707 1751 3766; x_wconf 86' lang='lat' dir='ltr'>levetur</span> <span class='ocrx_word' id='word_1_621' title='bbox 1773 3711 1827 3767; x_wconf 91' lang='lat' dir='ltr'>bo-</span> 
     </span>
     <span class='ocr_line' id='line_1_62' title="bbox 1028 3781 1826 3860; baseline 0.021 -22"><span class='ocrx_word' id='word_1_622' title='bbox 1028 3781 1188 3855; x_wconf 90' lang='lat' dir='ltr'>locaustum,</span> <span class='ocrx_word' id='word_1_623' title='bbox 1206 3792 1234 3842; x_wconf 91' lang='lat' dir='ltr'>ut</span> <span class='ocrx_word' id='word_1_624' title='bbox 1249 3785 1296 3843; x_wconf 87' lang='lat' dir='ltr'>fiat</span> <span class='ocrx_word' id='word_1_625' title='bbox 1310 3788 1471 3860; x_wconf 84' lang='lat' dir='ltr'>spirituales,</span> <span class='ocrx_word' id='word_1_626' title='bbox 1487 3799 1516 3848; x_wconf 89' lang='lat' dir='ltr'>ut</span> <span class='ocrx_word' id='word_1_627' title='bbox 1542 3793 1723 3853; x_wconf 79' lang='lat' dir='ltr'>absol-beatur</span> <span class='ocrx_word' id='word_1_628' title='bbox 1749 3814 1826 3856; x_wconf 90' lang='lat' dir='ltr'>mors</span> 
     </span>
     <span class='ocr_line' id='line_1_63' title="bbox 1028 3871 1823 3958; baseline 0.025 -32"><span class='ocrx_word' id='word_1_629' title='bbox 1028 3871 1057 3927; x_wconf 92' lang='lat' dir='ltr'>in</span> <span class='ocrx_word' id='word_1_630' title='bbox 1070 3871 1192 3929; x_wconf 83' lang='lat' dir='ltr'>victoria.</span> <span class='ocrx_word' id='word_1_631' title='bbox 1213 3876 1288 3933; x_wconf 75' lang='lat' dir='ltr'>tanc</span> <span class='ocrx_word' id='word_1_632' title='bbox 1302 3879 1451 3951; x_wconf 78' lang='lat' dir='ltr'>importent</span> <span class='ocrx_word' id='word_1_633' title='bbox 1457 3881 1548 3952; x_wconf 84' lang='lat' dir='ltr'>angeli</span> <span class='ocrx_word' id='word_1_634' title='bbox 1560 3898 1699 3942; x_wconf 89' lang='lat' dir='ltr'>messores</span> <span class='ocrx_word' id='word_1_635' title='bbox 1709 3889 1823 3958; x_wconf 72' lang='lat' dir='ltr'>unns,</span> 
     </span>
     <span class='ocr_line' id='line_1_64' title="bbox 1025 3958 1827 4036; baseline 0.022 -21"><span class='ocrx_word' id='word_1_636' title='bbox 1025 3958 1055 4017; x_wconf 93' lang='lat' dir='ltr'>id</span> <span class='ocrx_word' id='word_1_637' title='bbox 1069 3968 1110 4017; x_wconf 91' lang='lat' dir='ltr'>est</span> <span class='ocrx_word' id='word_1_638' title='bbox 1124 3977 1211 4018; x_wconf 86' lang='lat' dir='ltr'>novos</span> <span class='ocrx_word' id='word_1_639' title='bbox 1229 3964 1345 4036; x_wconf 88' lang='lat' dir='ltr'>populos</span> <span class='ocrx_word' id='word_1_640' title='bbox 1359 3965 1523 4036; x_wconf 88' lang='lat' dir='ltr'>innocentia,</span> <span class='ocrx_word' id='word_1_641' title='bbox 1540 3971 1644 4029; x_wconf 90' lang='lat' dir='ltr'>scilicet</span> <span class='ocrx_word' id='word_1_642' title='bbox 1668 3989 1747 4031; x_wconf 83' lang='lat' dir='ltr'>norae</span> <span class='ocrx_word' id='word_1_643' title='bbox 1759 3983 1827 4032; x_wconf 75' lang='lat' dir='ltr'>eta·</span> 
     </span>
     <span class='ocr_line' id='line_1_65' title="bbox 1027 4045 1827 4134; baseline 0.025 -32"><span class='ocrx_word' id='word_1_644' title='bbox 1027 4045 1062 4104; x_wconf 91' lang='lat' dir='ltr'>tis</span> <span class='ocrx_word' id='word_1_645' title='bbox 1080 4048 1152 4106; x_wconf 85' lang='lat' dir='ltr'>colla</span> <span class='ocrx_word' id='word_1_646' title='bbox 1165 4049 1251 4106; x_wconf 87' lang='lat' dir='ltr'>libem</span> <span class='ocrx_word' id='word_1_647' title='bbox 1264 4068 1280 4107; x_wconf 88' lang='lat' dir='ltr'>a</span> <span class='ocrx_word' id='word_1_648' title='bbox 1292 4053 1360 4127; x_wconf 86' lang='lat' dir='ltr'>jugo</span> <span class='ocrx_word' id='word_1_649' title='bbox 1375 4053 1455 4128; x_wconf 89' lang='lat' dir='ltr'>legis,</span> <span class='ocrx_word' id='word_1_650' title='bbox 1472 4065 1499 4112; x_wconf 92' lang='lat' dir='ltr'>et</span> <span class='ocrx_word' id='word_1_651' title='bbox 1512 4060 1618 4129; x_wconf 89' lang='lat' dir='ltr'>peccati</span> <span class='ocrx_word' id='word_1_652' title='bbox 1628 4077 1712 4134; x_wconf 83' lang='lat' dir='ltr'>saper</span> <span class='ocrx_word' id='word_1_653' title='bbox 1730 4065 1827 4122; x_wconf 88' lang='lat' dir='ltr'>altare</span> 
     </span>
     <span class='ocr_line' id='line_1_66' title="bbox 1027 4137 1828 4225; baseline 0.022 -34"><span class='ocrx_word' id='word_1_654' title='bbox 1027 4139 1119 4203; x_wconf 84' lang='lat' dir='ltr'>taam,</span> <span class='ocrx_word' id='word_1_655' title='bbox 1132 4137 1161 4194; x_wconf 94' lang='lat' dir='ltr'>id</span> <span class='ocrx_word' id='word_1_656' title='bbox 1175 4147 1217 4195; x_wconf 92' lang='lat' dir='ltr'>est</span> <span class='ocrx_word' id='word_1_657' title='bbox 1231 4141 1370 4198; x_wconf 89' lang='lat' dir='ltr'>coelestem</span> <span class='ocrx_word' id='word_1_658' title='bbox 1385 4143 1547 4202; x_wconf 88' lang='lat' dir='ltr'>Jerusalem.</span> <span class='ocrx_word' id='word_1_659' title='bbox 1563 4147 1613 4204; x_wconf 82' lang='lat' dir='ltr'>Vel</span> <span class='ocrx_word' id='word_1_660' title='bbox 1626 4149 1675 4218; x_wconf 90' lang='lat' dir='ltr'>ita,</span> <span class='ocrx_word' id='word_1_661' title='bbox 1684 4158 1711 4207; x_wconf 92' lang='lat' dir='ltr'>et</span> <span class='ocrx_word' id='word_1_662' title='bbox 1724 4151 1828 4225; x_wconf 86' lang='lat' dir='ltr'>legitur</span> 
     </span>
     <span class='ocr_line' id='line_1_67' title="bbox 1025 4223 1826 4308; baseline 0.022 -28"><span class='ocrx_word' id='word_1_663' title='bbox 1025 4223 1060 4280; x_wconf 89' lang='lat' dir='ltr'>de</span> <span class='ocrx_word' id='word_1_664' title='bbox 1073 4225 1219 4295; x_wconf 83' lang='lat' dir='ltr'>praesenti:</span> <span class='ocrx_word' id='word_1_665' title='bbox 1232 4227 1299 4286; x_wconf 92' lang='lat' dir='ltr'>Dico</span> <span class='ocrx_word' id='word_1_666' title='bbox 1313 4229 1461 4289; x_wconf 84' lang='lat' dir='ltr'>asditicetur</span> <span class='ocrx_word' id='word_1_667' title='bbox 1474 4233 1637 4308; x_wconf 88' lang='lat' dir='ltr'>Jerusalem,</span> <span class='ocrx_word' id='word_1_668' title='bbox 1652 4245 1680 4294; x_wconf 91' lang='grc' dir='ltr'>ει</span> <span class='ocrx_word' id='word_1_669' title='bbox 1694 4255 1756 4296; x_wconf 87' lang='lat' dir='ltr'>cum</span> <span class='ocrx_word' id='word_1_670' title='bbox 1772 4241 1826 4298; x_wconf 76' lang='lat' dir='ltr'>lic-</span> 
     </span>
     <span class='ocr_line' id='line_1_68' title="bbox 1025 4311 1824 4396; baseline 0.024 -28"><span class='ocrx_word' id='word_1_671' title='bbox 1025 4311 1137 4370; x_wconf 89' lang='lat' dir='ltr'>clesiam</span> <span class='ocrx_word' id='word_1_672' title='bbox 1164 4318 1359 4386; x_wconf 85' lang='lat' dir='ltr'>construxeris,</span> <span class='ocrx_word' id='word_1_673' title='bbox 1390 4327 1454 4378; x_wconf 90' lang='lat' dir='ltr'>tunc</span> <span class='ocrx_word' id='word_1_674' title='bbox 1480 4323 1634 4396; x_wconf 85' lang='lat' dir='ltr'>acceptabis</span> <span class='ocrx_word' id='word_1_675' title='bbox 1660 4326 1824 4386; x_wconf 86' lang='lat' dir='ltr'>sacrilicitun</span> 
     </span>
     <span class='ocr_line' id='line_1_69' title="bbox 1023 4408 1825 4492; baseline 0.025 -29"><span class='ocrx_word' id='word_1_676' title='bbox 1023 4408 1145 4479; x_wconf 82' lang='lat' dir='ltr'>justitiae,</span> <span class='ocrx_word' id='word_1_677' title='bbox 1161 4411 1190 4468; x_wconf 92' lang='lat' dir='ltr'>id</span> <span class='ocrx_word' id='word_1_678' title='bbox 1203 4421 1245 4468; x_wconf 89' lang='lat' dir='ltr'>est</span> <span class='ocrx_word' id='word_1_679' title='bbox 1256 4413 1358 4483; x_wconf 85' lang='lat' dir='ltr'>justitia</span> <span class='ocrx_word' id='word_1_680' title='bbox 1372 4416 1424 4472; x_wconf 88' lang='lat' dir='ltr'>erit</span> <span class='ocrx_word' id='word_1_681' title='bbox 1436 4417 1487 4473; x_wconf 92' lang='lat' dir='ltr'>tibi</span> <span class='ocrx_word' id='word_1_682' title='bbox 1505 4420 1682 4492; x_wconf 84' lang='lat' dir='ltr'>sacrificinm,</span> <span class='ocrx_word' id='word_1_683' title='bbox 1703 4433 1731 4481; x_wconf 91' lang='lat' dir='ltr'>et</span> <span class='ocrx_word' id='word_1_684' title='bbox 1758 4433 1825 4484; x_wconf 89' lang='lat' dir='ltr'>tunc</span> 
     </span>
     <span class='ocr_line' id='line_1_70' title="bbox 1026 4499 1826 4581; baseline 0.021 -28"><span class='ocrx_word' id='word_1_685' title='bbox 1026 4499 1180 4570; x_wconf 87' lang='lat' dir='ltr'>acceptabis</span> <span class='ocrx_word' id='word_1_686' title='bbox 1194 4500 1347 4559; x_wconf 89' lang='lat' dir='ltr'>oblationes</span> <span class='ocrx_word' id='word_1_687' title='bbox 1362 4511 1389 4560; x_wconf 88' lang='lat' dir='ltr'>et</span> <span class='ocrx_word' id='word_1_688' title='bbox 1403 4506 1574 4581; x_wconf 91' lang='lat' dir='ltr'>holocausta,</span> <span class='ocrx_word' id='word_1_689' title='bbox 1589 4508 1617 4566; x_wconf 91' lang='lat' dir='ltr'>id</span> <span class='ocrx_word' id='word_1_690' title='bbox 1640 4519 1682 4568; x_wconf 90' lang='lat' dir='ltr'>est</span> <span class='ocrx_word' id='word_1_691' title='bbox 1703 4513 1826 4572; x_wconf 90' lang='lat' dir='ltr'>minores</span> 
     </span>
     <span class='ocr_line' id='line_1_71' title="bbox 1026 4586 1820 4674; baseline 0.026 -34"><span class='ocrx_word' id='word_1_692' title='bbox 1026 4586 1123 4655; x_wconf 90' lang='lat' dir='ltr'>sancti,</span> <span class='ocrx_word' id='word_1_693' title='bbox 1139 4587 1185 4660; x_wconf 87' lang='lat' dir='ltr'>qui</span> <span class='ocrx_word' id='word_1_694' title='bbox 1199 4604 1249 4660; x_wconf 89' lang='lat' dir='ltr'>per</span> <span class='ocrx_word' id='word_1_695' title='bbox 1263 4590 1416 4650; x_wconf 89' lang='lat' dir='ltr'>oblationes</span> <span class='ocrx_word' id='word_1_696' title='bbox 1429 4593 1618 4669; x_wconf 88' lang='lat' dir='ltr'>intelliguntur</span> <span class='ocrx_word' id='word_1_697' title='bbox 1628 4617 1636 4666; x_wconf 88' lang='lat'>;</span> <span class='ocrx_word' id='word_1_698' title='bbox 1647 4607 1675 4657; x_wconf 88' lang='lat' dir='ltr'>et</span> <span class='ocrx_word' id='word_1_699' title='bbox 1695 4601 1820 4674; x_wconf 87' lang='lat' dir='ltr'>perlecti,</span> 
     </span>
     <span class='ocr_line' id='line_1_72' title="bbox 1026 4673 1820 4762; baseline 0.026 -34"><span class='ocrx_word' id='word_1_700' title='bbox 1026 4673 1072 4746; x_wconf 87' lang='lat' dir='ltr'>qui</span> <span class='ocrx_word' id='word_1_701' title='bbox 1085 4689 1136 4745; x_wconf 91' lang='lat' dir='ltr'>per</span> <span class='ocrx_word' id='word_1_702' title='bbox 1151 4676 1311 4735; x_wconf 87' lang='lat' dir='ltr'>holocausta</span> <span class='ocrx_word' id='word_1_703' title='bbox 1324 4681 1375 4736; x_wconf 92' lang='lat' dir='ltr'>tibi</span> <span class='ocrx_word' id='word_1_704' title='bbox 1388 4680 1549 4752; x_wconf 82' lang='lat' dir='ltr'>offerentur,</span> <span class='ocrx_word' id='word_1_705' title='bbox 1579 4694 1644 4744; x_wconf 87' lang='lat' dir='ltr'>tunc</span> <span class='ocrx_word' id='word_1_706' title='bbox 1670 4689 1820 4762; x_wconf 90' lang='lat' dir='ltr'>imponent,</span> 
     </span>
     <span class='ocr_line' id='line_1_73' title="bbox 1025 4763 1820 4848; baseline 0.025 -31"><span class='ocrx_word' id='word_1_707' title='bbox 1025 4763 1193 4832; x_wconf 89' lang='lat' dir='ltr'>sacerdotes,</span> <span class='ocrx_word' id='word_1_708' title='bbox 1218 4765 1328 4836; x_wconf 83' lang='lat' dir='ltr'>vitulos,</span> <span class='ocrx_word' id='word_1_709' title='bbox 1354 4769 1382 4825; x_wconf 95' lang='lat' dir='ltr'>id</span> <span class='ocrx_word' id='word_1_710' title='bbox 1397 4779 1439 4826; x_wconf 91' lang='lat' dir='ltr'>est</span> <span class='ocrx_word' id='word_1_711' title='bbox 1454 4771 1623 4846; x_wconf 89' lang='lat' dir='ltr'>innocentes,</span> <span class='ocrx_word' id='word_1_712' title='bbox 1653 4785 1681 4834; x_wconf 91' lang='lat' dir='ltr'>et</span> <span class='ocrx_word' id='word_1_713' title='bbox 1703 4778 1820 4848; x_wconf 90' lang='lat' dir='ltr'>adultos,</span> 
     </span>
     <span class='ocr_line' id='line_1_74' title="bbox 1024 4850 1819 4932; baseline 0.024 -26"><span class='ocrx_word' id='word_1_714' title='bbox 1024 4850 1083 4908; x_wconf 92' lang='lat' dir='ltr'>sine</span> <span class='ocrx_word' id='word_1_715' title='bbox 1095 4851 1163 4925; x_wconf 84' lang='lat' dir='ltr'>jugo</span> <span class='ocrx_word' id='word_1_716' title='bbox 1177 4856 1292 4925; x_wconf 90' lang='lat' dir='ltr'>peccati.</span> <span class='ocrx_word' id='word_1_717' title='bbox 1308 4857 1396 4930; x_wconf 88' lang='lat' dir='ltr'>Super</span> <span class='ocrx_word' id='word_1_718' title='bbox 1408 4860 1492 4917; x_wconf 88' lang='lat' dir='ltr'>altare</span> <span class='ocrx_word' id='word_1_719' title='bbox 1507 4869 1593 4932; x_wconf 91' lang='lat' dir='ltr'>tuum,</span> <span class='ocrx_word' id='word_1_720' title='bbox 1608 4865 1636 4922; x_wconf 95' lang='lat' dir='ltr'>id</span> <span class='ocrx_word' id='word_1_721' title='bbox 1657 4875 1700 4922; x_wconf 90' lang='lat' dir='ltr'>est</span> <span class='ocrx_word' id='word_1_722' title='bbox 1727 4867 1819 4925; x_wconf 86' lang='lat' dir='ltr'>fidem.</span> 
     </span>
    </p>
   </div>
   <div class='ocr_carea' id='block_1_14' title="bbox 174 4934 1822 5376">
    <p class='ocr_par' dir='ltr' id='par_1_18' title="bbox 174 4934 1822 5376">
     <span class='ocr_line' id='line_1_75' title="bbox 177 4934 1821 5029; baseline 0.011 -35"><span class='ocrx_word' id='word_1_723' title='bbox 177 4938 258 4994; x_wconf 90' lang='lat' dir='ltr'>datur</span> <span class='ocrx_word' id='word_1_724' title='bbox 273 4953 337 5010; x_wconf 91' lang='lat' dir='ltr'>spes</span> <span class='ocrx_word' id='word_1_725' title='bbox 353 4936 438 4994; x_wconf 76' lang='lat' dir='ltr'>veniae</span> <span class='ocrx_word' id='word_1_726' title='bbox 452 4934 652 5002; x_wconf 87' lang='lat' dir='ltr'>convertendis,</span> <span class='ocrx_word' id='word_1_727' title='bbox 670 4934 693 4990; x_wconf 92' lang='lat' dir='ltr'>si</span> <span class='ocrx_word' id='word_1_728' title='bbox 719 4934 853 5006; x_wconf 88' lang='lat' dir='ltr'>poenitare</span> <span class='ocrx_word' id='word_1_729' title='bbox 878 4937 972 4994; x_wconf 89' lang='lat' dir='ltr'>velint.</span> <span class='ocrx_word' id='word_1_730' title='bbox 1024 4938 1084 5007; x_wconf 84' lang='lat' dir='ltr'>Vel,</span> <span class='ocrx_word' id='word_1_731' title='bbox 1100 4939 1178 4996; x_wconf 85' lang='lat' dir='ltr'>vituli</span> <span class='ocrx_word' id='word_1_732' title='bbox 1191 4950 1254 4998; x_wconf 89' lang='lat' dir='ltr'>sunt</span> <span class='ocrx_word' id='word_1_733' title='bbox 1268 4945 1475 5016; x_wconf 71' lang='lat' dir='ltr'>predicatores,</span> <span class='ocrx_word' id='word_1_734' title='bbox 1492 4951 1538 5022; x_wconf 89' lang='lat' dir='ltr'>qui</span> <span class='ocrx_word' id='word_1_735' title='bbox 1552 4952 1648 5010; x_wconf 90' lang='lat' dir='ltr'>orbem</span> <span class='ocrx_word' id='word_1_736' title='bbox 1670 4955 1821 5029; x_wconf 85' lang='lat' dir='ltr'>mugitibus</span> 
     </span>
     <span class='ocr_line' id='line_1_76' title="bbox 177 5022 1820 5118; baseline 0.013 -35"><span class='ocrx_word' id='word_1_737' title='bbox 177 5027 266 5084; x_wconf 75' lang='lat' dir='ltr'>batus</span> <span class='ocrx_word' id='word_1_738' title='bbox 281 5025 399 5082; x_wconf 86' lang='lat' dir='ltr'>lascivus</span> <span class='ocrx_word' id='word_1_739' title='bbox 415 5022 650 5098; x_wconf 85' lang='lat' dir='ltr'>spiritus·obligat</span> <span class='ocrx_word' id='word_1_740' title='bbox 677 5023 817 5080; x_wconf 87' lang='lat' dir='ltr'>hominem</span> <span class='ocrx_word' id='word_1_741' title='bbox 847 5033 971 5096; x_wconf 89' lang='lat' dir='ltr'>peccato,</span> <span class='ocrx_word' id='word_1_742' title='bbox 1022 5027 1224 5098; x_wconf 69' lang='lat' dir='ltr'>predicationis</span> <span class='ocrx_word' id='word_1_743' title='bbox 1237 5030 1361 5105; x_wconf 88' lang='lat' dir='ltr'>implent,</span> <span class='ocrx_word' id='word_1_744' title='bbox 1377 5035 1422 5108; x_wconf 89' lang='lat' dir='ltr'>qui</span> <span class='ocrx_word' id='word_1_745' title='bbox 1437 5053 1454 5094; x_wconf 91' lang='lat' dir='ltr'>a</span> <span class='ocrx_word' id='word_1_746' title='bbox 1469 5039 1630 5110; x_wconf 89' lang='lat' dir='ltr'>majoribus,</span> <span class='ocrx_word' id='word_1_747' title='bbox 1646 5051 1675 5098; x_wconf 94' lang='lat' dir='ltr'>ut</span> <span class='ocrx_word' id='word_1_748' title='bbox 1689 5043 1724 5100; x_wconf 92' lang='lat' dir='ltr'>ab</span> <span class='ocrx_word' id='word_1_749' title='bbox 1751 5061 1820 5118; x_wconf 87' lang='lat' dir='ltr'>apo·</span> 
     </span>
     <span class='ocr_line' id='line_1_77' title="bbox 178 5109 1822 5200; baseline 0.013 -30"><span class='ocrx_word' id='word_1_750' title='bbox 178 5115 227 5171; x_wconf 89' lang='lat' dir='ltr'>sed</span> <span class='ocrx_word' id='word_1_751' title='bbox 241 5115 353 5188; x_wconf 91' lang='lat' dir='ltr'>spiritns</span> <span class='ocrx_word' id='word_1_752' title='bbox 367 5113 499 5172; x_wconf 88' lang='lat' dir='ltr'>contritus</span> <span class='ocrx_word' id='word_1_753' title='bbox 513 5119 553 5168; x_wconf 88' lang='lat' dir='ltr'>est</span> <span class='ocrx_word' id='word_1_754' title='bbox 573 5109 748 5180; x_wconf 80' lang='lat' dir='ltr'>sacrificium,</span> <span class='ocrx_word' id='word_1_755' title='bbox 779 5127 833 5185; x_wconf 94' lang='lat' dir='ltr'>quo</span> <span class='ocrx_word' id='word_1_756' title='bbox 860 5121 972 5184; x_wconf 87' lang='lat' dir='ltr'>peccata</span> <span class='ocrx_word' id='word_1_757' title='bbox 1023 5116 1101 5172; x_wconf 91' lang='lat' dir='ltr'>stolis</span> <span class='ocrx_word' id='word_1_758' title='bbox 1114 5116 1288 5190; x_wconf 89' lang='lat' dir='ltr'>imponuntur</span> <span class='ocrx_word' id='word_1_759' title='bbox 1297 5124 1475 5196; x_wconf 86' lang='lat' dir='ltr'>superaltare</span> <span class='ocrx_word' id='word_1_760' title='bbox 1486 5127 1626 5188; x_wconf 74' lang='lat' dir='ltr'>Ecclesia.</span> <span class='ocrx_word' id='word_1_761' title='bbox 1637 5133 1672 5188; x_wconf 81' lang='lat' dir='ltr'>ttt</span> <span class='ocrx_word' id='word_1_762' title='bbox 1685 5140 1727 5190; x_wconf 90' lang='lat' dir='ltr'>est</span> <span class='ocrx_word' id='word_1_763' title='bbox 1737 5151 1745 5200; x_wconf 86' lang='lat'>;</span> <span class='ocrx_word' id='word_1_764' title='bbox 1757 5141 1822 5192; x_wconf 92' lang='lat' dir='ltr'>tunc</span> 
     </span>
     <span class='ocr_line' id='line_1_78' title="bbox 177 5197 1821 5292; baseline 0.012 -34"><span class='ocrx_word' id='word_1_765' title='bbox 177 5201 325 5259; x_wconf 83' lang='lat' dir='ltr'>soltenmr.</span> <span class='ocrx_word' id='word_1_766' title='bbox 356 5201 485 5277; x_wconf 90' lang='lat' dir='ltr'>Sequitur</span> <span class='ocrx_word' id='word_1_767' title='bbox 512 5201 593 5270; x_wconf 84' lang='lat' dir='ltr'>hujus</span> <span class='ocrx_word' id='word_1_768' title='bbox 621 5197 744 5256; x_wconf 81' lang='lat' dir='ltr'>sacrificii</span> <span class='ocrx_word' id='word_1_769' title='bbox 772 5201 928 5271; x_wconf 87' lang='lat' dir='ltr'>promissio,</span> <span class='ocrx_word' id='word_1_770' title='bbox 953 5218 971 5258; x_wconf 93' lang='lat' dir='ltr'>o</span> <span class='ocrx_word' id='word_1_771' title='bbox 1022 5202 1172 5277; x_wconf 89' lang='lat' dir='ltr'>imponent,</span> <span class='ocrx_word' id='word_1_772' title='bbox 1189 5207 1293 5267; x_wconf 90' lang='lat' dir='ltr'>scilicet</span> <span class='ocrx_word' id='word_1_773' title='bbox 1306 5212 1426 5281; x_wconf 76' lang='lat' dir='ltr'>maiores</span> <span class='ocrx_word' id='word_1_774' title='bbox 1449 5216 1566 5288; x_wconf 79' lang='lat' dir='ltr'>praelati,</span> <span class='ocrx_word' id='word_1_775' title='bbox 1597 5219 1705 5292; x_wconf 85' lang='lat' dir='ltr'>rittdos,</span> <span class='ocrx_word' id='word_1_776' title='bbox 1722 5221 1750 5277; x_wconf 91' lang='lat' dir='ltr'>id</span> <span class='ocrx_word' id='word_1_777' title='bbox 1778 5231 1821 5278; x_wconf 92' lang='lat' dir='ltr'>est</span> 
     </span>
     <span class='ocr_line' id='line_1_79' title="bbox 174 5287 1818 5376; baseline 0.013 -30"><span class='ocrx_word' id='word_1_778' title='bbox 174 5292 257 5360; x_wconf 90' lang='lat' dir='ltr'>Dens,</span> <span class='ocrx_word' id='word_1_779' title='bbox 273 5308 330 5348; x_wconf 91' lang='lat' dir='ltr'>non</span> <span class='ocrx_word' id='word_1_780' title='bbox 340 5291 474 5362; x_wconf 85' lang='lat' dir='ltr'>despicies</span> <span class='ocrx_word' id='word_1_781' title='bbox 484 5287 875 5360; x_wconf 85' lang='lat' dir='ltr'>coreontritnmpoenitentia.</span> <span class='ocrx_word' id='word_1_782' title='bbox 885 5289 971 5362; x_wconf 87' lang='lat' dir='ltr'>Sper·</span> <span class='ocrx_word' id='word_1_783' title='bbox 1021 5293 1223 5363; x_wconf 69' lang='lat' dir='ltr'>predicatores.</span> <span class='ocrx_word' id='word_1_784' title='bbox 1240 5298 1328 5370; x_wconf 88' lang='lat' dir='ltr'>Super</span> <span class='ocrx_word' id='word_1_785' title='bbox 1342 5300 1430 5358; x_wconf 88' lang='lat' dir='ltr'>altare</span> <span class='ocrx_word' id='word_1_786' title='bbox 1444 5311 1530 5376; x_wconf 91' lang='lat' dir='ltr'>tuum,</span> <span class='ocrx_word' id='word_1_787' title='bbox 1546 5305 1630 5363; x_wconf 90' lang='lat' dir='ltr'>idest</span> <span class='ocrx_word' id='word_1_788' title='bbox 1653 5308 1818 5368; x_wconf 87' lang='lat' dir='ltr'>Ecclesiam.</span> 
     </span>
    </p>
   </div>
   <div class='ocr_carea' id='block_1_15' title="bbox 174 5374 970 5625">
    <p class='ocr_par' dir='ltr' id='par_1_19' title="bbox 174 5374 970 5625">
     <span class='ocr_line' id='line_1_80' title="bbox 174 5374 970 5450; baseline 0 -15"><span class='ocrx_word' id='word_1_789' title='bbox 174 5380 212 5435; x_wconf 92' lang='lat' dir='ltr'>nit</span> <span class='ocrx_word' id='word_1_790' title='bbox 228 5379 300 5435; x_wconf 89' lang='lat' dir='ltr'>Deus</span> <span class='ocrx_word' id='word_1_791' title='bbox 310 5387 418 5434; x_wconf 89' lang='lat' dir='ltr'>taumm</span> <span class='ocrx_word' id='word_1_792' title='bbox 433 5386 459 5434; x_wconf 90' lang='grc' dir='ltr'>ει</span> <span class='ocrx_word' id='word_1_793' title='bbox 474 5378 588 5446; x_wconf 87' lang='lat' dir='ltr'>hircum,</span> <span class='ocrx_word' id='word_1_794' title='bbox 604 5383 655 5433; x_wconf 92' lang='lat' dir='ltr'>eto.</span> <span class='ocrx_word' id='word_1_795' title='bbox 672 5374 740 5445; x_wconf 87' lang='lat' dir='ltr'>Quae</span> <span class='ocrx_word' id='word_1_796' title='bbox 749 5384 857 5450; x_wconf 91' lang='lat' dir='ltr'>tempus</span> <span class='ocrx_word' id='word_1_797' title='bbox 867 5380 970 5436; x_wconf 89' lang='lat' dir='ltr'>habue-</span> 
     </span>
     <span class='ocr_line' id='line_1_81' title="bbox 174 5465 969 5538; baseline 0.001 -15"><span class='ocrx_word' id='word_1_798' title='bbox 174 5477 245 5534; x_wconf 92' lang='lat' dir='ltr'>runt,</span> <span class='ocrx_word' id='word_1_799' title='bbox 262 5467 326 5522; x_wconf 91' lang='lat' dir='ltr'>dum</span> <span class='ocrx_word' id='word_1_800' title='bbox 350 5465 453 5538; x_wconf 88' lang='lat' dir='ltr'>aliquid</span> <span class='ocrx_word' id='word_1_801' title='bbox 467 5465 653 5537; x_wconf 84' lang='lat' dir='ltr'>promitterent</span> <span class='ocrx_word' id='word_1_802' title='bbox 667 5465 806 5533; x_wconf 85' lang='lat' dir='ltr'>tuturum;</span> <span class='ocrx_word' id='word_1_803' title='bbox 822 5471 851 5523; x_wconf 88' lang='lat' dir='ltr'>et</span> <span class='ocrx_word' id='word_1_804' title='bbox 873 5467 969 5524; x_wconf 86' lang='lat' dir='ltr'>hnmi-</span> 
     </span>
     <span class='ocr_line' id='line_1_82' title="bbox 175 5552 969 5625; baseline -0.004 -12"><span class='ocrx_word' id='word_1_805' title='bbox 175 5558 277 5614; x_wconf 86' lang='lat' dir='ltr'>tictnm</span> <span class='ocrx_word' id='word_1_806' title='bbox 293 5556 350 5612; x_wconf 90' lang='lat' dir='ltr'>Deo</span> <span class='ocrx_word' id='word_1_807' title='bbox 366 5552 529 5624; x_wconf 88' lang='lat' dir='ltr'>confitendo,</span> <span class='ocrx_word' id='word_1_808' title='bbox 546 5569 599 5608; x_wconf 92' lang='lat' dir='ltr'>non</span> <span class='ocrx_word' id='word_1_809' title='bbox 626 5554 725 5610; x_wconf 86' lang='lat' dir='ltr'>elatum</span> <span class='ocrx_word' id='word_1_810' title='bbox 749 5563 891 5625; x_wconf 87' lang='lat' dir='ltr'>peccatum</span> <span class='ocrx_word' id='word_1_811' title='bbox 919 5571 969 5612; x_wconf 84' lang='lat' dir='ltr'>cx-</span> 
     </span>
    </p>
   </div>
   <div class='ocr_carea' id='block_1_16' title="bbox 1020 5381 1820 5640">
    <p class='ocr_par' dir='ltr' id='par_1_20' title="bbox 1020 5381 1820 5640">
     <span class='ocr_line' id='line_1_83' title="bbox 1021 5381 1820 5467; baseline 0.025 -31"><span class='ocrx_word' id='word_1_812' title='bbox 1021 5381 1071 5436; x_wconf 85' lang='lat' dir='ltr'>Vel</span> <span class='ocrx_word' id='word_1_813' title='bbox 1085 5381 1160 5438; x_wconf 86' lang='lat' dir='ltr'>vituli</span> <span class='ocrx_word' id='word_1_814' title='bbox 1178 5387 1300 5460; x_wconf 81' lang='lat' dir='ltr'>suntqui</span> <span class='ocrx_word' id='word_1_815' title='bbox 1314 5403 1344 5444; x_wconf 92' lang='grc' dir='ltr'>εε</span> <span class='ocrx_word' id='word_1_816' title='bbox 1359 5390 1418 5446; x_wconf 93' lang='lat' dir='ltr'>Deo</span> <span class='ocrx_word' id='word_1_817' title='bbox 1432 5389 1550 5448; x_wconf 82' lang='lat' dir='ltr'>offerunt</span> <span class='ocrx_word' id='word_1_818' title='bbox 1564 5394 1591 5450; x_wconf 95' lang='lat' dir='ltr'>in</span> <span class='ocrx_word' id='word_1_819' title='bbox 1602 5395 1775 5467; x_wconf 86' lang='lat' dir='ltr'>sacrificium,</span> <span class='ocrx_word' id='word_1_820' title='bbox 1792 5401 1820 5456; x_wconf 94' lang='lat' dir='ltr'>id</span> 
     </span>
     <span class='ocr_line' id='line_1_84' title="bbox 1020 5471 1813 5560; baseline 0.03 -38"><span class='ocrx_word' id='word_1_821' title='bbox 1020 5477 1061 5523; x_wconf 89' lang='lat' dir='ltr'>est</span> <span class='ocrx_word' id='word_1_822' title='bbox 1083 5471 1228 5544; x_wconf 90' lang='lat' dir='ltr'>martyres.</span> <span class='ocrx_word' id='word_1_823' title='bbox 1257 5475 1292 5530; x_wconf 82' lang='lat' dir='ltr'>itt</span> <span class='ocrx_word' id='word_1_824' title='bbox 1318 5485 1361 5533; x_wconf 88' lang='lat' dir='ltr'>est</span> <span class='ocrx_word' id='word_1_825' title='bbox 1386 5478 1536 5552; x_wconf 89' lang='lat' dir='ltr'>imponent,</span> <span class='ocrx_word' id='word_1_826' title='bbox 1567 5483 1674 5556; x_wconf 87' lang='lat' dir='ltr'>seipsos</span> <span class='ocrx_word' id='word_1_827' title='bbox 1703 5487 1813 5560; x_wconf 83' lang='lat' dir='ltr'>vitulos,</span> 
     </span>
     <span class='ocr_line' id='line_1_85' title="bbox 1020 5559 1820 5640; baseline 0.028 -28"><span class='ocrx_word' id='word_1_828' title='bbox 1020 5559 1196 5630; x_wconf 87' lang='lat' dir='ltr'>superaltare</span> <span class='ocrx_word' id='word_1_829' title='bbox 1211 5569 1295 5631; x_wconf 88' lang='lat' dir='ltr'>tuum,</span> <span class='ocrx_word' id='word_1_830' title='bbox 1313 5563 1340 5621; x_wconf 91' lang='lat' dir='ltr'>id</span> <span class='ocrx_word' id='word_1_831' title='bbox 1355 5574 1394 5622; x_wconf 88' lang='lat' dir='ltr'>est</span> <span class='ocrx_word' id='word_1_832' title='bbox 1409 5567 1515 5640; x_wconf 90' lang='lat' dir='ltr'>seipsos</span> <span class='ocrx_word' id='word_1_833' title='bbox 1537 5570 1653 5629; x_wconf 82' lang='lat' dir='ltr'>offerent</span> <span class='ocrx_word' id='word_1_834' title='bbox 1678 5574 1737 5632; x_wconf 91' lang='lat' dir='ltr'>tibi.</span> <span class='ocrx_word' id='word_1_835' title='bbox 1769 5577 1820 5634; x_wconf 81' lang='lat' dir='ltr'>Vel</span> 
     </span>
    </p>
   </div>
   <div class='ocr_carea' id='block_1_17' title="bbox 0 0 1946 6064">
    <p class='ocr_par' dir='ltr' id='par_1_21' title="bbox 0 0 1946 6064">
     <span class='ocr_line' id='line_1_86' title="bbox 0 0 1946 6064; baseline 0 7"><span class='ocrx_word' id='word_1_836' title='bbox 0 0 1946 6064; x_wconf 95' lang='lat' dir='ltr'> </span> 
     </span>
    </p>
   </div>
  </div>
 </body>
</html>
