3878 6322
105 18 163 72 Noa
177 16 306 88 altipobis
323 31 351 72 os
366 15 425 70 boui
441 16 602 81 trituranti,
618 14 698 70 idest
709 30 763 70 non
774 14 903 86 prohibe·
955 17 1016 89 quia
1044 23 1150 86 partem
1178 17 1278 72 babent
1301 17 1336 73 de
1360 18 1403 72 bis
1428 35 1487 90 quae
1502 1 1651 73 offeruntur
1664 15 1753 71 altari.

105 104 145 159 bis
163 103 370 176 praedicatorem
394 102 488 160 vivere
512 103 547 158 de
570 103 730 176 Evangelio,
755 103 846 158 idest
869 103 904 158 de
955 103 1137 178 [Ambrosius]
1152 107 1186 160 Et
1199 105 1319 175 nescitis,
1345 108 1406 173 hoc,
1432 107 1475 163 vel
1490 107 1557 162 illud
1573 123 1580 161 :
1596 104 1631 161 dc
1645 103 1756 177 gentili-

22 245 23 248 ,
104 192 306 265 praedicatione,
323 192 374 246 sed
397 207 431 246 ne
445 193 498 248 hoc
512 191 637 247 rideatur
659 191 694 246 ad
709 190 827 246 litteram
842 207 905 246 esse
954 194 1005 249 bns
1033 194 1218 250 sacerdotibus
1246 194 1328 260 dicit,
1359 195 1483 263 scilieet,
1514 194 1560 266 qui
1584 194 1612 249 in
1642 191 1758 251 sacrario

106 281 216 348 dictum,
227 280 319 336 subdit
330 294 335 333 :
348 280 481 352 Numquid
496 280 529 336 do
544 281 625 337 boias
639 295 709 336 cura
724 283 767 337 ast
781 281 836 337 Deo
851 284 862 335 t
877 279 905 334 id
955 291 1122 354 operantur,
1138 291 1164 339 ει
1184 283 1236 339 boc
1259 282 1293 337 de
1317 283 1426 349 iudaeis,
1455 282 1567 348 scilicet,
1595 282 1641 354 qui
1662 280 1758 337 altario

106 378 146 426 est
160 378 189 424 ut
202 370 237 425 de
250 367 290 424 eis
304 369 333 423 in
348 368 411 440 lage
425 367 585 439 praecipisti
599 369 661 424 Non
675 384 724 440 pro
737 368 836 434 bobus,
854 368 906 423 hoc
955 371 1122 428 deserviunt.
1139 372 1192 427 Per
1212 372 1362 428 sacrarium
1383 371 1457 426 enim
1478 369 1606 441 intelligit
1628 369 1759 441 templum

105 457 178 528 dicit,
195 457 256 531 quia
279 465 392 528 propter
413 472 464 512 nos
482 461 591 512 ‘tanturn
605 457 678 523 dicit,
697 457 770 528 quod
791 456 829 511 ita
843 455 903 512 ait:
956 459 1117 535 gentilium
1133 475 1184 531 per
1197 459 1281 515 altare
1295 459 1459 530 iudaeorum,
1479 473 1597 531 quorum
1617 465 1759 514 utrorum-

105 548 148 604 Aa
161 554 277 619 propter
287 562 348 612 roos,
361 546 458 618 etiarm
475 546 525 602 boc
539 545 609 602 dicit
618 550 630 601 ι
640 543 723 614 Quasi
733 545 806 601 dicat
817 559 823 598 :
836 544 907 601 Dicit
956 564 1010 620 que
1024 548 1142 602 ministri
1157 563 1250 604 eorum
1266 565 1327 620 quae
1340 547 1490 604 offeruntur
1510 555 1617 620 partem
1632 553 1754 601 sumunt.

108 635 208 707 ntique.
239 636 320 701 llam,
343 641 395 690 etc.
421 632 602 706 [Ambrosius]
617 633 701 703 Quasi
717 634 790 691 dicat
814 648 820 688 :
837 634 907 689 Vere
957 637 990 692 Ει
1005 637 1075 693 sicut
1089 637 1133 693 bic
1148 635 1185 706 lit,
1200 637 1243 692 ita
1262 640 1291 692 et
1304 637 1439 693 Dominus
1465 635 1588 691 Christus
1603 634 1757 701 ordinavit,

108 724 158 780 boc
172 731 284 796 propter
298 738 349 778 nos
364 721 440 791 dicit,
457 721 518 794 quia
534 721 592 780 baec
607 729 634 778 et
647 722 700 778 alia
717 722 814 778 eodem
827 737 906 795 spec·
958 725 986 781 id
1011 733 1052 781 est
1076 724 1274 781 rationabiliter
1301 725 1434 796 disposuit
1459 725 1494 780 de
1518 721 1757 795 praedicatoribus;

107 811 199 878 tantia,
210 815 326 884 propter
336 827 386 866 mos
404 812 601 882 scriptumst,
611 817 641 864 ut
652 809 802 881 bocipsum
812 824 907 865 verum
958 812 1171 870 ordinavitenim
1185 813 1227 869 tris
1237 809 1760 887 quiyoaouatiaattrenortium,idest

109 907 159 956 est.
179 899 316 969 Quoniam
330 900 378 971 qui
392 901 468 969 orat,
485 897 568 954 idest
586 897 749 969 praedicator
763 898 809 971 qui
823 896 908 954 corda
958 900 1183 974 praedicatoribus
1213 901 1278 974 quid
1301 901 1459 973 disposuit?
1473 899 1586 966 scilicet,
1611 901 1704 954 otnero
1726 896 1759 952 do

107 989 193 1060 sossi!
207 989 243 1043 sd
261 985 353 1054 fidem,
378 987 457 1042 diost
478 1003 560 1043 storo
583 988 616 1043 io
635 1003 682 1060 sps
708 986 902 1057 stipendiorum
958 991 1122 1062 trenortio.
1142 991 1201 1046 Hoc
1221 989 1417 1046 rationabiliter
1440 988 1503 1045 iecit
1524 994 1555 1044 ut
1577 985 1760 1058 expeditiores

109 1075 309 1148 temporalium,
323 1075 581 1147 nonpropterbunc
592 1090 688 1146 spem;
703 1073 841 1130 nonenim
852 1075 909 1131 baec
960 1079 1014 1135 sint
1027 1079 1060 1133 ad
1076 1078 1279 1150 praedicandum
1302 1079 1415 1135 verbum
1439 1078 1500 1144 Dei,
1517 1091 1599 1148 quam
1623 1073 1759 1130 licentiam

109 1165 189 1222 debat
203 1180 265 1220 esse
280 1163 393 1220 intentio
416 1179 474 1229 sua,
499 1170 526 1219 et
546 1162 608 1218 linis
629 1162 657 1218 in
675 1161 823 1218 ministerio
848 1177 907 1218 suo.
960 1167 1092 1223 Dominus
1106 1167 1182 1223 dedit
1206 1167 1255 1235 eis,
1272 1168 1381 1239 quando
1396 1166 1469 1222 misit
1483 1182 1530 1222 eos
1546 1165 1581 1220 ad
1605 1163 1759 1237 praedican·

109 1257 143 1310 El
157 1254 204 1326 tui
219 1254 350 1320 triturat,
367 1252 395 1306 id
409 1259 450 1308 ssi
462 1255 548 1308 b⁰⁰⁰s
562 1267 579 1308 s
593 1250 683 1317 molis,
704 1250 781 1323 ‘iussi
796 1265 881 1324 assos
893 1265 910 1305 o
922 1283 949 1343 Β
959 1256 1023 1312 dum
1038 1256 1133 1312 dicens
1149 1273 1156 1310 :
1172 1257 1241 1313 Ecce
1256 1273 1303 1328 epo
1325 1258 1412 1312 mitto
1433 1273 1487 1322 uos,
1504 1262 1557 1311 etc.
1573 1255 1651 1326 (Luc.
1668 1250 1711 1324 x).
1726 1252 1761 1307 Et

108 1341 192 1414 paleis
215 1339 353 1408 discernit,
370 1356 477 1396 morum
498 1338 637 1412 qualitate,
655 1339 737 1395 debet
757 1339 810 1397 hoo
831 1339 910 1393 simi·
960 1351 1022 1417 post
1035 1345 1117 1416 paulo
1134 1362 1141 1398 :
1157 1345 1189 1400 lm
1205 1346 1301 1400 eadem
1316 1345 1395 1401 domo
1408 1347 1522 1400 maneto
1534 1342 1659 1408 odeotes,
1676 1343 1705 1396 et
1720 1340 1761 1396 bi·

109 1431 171 1487 liter
180 1429 281 1498 iacere,
292 1431 324 1485 ira
334 1445 383 1502 spe
391 1429 568 1502 percipiendi
575 1431 689 1500 fractas
702 1427 909 1500 stipendiorum.
961 1434 1058 1490 bootes
1073 1450 1134 1507 aare
1147 1433 1223 1505 oport
1236 1433 1301 1489 titos
1312 1435 1390 1489 sant.
1402 1433 1509 1505 btpnra
1520 1435 1563 1488 est
1577 1432 1654 1487 caim
1664 1445 1761 1502 oporo-

111 1520 140 1578 Si
154 1535 203 1576 roos
219 1519 303 1574 vobis.
320 1519 466 1589 Postquam
487 1516 612 1588 pmbavit
637 1533 686 1587 per
708 1515 911 1584 similitudines,
960 1523 1022 1578 rius
1036 1521 1164 1578 mercede
1186 1538 1240 1577 aaa
1263 1520 1353 1594 (tota)
1368 1523 1422 1593 Epo
1441 1524 1549 1577 autem.
1566 1517 1649 1588 Quasi
1664 1517 1760 1573 dicat:

110 1623 182 1664 nunc
196 1607 295 1678 probat
313 1621 362 1677 per
384 1605 504 1661 mtiones
528 1605 602 1678 quod
624 1604 688 1661 licet
710 1605 751 1661 eis
774 1603 910 1675 accipere.
961 1611 1011 1665 Τοι
1026 1609 1114 1666 modis
1128 1609 1212 1665 licere
1227 1616 1342 1665 constat.
1360 1611 1413 1681 Epo
1428 1613 1526 1666 autem
1544 1608 1625 1664 auito
1647 1606 1760 1672 borotra,

112 1694 194 1764 Quasi
209 1693 281 1750 dicat
297 1710 303 1749 :
320 1695 391 1750 Vere
410 1701 571 1766 potestatem
593 1693 745 1765 accipiendi
768 1693 910 1761 babemus
961 1697 1046 1754 idest
1061 1698 1230 1764 auctoritate,
1247 1697 1291 1755 vel
1307 1697 1441 1770 exemplo,
1463 1713 1532 1754 sosas
1554 1713 1628 1763 ram,
1642 1695 1671 1750 in
1686 1693 1761 1751 acci-

112 1784 175 1856 quia
186 1785 213 1840 si
221 1801 272 1839 roos
281 1783 484 1839 seminavimus
495 1783 568 1840 cobis
580 1783 753 1856 spiritualia,
766 1780 869 1838 scilicet
879 1796 913 1836 ea
962 1787 1071 1859 pieudo.
1088 1785 1277 1860 [Augustinus]
1293 1787 1328 1841 Et
1342 1801 1377 1842 ne
1391 1785 1461 1842 forte
1486 1785 1629 1857 quisquam
1644 1783 1762 1838 arbitra.

112 1889 171 1945 quae
187 1872 310 1944 spiritum
334 1879 456 1926 vestrum
480 1869 627 1940 vivificant,
645 1871 689 1926 vel
704 1887 764 1942 quae
779 1885 795 1924 a
809 1869 912 1941 Spiritu
961 1882 1043 1942 retur,
1060 1874 1121 1930 ideo
1137 1891 1197 1931 eum
1212 1891 1268 1930 non
1292 1873 1442 1946 accepisse,
1458 1873 1520 1946 quia
1544 1872 1583 1928 illi
1604 1886 1659 1927 non
1674 1871 1762 1926 dede·

111 1968 206 2017 sancto
220 1961 284 2016 data
298 1967 370 2026 sunt,
387 1957 577 2032 [Augustinus]
592 1958 697 2015 scilicet
711 1959 826 2014 verbum
851 1957 909 2025 Dei,
961 1971 1031 2032 rant,
1048 1971 1074 2020 et
1088 1963 1123 2020 do
1144 1979 1194 2019 saa
1216 1970 1349 2035 potestate
1373 1963 1432 2018 haeo
1454 1960 1534 2017 toties
1552 1962 1605 2018 hac
1619 1959 1653 2016 de
1678 1973 1763 2016 causa

112 2057 138 2105 ει
153 2047 312 2120 mysterium
328 2047 407 2121 regni
431 2047 573 2116 coelorum,
591 2051 634 2104 est
658 2065 794 2120 moenum
816 2048 842 2102 si
860 2063 911 2104 roos
962 2052 1074 2120 dixisse,
1093 2060 1124 2108 ut
1137 2051 1269 2124 deinceps
1283 2052 1389 2119 darent,
1405 2049 1518 2106 subdit:

111 2142 253 2194 metamus
268 2136 302 2191 ad
318 2135 543 2191 sustentationem
564 2140 657 2193 vestm
671 2136 812 2202 carnalia,
827 2134 855 2189 id
871 2139 912 2189 est
969 2209 971 2213 ,
997 2141 1081 2197 Vaas.
1099 2141 1195 2196 1547,
1213 2141 1321 2197 -Non
1344 2144 1441 2196 oasam
1455 2137 1557 2212 scripsi
1579 2137 1647 2206 troo,
1663 2139 1697 2194 ut
1718 2137 1762 2193 tta

111 2227 170 2282 haec
185 2225 348 2296 temporalia
369 2241 430 2297 quaa
450 2224 512 2280 vitae
527 2232 554 2279 ει
579 2223 738 2297 indigentiae
761 2221 852 2280 carnis
865 2223 911 2277 in·
961 2229 1145 2300 moriame:
1157 2230 1260 2286 bonam
1271 2229 1400 2286 ostentm
1410 2227 1581 2300 mibimopte
1590 2227 1761 2298 mori‚qoom

112 2314 187 2369 dulta
202 2321 273 2368 sunt.
289 2313 320 2370 Si
335 2313 397 2369 atii.
415 2312 483 2368 Item
499 2328 515 2368 a
530 2311 627 2368 minori
641 2313 738 2384 probat
761 2311 812 2366 sibi
827 2310 911 2366 licere
961 2321 995 2375 ot
1005 2318 1126 2390 pieriam
1136 2334 1229 2374 meam
1244 2318 1306 2392 qaas
1322 2319 1449 2374 evacuas,
1461 2316 1532 2372 Nam
1542 2319 1570 2372 aa
1585 2313 1761 2386 saevaeque.

112 2411 236 2474 sumptus
260 2401 348 2458 abeis
371 2401 507 2473 accipere,
533 2401 627 2457 dicens
643 2417 649 2456 ε
666 2403 696 2457 Si
720 2401 782 2467 alii,
808 2399 913 2456 scilicet
961 2421 1071 2476 savaro,
1085 2406 1280 2464 aoaeotmttat
1300 2407 1406 2478 plorem
1427 2402 1670 2461 necestuosorum
1690 2400 1762 2458 miii

111 2491 228 2564 pseudo,
239 2495 307 2548 suat
315 2493 471 2565 participes
482 2494 581 2547 oestro
593 2491 754 2562 potcstatis,
767 2488 794 2542 id
805 2496 846 2543 est
855 2496 912 2542 tam
960 2494 1109 2551 incumbit,
1126 2497 1167 2552 Va
1177 2495 1254 2550 anim
1264 2493 1337 2549 mibi
1346 2498 1399 2560 eat,
1410 2495 1501 2550 aenon
1516 2492 1763 2564 eoanpalizaaaro!

111 2587 239 2652 potenter
252 2587 362 2635 utuntur
376 2579 484 2645 vestris,
500 2587 527 2633 ut
542 2594 591 2634 vos
606 2577 667 2649 ipsi,
685 2593 771 2650 quare
791 2593 849 2634 nora
862 2593 911 2648 po·
963 2582 1193 2639 stromateas
1208 2583 1257 2638 boc
1273 2580 1499 2653 apamoroodom
1512 2579 1596 2636 babeo
1607 2580 1651 2647 ,·si
1665 2582 1762 2634 autom

114 2671 172 2725 tias
187 2685 238 2725 nos
253 2667 369 2740 apostoli
384 2667 430 2739 qui
440 2666 625 2724 causasalutis
639 2645 947 2722 vestraelaboramus.0
964 2669 1082 2736 taeitos,
1098 2670 1272 2742 dispensatio
1285 2669 1358 2724 mtto·
1371 2667 1479 2724 eredita
1494 2671 1547 2724 est.

112 2756 166 2813 Sed
183 2761 288 2822 tamam
306 2763 357 2812 etc.
374 2753 457 2825 Quasi
470 2755 543 2812 dicat
560 2772 567 2808 ε
583 2755 655 2810 Εεεε
670 2751 844 2808 manifestum
860 2759 910 2818 est,
999 2755 1059 2811 Noa
1074 2755 1185 2827 scripsi.
1202 2751 1286 2822 Quasi
1300 2752 1371 2809 dicat
1387 2769 1394 2806 z
1409 2766 1465 2808 non
1479 2767 1538 2806 sum
1554 2765 1630 2820 usus,
1647 2748 1696 2806 sed
1711 2763 1763 2806 neo

114 2844 177 2918 quia
191 2845 255 2901 licet
268 2843 348 2900 nobis
363 2841 498 2915 accipere,
513 2843 560 2899 scd
571 2846 668 2899 tamaro
683 2857 741 2897 noro
756 2858 853 2898 samaa
868 2840 915 2896 asi
961 2843 1083 2910 utivolo,
1095 2841 1270 2916 quoditaait,
1281 2841 1451 2913 conscripsi
1465 2842 1563 2897 actem
1578 2839 1646 2906 isaac,
1660 2835 1763 2894 scilicet

114 2935 167 2990 boc
180 2937 330 3007 potestate.
347 2933 381 2987 Et
397 2932 461 3004 quia
481 2932 575 2987 iorssn
591 2947 652 2988 eum
667 2945 723 2986 non
737 2945 820 3004 egere
835 2928 913 2985 dice·
964 2933 1037 3006 quod
1052 2932 1132 2989 licem
1142 2931 1278 3004 accipere,
1294 2933 1328 2986 at
1342 2931 1385 2986 ita
1399 2929 1458 2986 baec
1473 2929 1505 2984 irs
1518 2944 1564 2986 mc
1577 2927 1661 2998 fiant,
1677 2926 1705 2982 id
1720 2933 1763 2982 est

114 3029 185 3092 rent,
200 3029 293 3078 contra
307 3023 360 3077 boc
374 3019 463 3076 subdit
478 3020 622 3092 Apostolus
638 3037 645 3074 :
662 3019 714 3076 Sed
737 3019 833 3076 arnoia
853 3034 914 3074 sas·
964 3031 993 3078 ut
1008 3037 1060 3095 ego
1080 3019 1220 3092 accipiam.
1244 3020 1351 3076 lionam
1380 3021 1424 3075 est
1447 3019 1534 3074 seim.
1557 3014 1642 3086 Quasi
1665 3013 1763 3073 dicat:

115 3112 240 3168 timemus
264 3127 301 3167 ros
324 3111 395 3186 qaod
417 3108 619 3180 offendiculam
642 3109 740 3165 demus
763 3107 914 3177 Eaaoaalto
964 3113 1036 3168 Vere
1049 3126 1103 3166 non
1118 3109 1181 3166 ideo
1197 3107 1296 3179 scripsi
1309 3114 1338 3162 ut
1352 3106 1492 3179 accipiam,
1509 3105 1572 3178 quia
1587 3104 1611 3161 si
1626 3120 1763 3161 sumerem

117 3200 233 3268 Christi,
259 3198 322 3270 quia
344 3198 368 3252 si
391 3198 527 3268 acciperet
553 3197 708 3268 Apostolus,
730 3197 785 3266 jam
810 3194 915 3266 pseudo
964 3200 1110 3273 perderem
1125 3197 1250 3272 gloriam.
1268 3199 1303 3252 Et
1318 3197 1421 3252 bonum
1435 3198 1479 3252 est
1491 3195 1564 3251 mibi
1576 3196 1665 3267 mnata
1679 3193 1761 3260 mori,

114 3289 202 3344 libere
225 3287 391 3358 acciperent,
407 3292 433 3341 et
449 3285 489 3341 sic
509 3285 537 3340 ia
562 3284 754 3356 predicatione
775 3283 912 3348 durarent,
964 3287 992 3344 id
1007 3287 1134 3348 opimata
1149 3301 1201 3358 ego
1223 3285 1312 3352 mor13
1329 3281 1373 3341 vel
1393 3283 1455 3340 volo
1469 3283 1559 3356 magis
1582 3282 1663 3349 mori,
1679 3280 1765 3336 idest

115 3385 142 3432 et
155 3377 194 3432 ita
215 3375 438 3446 impedimentum
464 3373 542 3430 tieret
556 3373 716 3446 Evangelio.
733 3368 916 3445 [Ambrosius]
965 3375 1059 3451 affligi,
1076 3392 1159 3450 paam
1174 3379 1208 3431 at
1222 3375 1284 3447 qais
1299 3377 1415 3430 eoaoaei
1429 3373 1550 3444 pieriam
1563 3387 1657 3427 meam
1672 3367 1764 3441 :quod

114 3467 149 3522 Ut
164 3480 231 3536 crgo
245 3464 349 3536 regulae
363 3462 523 3518 Christianae
540 3462 585 3532 J'us
601 3468 732 3528 maneret,
749 3459 823 3516 licita
837 3459 916 3531 quasi
966 3475 1038 3524 esset
1053 3465 1076 3521 ai
1090 3465 1252 3534 acciperem,
1269 3460 1353 3518 idest
1375 3459 1593 3534 evangelizarem
1607 3467 1636 3514 ut
1654 3457 1763 3530 accipe-

114 3552 210 3609 illicila
229 3553 301 3609 iecit.
326 3550 374 3607 Vel
396 3551 459 3606 ideo
482 3550 535 3606 hoc
554 3549 628 3616 dicit,
645 3549 709 3622 quia
730 3548 823 3604 forsan
848 3556 875 3602 et
889 3545 935 3602 ni.
966 3572 1025 3612 rom
1046 3535 1112 3626 (εὖ),
1139 3549 1260 3608 Gloriam
1282 3563 1360 3606 suam
1384 3549 1458 3618 dicit,
1484 3563 1566 3621 qnam
1589 3545 1670 3603 habet
1693 3543 1766 3618 apud

114 3641 292 3707 avariorem,
308 3648 335 3696 et
349 3639 411 3695 idco
425 3639 586 3710 Apostolum
600 3638 716 3709 odirent,
732 3637 755 3692 si
771 3635 917 3708 quidquam
967 3646 1054 3700 Deum
1069 3639 1184 3696 infirmis
1209 3636 1387 3710 compatiens.
1405 3634 1534 3709 Quisquis
1557 3635 1630 3693 enim
1645 3631 1766 3707 eoquod

116 3731 152 3785 ab
167 3729 208 3786 eis
218 3729 365 3800 acciperet.
382 3726 430 3782 Vel
444 3729 498 3784 hoc
512 3727 574 3782 ideo
585 3726 660 3792 dicit,
673 3727 736 3796 quia
748 3725 770 3779 si
781 3724 918 3795 acciperet
967 3731 1019 3788 stoi
1029 3727 1192 3786 debetorum
1207 3742 1262 3784 non
1272 3727 1339 3794 vult,
1351 3725 1468 3798 amplius
1482 3725 1614 3798 impendit
1622 3721 1764 3781 Ecclesia.

116 3819 152 3873 ab
175 3817 225 3887 eis,
248 3825 373 3888 putarent
394 3832 424 3871 sa
447 3815 548 3871 emisse
573 3813 710 3870 licentiam
733 3812 875 3884 peccandi,
892 3818 919 3866 ει
966 3819 1111 3875 Maximam
1137 3816 1220 3889 igitar
1253 3812 1371 3889 gloriam
1398 3814 1478 3870 habet
1515 3813 1660 3886 Apostolus
1694 3811 1767 3884 apud

115 3907 153 3962 ito
168 3905 318 3962 libertatem
333 3903 467 3977 arguendi
481 3903 627 3974 Apostolus
641 3900 784 3957 minossot·
967 3903 1064 3974 Deum,
1080 3921 1133 3962 non
1156 3903 1291 3978 exigendo
1306 3903 1433 3976 stipendii
1455 3902 1577 3958 debitum
1590 3903 1624 3957 ab
1638 3899 1764 3968 infirmis,

154 3995 283 4060 briasis,
300 4002 351 4050 slo-
364 3993 444 4049 Rodii
454 4007 550 4048 russos
560 3990 595 4046 sd
611 3990 677 4046 illud
686 3990 758 4062 quod
768 3989 915 4060 insessos,
931 3996 1018 4062 Dsed
1045 3995 1080 4051 de
1109 3993 1165 4050 suis
1191 3992 1332 4049 laboribus
1369 3990 1546 4064 transigendo
1583 3988 1766 4063 quotidianum

117 4082 198 4140 etiam
226 4091 308 4155 atqua
332 4083 413 4138 etiam
445 4081 649 4146 commendans,
675 4079 703 4134 id
731 4085 771 4134 est
795 4076 918 4148 pluribus
968 4085 1079 4141 piorum,
1095 4085 1153 4140 1100
1171 4089 1213 4139 osa
1236 4081 1310 4153 qaod
1331 4079 1488 4150 stabulario,
1505 4079 1541 4135 od
1564 4093 1645 4150 quem
1668 4075 1766 4136 vulne.

116 4171 208 4228 modis
222 4172 379 4238 ostendens,
397 4170 468 4242 ‘lu0d
479 4169 530 4224 sibi
541 4168 626 4224 'lissfll
639 4167 775 4239 assitere,
786 4173 812 4222 sl
828 4173 919 4221 tamen
969 4179 1043 4228 ratus
1058 4171 1103 4228 ille
1118 4171 1163 4244 qai
1183 4169 1276 4226 incidit
1288 4169 1317 4223 in
1337 4168 1456 4224 latrones
1479 4167 1626 4242 perductus
1640 4173 1691 4234 est,
1706 4163 1766 4222 Do-

116 4277 174 4317 non
188 4260 277 4318 iaciat.
292 4259 428 4316 Naturalis
454 4258 522 4314 ratio
537 4257 618 4314 etiam
640 4258 692 4312 hoc
707 4255 799 4321 babet,
815 4262 846 4310 ut
858 4253 919 4326 quis
969 4259 1059 4316 minus
1068 4260 1105 4314 ait
1116 4277 1123 4313 ι
1134 4259 1164 4315 Si
1178 4257 1244 4331 qaid
1258 4256 1381 4328 amplias
1396 4256 1555 4326 crapacorio
1564 4256 1597 4310 iro
1611 4252 1777 4338 redeundo,

117 4349 194 4406 vivat
219 4349 294 4416 inde,
320 4348 365 4404 ubi
386 4347 504 4403 laborat.
526 4346 577 4402 Hic
600 4359 667 4419 crgo
682 4345 746 4401 item
767 4343 865 4415 probat
889 4357 919 4398 se
969 4349 1085 4405 reddam
1100 4347 1150 4404 tibi
1159 4346 1235 4417 (Lac.
1247 4344 1289 4414 x).
1303 4341 1486 4416 [Ambrosius]
1496 4343 1621 4416 Amplius
1635 4341 1767 4415 erogabat

118 4445 282 4510 potestatem
311 4437 413 4492 habere
441 4434 607 4506 aecipiendi,
637 4449 687 4505 par
716 4431 920 4488 similitudinem
970 4436 1116 4510 Apostolus
1131 4434 1178 4507 qui
1193 4433 1250 4489 suis
1265 4431 1407 4504 stipendiis
1427 4431 1570 4488 militabat.
1585 4432 1635 4488 Vel
1650 4429 1767 4505 gloriam

119 4527 293 4583 sacerdotum
314 4523 456 4597 gentilium
470 4522 515 4580 vel
538 4523 702 4590 Judaomm,
717 4521 761 4578 cui
785 4519 825 4576 rei
839 4525 919 4574 natu-
970 4541 1047 4583 saara
1069 4523 1143 4591 dicit,
1161 4537 1242 4595 qnam
1265 4519 1337 4593 apud
1352 4521 1439 4576 Deum
1459 4521 1551 4590 babet,
1566 4518 1601 4577 de
1624 4521 1676 4577 boc
1695 4515 1774 4596 quod¹

118 4614 272 4672 solissolis
296 4613 439 4680 solissolis,
454 4621 484 4668 nt
504 4627 556 4668 oso
576 4611 637 4667 loss
658 4611 748 4677 iaciat,
771 4625 823 4666 oso
847 4607 919 4664 olio·
969 4613 1075 4688 pseudo
1098 4609 1276 4684 repellebata
1299 4607 1494 4681 praedicatione
1518 4625 1572 4665 non
1596 4606 1765 4680 accipiendo,

121 4720 183 4759 sum
211 4703 283 4776 quod
312 4702 393 4758 tantis
421 4699 583 4758 testimoniis
617 4699 797 4756 commendat.
834 4695 921 4766 Quasi
971 4703 1016 4776 qai
1037 4717 1092 4758 ooo
1115 4699 1166 4756 nisi
1189 4713 1239 4771 pro
1260 4697 1457 4769 temporalibus
1479 4696 1674 4770 praedicabant.
1704 4694 1768 4751 Ideo

119 4793 194 4849 dicat
208 4805 215 4846 ε
232 4791 301 4848 Vere
316 4791 379 4846 licet
392 4789 458 4845 mibi
472 4789 606 4860 accipere,
622 4787 694 4860 quod
706 4803 757 4858 per
769 4786 821 4842 hoc
835 4793 918 4857 patet,
971 4791 1042 4849 enim
1063 4788 1209 4862 Apostolus
1230 4787 1348 4843 abstinet
1361 4803 1376 4842 a
1390 4786 1552 4859 sumptibus,
1565 4802 1600 4843 na
1622 4785 1656 4842 sit
1678 4784 1767 4840 forma

119 4883 254 4954 quonism
268 4880 317 4953 eoi
330 4879 362 4934 to
375 4879 512 4944 sacrario,
529 4877 558 4932 id
572 4875 736 4946 esttemplo,
752 4877 918 4947 ossismos,
971 4877 1122 4954 accipiendi
1145 4877 1250 4950 pseudo
1277 4875 1410 4946 apostolis
1443 4875 1595 4947 rapacibus.
1629 4870 1700 4932 liam
1732 4871 1767 4929 si.

118 4963 920 5042 ararmas‚qaaoosuororiosaotmoatarqataratsa
971 4967 1055 5039 Quasi
1077 4973 1210 5041 quaereret
1233 4963 1353 5036 aliquis:
1369 4965 1413 5020 An
1430 4971 1610 5022 evacuaretur
1632 4962 1729 5038 gloria,
1747 4959 1770 5019 si

158 5148 210 5218 (98)
229 5147 388 5214 Anaeticus,
401 5141 721 5210 boooeromonasborun.
756 5187 762 5194 .
1750 5221 1751 5226 γ

227 5267 351 5324 Parnoi..
370 5263 462 5322 cxci
1352 5309 1359 5318 ,
1536 5238 1539 5244 ’
1626 5245 1658 5310 tl
