3906 6056
188 282 256 342 luca
853 275 957 335 PETRI
978 274 1168 334 touchant.
1767 282 1839 338 {aaa

185 406 221 463 tis
235 407 267 462 in
281 407 389 463 uirtute
402 405 527 480 Spiritus
548 406 658 476 sumti,
675 404 703 461 id
725 411 767 461 εει
781 403 809 459 in
827 401 984 460 fortitudine
998 406 1026 465 A
1038 403 1119 471 imm,
1134 419 1195 477 pure
1209 403 1326 460 detorsi
1335 402 1417 474 mihi,
1431 403 1509 460 idest
1528 409 1642 476 propter
1654 403 1836 476 apostolatum

185 497 263 550 bonas
277 495 442 566 operationis
454 511 515 567 quac
528 494 608 551 datur
622 511 673 566 per
696 492 827 564 Spiritum
849 499 983 548 sanctum.
1036 493 1103 553 mihi
1117 491 1219 562 datum,
1235 509 1252 549 c
1266 494 1330 550 lieo.
1348 492 1432 562 Quasi
1455 491 1529 548 dicat
1555 511 1561 548 :
1583 493 1636 548 Pro
1659 491 1747 550 officio
1773 509 1838 550 meo

187 585 286 641 Certus
300 588 481 651 sumentem,
497 584 551 650 vel,
565 585 652 648 enim,
682 598 717 638 ne
733 581 873 637 videretur
887 579 986 636 intelli·
1036 584 1160 643 omittere
1174 597 1230 638 non
1256 581 1341 653 potui,
1366 582 1431 637 data
1456 589 1498 638 ast
1516 581 1584 637 mibi
1605 581 1668 638 dico
1692 583 1781 656 gratia
1803 583 1839 637 ad

184 688 250 745 gere
265 672 411 744 Apostolus
430 688 526 728 omnes
543 687 605 729 esse
626 670 780 737 dissordes,
797 677 823 725 st
837 668 872 725 ad
894 669 984 725 corri-
1036 675 1098 740 boe,
1115 675 1149 730 nt
1163 671 1217 727 sem
1232 671 1366 726 minister
1377 670 1567 738 εινιιιιιιιιι,
1579 687 1650 743 que,
1661 671 1764 728 scitne
1777 671 1839 742 ipse

185 760 305 833 gendum
321 761 489 834 insipientes,
506 767 629 817 removet
641 760 694 816 hoe
716 759 787 831 quod
802 758 864 813 ideo
879 756 983 828 incipit,
1035 773 1091 814 non
1116 755 1186 812 alius
1206 754 1324 811 instruit.
1352 753 1538 828 [Ambrosius]
1565 754 1688 810 Minister
1703 755 1781 821 dico,
1807 757 1840 812 iu

185 857 214 905 ut
229 849 374 906 admoneat
399 849 579 921 perfectiores
594 850 629 905 de
646 847 816 906 correctione
835 846 982 902 minorum.
1035 847 1175 920 gentibus.
1192 844 1254 899 Non
1265 859 1332 918 ergo
1342 851 1446 900 temere
1460 843 1553 899 scribit
1570 843 1677 910 eis,sed
1692 844 1842 915 Apostolus

184 938 220 995 Et
233 937 298 994 inde
311 938 439 1010 proponit
453 954 483 994 ae
498 937 652 1008 exemplum
667 935 713 1009 qui
732 936 837 990 laborat
856 935 891 990 de
912 933 982 1001 aliis,
1035 935 1159 1008 gentium
1174 932 1256 988 audet
1269 932 1396 988 omnibus
1411 932 1540 1006 gentibus
1556 932 1693 1000 scribere,
1717 931 1842 988 auctori-

185 1032 211 1082 et
226 1042 295 1098 opus
309 1034 350 1083 εει
362 1035 392 1082 ιι
406 1026 450 1082 isti
465 1027 525 1083 haec
539 1025 640 1082 faciant
658 1040 720 1081 cum
739 1024 798 1095 ipse
821 1023 882 1078 aliis
901 1022 986 1094 impe·
1035 1031 1090 1080 tate
1106 1022 1159 1078 sibi
1173 1021 1237 1078 data
1251 1036 1302 1093 per
1323 1021 1441 1094 gratiam
1456 1019 1517 1078 Dei.
1544 1022 1606 1094 Ego
1623 1021 1696 1092 dico,
1711 1022 1842 1091 sanctifi-

185 1115 257 1170 ditus
267 1116 302 1170 ad
317 1131 365 1172 eos
380 1114 475 1170 venire
489 1129 545 1170 non
562 1113 658 1186 possit.
684 1111 768 1181 Quasi
791 1111 886 1169 dicat:
909 1113 943 1166 Et
961 1111 985 1166 si
1035 1129 1113 1178 cuns,
1131 1111 1158 1166 id
1175 1118 1216 1167 est
1231 1119 1355 1167 sanctum
1370 1125 1432 1166 esse
1446 1108 1606 1177 ostendens,
1623 1118 1649 1165 at
1665 1109 1842 1178 continuans,

183 1204 221 1260 ita
235 1219 334 1262 moneo
348 1219 397 1260 vos
408 1203 550 1274 suscipere
564 1202 692 1268 invicem,
715 1217 770 1258 non
784 1191 984 1257 tamen'omnes
1034 1201 1220 1274 danageldum
1235 1201 1294 1265 liei,
1312 1198 1384 1254 bona
1410 1198 1567 1270 operatione
1591 1206 1618 1255 et
1641 1198 1791 1266 miraculis,
1809 1204 1846 1256 ut

184 1291 313 1363 indigetis
327 1293 377 1348 hac
402 1291 598 1362 admonitione.
623 1291 720 1348 Certus
745 1307 805 1345 sum
830 1288 913 1357 enim,
930 1296 983 1344 ete.
1035 1291 1139 1348 oblatio
1154 1290 1284 1362 gentium
1293 1289 1479 1360 fictccceptc,
1491 1288 1799 1358 Deo,ctsunclificclu,
1813 1287 1842 1342 id

183 1380 243 1448 Vel,
259 1379 282 1435 si
297 1388 338 1436 est
351 1381 379 1435 in
394 1380 494 1448 littera,
511 1384 619 1448 cutem,
644 1380 684 1436 sic
695 1380 791 1452 junge,
812 1393 911 1435 moneo
934 1393 984 1434 vos
1035 1387 1078 1436 est
1092 1385 1121 1434 ut
1132 1385 1229 1450 gentes
1245 1392 1314 1450 quea
1325 1375 1412 1432 offero
1427 1375 1480 1432 sint
1495 1384 1614 1448 acceptus
1624 1377 1693 1444 Deo,
1703 1375 1766 1432 fidei
1776 1393 1842 1448 per-

184 1467 302 1541 suscipe,
329 1469 378 1525 sed
412 1477 514 1536 tamen,
535 1473 564 1526 el
588 1484 636 1540 cpe
656 1469 725 1542 ipse,
748 1467 794 1541 qui
817 1467 855 1522 ita
875 1467 982 1539 loquor,
1034 1467 1152 1525 factione
1170 1485 1178 1535 3
1195 1474 1222 1522 ει
1238 1465 1413 1523 sanctificate
1428 1466 1500 1523 bona
1515 1465 1686 1538 operatione,
1702 1473 1729 1521 et
1741 1465 1794 1522 hoc
1810 1466 1843 1520 in

183 1565 274 1619 certus
295 1573 366 1626 sum,
390 1559 424 1615 de
448 1559 531 1626 uobis,
548 1574 563 1615 o
578 1560 686 1630 fraires
700 1559 768 1625 mei,
784 1556 818 1612 de
829 1557 891 1622 boc,
915 1571 984 1628 quc·
1038 1558 1148 1629 Spiritu
1164 1559 1271 1622 sancio,
1302 1555 1379 1625 cujus
1403 1554 1496 1627 gratia
1520 1561 1560 1610 εει
1584 1553 1663 1623 fides,
1688 1562 1716 1610 et
1738 1554 1845 1610 bonum

185 1646 276 1715 nium,
288 1651 316 1704 el
331 1662 380 1703 vos
396 1649 461 1720 ipsi,
477 1662 532 1703 uon
548 1647 636 1703 solum
651 1661 714 1721 ego,
729 1646 810 1718 pleni
833 1645 901 1701 estis
916 1644 984 1700 dile·
1036 1660 1115 1716 opus.
1136 1645 1180 1711 lit,
1197 1643 1309 1716 quisita
1326 1659 1391 1717 ugo,
1409 1643 1493 1701 habeo
1505 1645 1595 1715 ipiiau
1606 1645 1737 1716 plurium,
1752 1642 1781 1699 id
1800 1651 1844 1698 est

184 1736 289 1803 ctione,
306 1752 358 1809 que
372 1735 462 1792 velitis
481 1735 592 1802 bonum,
616 1742 643 1791 et
662 1735 765 1808 repleti
783 1734 914 1800 scienliu,
932 1747 984 1805 qua
1037 1733 1165 1789 meritum
1180 1731 1293 1806 dignuin
1314 1731 1411 1804 gloria,
1432 1731 1472 1788 sic
1489 1739 1517 1788 et
1528 1748 1588 1799 vos,
1607 1731 1631 1787 si
1654 1732 1689 1788 de
1712 1730 1845 1787 fratribus

99 1823 106 1834 '
183 1823 295 1896 possitis
308 1838 486 1897 cognoscere,
513 1825 608 1892 omni,
634 1823 738 1880 scilicet
752 1821 852 1880 veteris
867 1829 894 1878 ει
909 1836 987 1877 novae
1031 1822 1178 1889 laboratis,
1208 1821 1325 1894 gloriam
1347 1820 1410 1877 dico
1430 1819 1620 1890 referendam,
1650 1821 1686 1877 ud
1705 1822 1795 1877 licum
1810 1823 1845 1876 in

186 1912 266 1984 legis,
283 1913 328 1970 ilc
342 1912 440 1983 repleti
461 1912 526 1968 estis
540 1911 583 1967 bis
598 1911 714 1980 duobus,
735 1915 768 1967 ut
790 1911 916 1984 possitis,
934 1908 987 1964 nisi
1043 1911 1154 1969 Christo
1164 1913 1239 1978 lesu,
1250 1909 1277 1966 id
1291 1917 1332 1966 est
1344 1925 1394 1981 per
1404 1909 1543 1966 Christum
1556 1911 1661 1976 iesum,
1679 1909 1758 1980 eujus
1773 1925 1844 1983 gra-

189 2001 268 2071 culpa
284 2008 374 2056 vestra
390 2009 531 2057 remaneat
545 2017 659 2059 monere
682 2016 742 2068 vos,
768 2007 797 2056 ut
819 2014 875 2055 non
898 1997 987 2054 dicam
1039 2001 1076 2055 tia
1090 2001 1143 2056 hoc
1158 2015 1220 2074 ago.
1238 1998 1333 2055 Habeo
1347 1997 1409 2055 dico
1424 1997 1551 2072 gloriam,
1568 2005 1595 2054 et
1603 2006 1753 2066 recte,nen
1764 2001 1842 2054 enim

184 2088 296 2157 docere,
313 2090 498 2157 alterutrum,
512 2087 696 2164 [Ambrosius]
710 2088 738 2145 id
753 2095 795 2145 est
811 2087 932 2144 vicissim
946 2085 985 2140 al·
1039 2090 1138 2158 audeo,
1149 2096 1178 2143 ut
1193 2087 1308 2159 pseudo,
1327 2087 1402 2160 loqui
1409 2088 1519 2162 aliquid
1533 2103 1631 2144 eorum
1646 2103 1707 2161 quoe
1723 2103 1776 2161 per
1797 2103 1844 2144 me

183 2184 226 2234 ter
240 2176 367 2234 alterurn.
382 2179 463 2246 Nota,
480 2178 545 2252 quia
568 2195 618 2250 per
636 2179 706 2235 banc
724 2178 832 2233 laudem
854 2181 987 2248 provocat
1039 2194 1098 2234 nort
1112 2177 1199 2249 efficit
1216 2176 1352 2243 Christus,
1366 2175 1393 2231 id
1400 2183 1442 2231 est
1453 2191 1487 2232 ea
1497 2175 1596 2248 loquor
1607 2184 1713 2231 mutum
1721 2192 1784 2248 quae
1793 2193 1846 2248 per

185 2282 233 2323 eos
248 2268 283 2322 ad
293 2266 407 2323 meliora
424 2283 501 2324 more
517 2267 692 2324 exhortantis.
710 2265 762 2335 Qui
780 2265 854 2322 enim
869 2264 943 2322 videt
958 2279 988 2319 se
1039 2283 1094 2333 me,
1110 2266 1195 2322 idest
1212 2264 1364 2321 ministerio
1381 2280 1443 2321 meo
1461 2264 1585 2321 Christus
1609 2264 1699 2328 efficit,
1724 2266 1756 2320 in
1778 2266 1846 2322 clre-

183 2355 298 2423 laudari,
325 2355 431 2412 laborat
458 2363 487 2412 ut
509 2371 572 2412 vera
588 2355 642 2411 sint
666 2371 727 2428 quae
749 2355 885 2412 dicuntur.
909 2351 988 2409 Unde
1039 2357 1180 2412 dienlicrn
1193 2355 1332 2427 gentium,
1346 2353 1375 2408 id
1385 2360 1426 2409 est
1437 2360 1466 2409 ut
1475 2361 1573 2427 gentes
1583 2353 1846 2427 obediantlivange·

186 2460 237 2500 nec
252 2444 318 2501 dicit
331 2460 379 2501 eos
394 2445 548 2512 seducere,
565 2445 614 2501 sed
628 2460 750 2515 monere,
773 2443 801 2498 id
824 2451 929 2499 estnon
943 2440 988 2496 di·
1040 2444 1086 2500 lio.
1099 2445 1158 2501 Hoc
1172 2443 1234 2499 ideo
1244 2442 1309 2500 dicit
1323 2442 1482 2514 Apostolus,
1497 2449 1526 2496 ιιι
1540 2442 1579 2497 nil
1602 2443 1692 2498 minus
1707 2459 1737 2498 se
1760 2458 1847 2514 posse

187 2533 224 2594 cit
238 2541 267 2588 ut
278 2549 308 2589 se
321 2533 448 2600 doceant,
465 2534 514 2590 sed
529 2541 667 2600 moneant,
683 2532 763 2606 quasi
786 2530 860 2606 quod
874 2530 986 2598 sciatur,
1039 2533 1134 2606 probet
1149 2548 1230 2605 quam
1244 2531 1360 2604 apostoli
1376 2530 1422 2603 qui
1437 2547 1499 2588 cum
1514 2531 1622 2587 Christo
1651 2530 1771 2594 fuerunt,
1791 2548 1845 2589 nee

189 2621 238 2678 sed
252 2621 416 2696 subterfugit
430 2622 531 2694 animo,
547 2624 600 2679 hoe
614 2622 685 2678 enim
701 2620 769 2677 solet
784 2619 897 2687 moneri,
915 2617 990 2690 quod
1040 2621 1141 2693 aliquid
1157 2621 1246 2676 minus
1262 2621 1332 2676 iuter
1345 2629 1442 2692 gentes
1456 2620 1586 2676 virtutum
1605 2628 1748 2692 operatum
1769 2637 1843 2676 esse.

189 2725 253 2766 curn
267 2709 367 2766 sciatur
381 2710 539 2782 aliquando,
555 2709 718 2784 subterfugit
733 2709 825 2765 animo
840 2715 887 2764 aut
902 2704 990 2776 negli·
1039 2710 1296 2780 Efficitdico,verbc
1306 2711 1436 2782 etseeiis,
1450 2709 1532 2766 etiam
1542 2711 1651 2766 uirtute
1659 2711 1845 2782 irriguorum

190 2804 286 2872 genter
299 2798 424 2854 hahetur.
1041 2799 1186 2865 minorum,
1217 2803 1246 2855 ei
1279 2799 1474 2872 prodigiorum
1498 2799 1647 2868 majorum,
1679 2797 1707 2853 id
1730 2806 1774 2854 est
1795 2813 1846 2869 per

225 2888 310 2943 Vnus.
332 2889 430 2944 itt-ee.
449 2918 484 2928 —
501 2908 512 2938 ι
530 2887 668 2944 Audacius
683 2895 774 2944 autem
789 2888 887 2962 scripsi
899 2891 987 2957 vobis,
1039 2888 1262 2960 praedicationem
1291 2903 1389 2952 meam,
1419 2894 1445 2942 et
1464 2887 1562 2942 bonam
1587 2886 1792 2958 operationem,
1817 2894 1846 2942 ει

193 2974 331 3043 «fratres,
349 2991 382 3032 ex
396 2983 483 3048 parte,
500 2983 628 3050 tanquam
643 2976 671 3032 in
685 2977 845 3033 memoriam
869 2995 920 3036 vos
941 2997 988 3037 re·
1039 2993 1091 3049 per
1123 2977 1274 3049 potentiam
1309 2976 1443 3045 majorum
1467 2983 1493 3032 et
1521 2975 1657 3032 minorum
1694 2975 1845 3032 miraculo-

194 3088 205 3118 ι
222 3066 326 3122 ducens
339 3073 453 3138 propter
467 3065 585 3140 gratiam
599 3083 660 3140 quas
677 3073 719 3122 est
733 3066 794 3122 data
808 3068 874 3122 mihi
889 3084 905 3123 a
919 3070 989 3139 Deo,
1041 3083 1109 3135 rum,
1137 3066 1271 3122 factorum
1290 3066 1323 3122 in
1343 3067 1449 3122 uirtute
1467 3065 1593 3139 Spiritus
1616 3067 1712 3122 suncti
1721 3107 1728 3135 ,
1753 3064 1845 3138 quiin

193 3176 204 3208 ι
220 3163 249 3214 ιιι
265 3154 316 3210 sim
331 3155 455 3211 minister
470 3155 571 3212 Christi
589 3155 697 3212 lesuin
716 3156 853 3228 gentihus,
875 3130 1024 3214 sanctifi-0
1041 3171 1085 3212 me
1100 3155 1162 3211 talia
1178 3162 1314 3226 operatur,
1342 3170 1396 3226 quo
1409 3153 1436 3208 in
1451 3170 1494 3210 me
1509 3161 1649 3225 operante,
1664 3157 1707 3212 ilc
1722 3153 1847 3210 laboravi

192 3259 288 3300 acuns
302 3244 483 3319 Evangelium
498 3244 558 3312 Dei,
573 3253 602 3300 ut
616 3243 662 3302 fiat
680 3245 781 3302 oblatio
805 3247 927 3320 gentium
942 3263 992 3304 uo·
1041 3249 1075 3302 ui
1090 3245 1268 3317 repleverim,
1297 3243 1324 3298 id
1349 3250 1390 3299 εει
1417 3242 1498 3314 plene
1519 3243 1736 3315 praedicaverim,
1752 3245 1846 3300 Eunu·

191 3357 201 3381 ι
220 3341 300 3404 oepta
315 3340 341 3389 et
355 3332 522 3389 sanctificata
537 3333 564 3388 in
580 3332 682 3405 Spiritu
698 3341 804 3390 sancto.
830 3335 924 3410 liabeo
937 3336 992 3410 igi·
1041 3335 1146 3407 pelium
1164 3333 1271 3390 Christi
1284 3333 1516 3405 percireuilum,
1532 3332 1559 3388 id
1577 3341 1620 3388 est
1634 3333 1847 3405 circumquaque

194 3442 206 3473 ι
223 3427 267 3476 ιιι
281 3421 395 3495 gloriam
415 3421 444 3476 in
469 3421 575 3477 Christo
593 3421 657 3476 lesu
674 3421 709 3477 ad
731 3423 828 3478 Deum.
839 3425 900 3480 Non
919 3424 992 3480 enim
1042 3421 1331 3479 64ubierusclem
1342 3437 1429 3494 usque
1439 3421 1585 3494 lllyriorum
1592 3421 1714 3490 mare,in
1721 3437 1775 3494 quo
1785 3437 1847 3477 ma·

194 3530 205 3562 ι
223 3509 310 3565 audeo
322 3509 424 3583 aliquid
439 3509 514 3581 loqui
524 3524 619 3566 eorum
635 3525 696 3582 quae
716 3526 767 3582 per
783 3527 828 3566 me
844 3528 898 3569 non
913 3513 993 3570 efficit
1043 3527 1098 3585 gna
1112 3511 1227 3582 Spiritus
1242 3510 1328 3568 sancti
1338 3510 1622 3582 virtusapparetouod
1637 3518 1677 3566 tot
1691 3519 1847 3584 gentesper

195 3618 207 3650 ι
224 3598 349 3655 Christus
364 3597 393 3653 in
413 3597 594 3654 obedientiam
614 3599 736 3671 gentium
761 3599 788 3654 in
802 3601 885 3658 verbo
910 3610 936 3657 et
951 3601 993 3658 fa·
1043 3616 1087 3656 me
1100 3600 1277 3671 Evangelium
1292 3605 1464 3672 receperunt.
1480 3601 1534 3657 lice
1548 3603 1646 3656 cutem
1660 3600 1846 3672 Euangelinm

194 3710 206 3737 e
224 3687 284 3755 otis,
301 3687 329 3743 in
343 3687 443 3744 virtute
457 3687 597 3762 signorum
621 3695 649 3744 et
670 3689 870 3763 prodigiorum,
894 3691 921 3746 in
944 3691 995 3748 vir·
1043 3690 1194 3763 predicavi
1207 3689 1258 3756 sie,
1273 3688 1351 3745 idest
1367 3689 1393 3743 in
1404 3688 1451 3743 tali
1465 3688 1527 3745 loco
1537 3689 1650 3745 mima
1663 3691 1849 3745 esincmiuu·

196 3798 208 3830 ι
225 3784 282 3833 tute
297 3776 414 3850 Spiritus
430 3776 525 3844 sancti,
542 3777 578 3832 ita
595 3784 625 3832 ut
646 3777 679 3832 ab
695 3779 844 3835 Jerusalem
863 3796 915 3851 per
938 3781 993 3837 eir·
1046 3782 1092 3834 ius
1113 3777 1239 3834 Christus
1265 3793 1281 3833 a
1305 3776 1554 3849 pseudoapostolis,
1573 3777 1681 3849 quare?
1706 3778 1847 3846 Ncoedifi·

196 3889 208 3915 u
226 3866 326 3924 coitum
337 3883 424 3940 usque
440 3866 476 3923 ad
490 3865 626 3939 illyricum
641 3867 804 3938 repleverim
813 3869 994 3942 Evangelium
1043 3884 1138 3925 curem
1148 3883 1234 3940 super
1245 3868 1373 3924 alienum
1382 3866 1616 3940 fundumentum.
1626 3865 1850 3940 [Ambrosiuslsi

196 3976 208 4008 ι
225 3955 337 4012 Christi.
346 3955 391 4012 Sic
406 3963 498 4011 autem
506 3955 654 4026 praedicavi
666 3957 845 4026 Evangelium
861 3958 923 4025 hoo,
939 3972 994 4013 non
1044 3955 1117 4011 enim
1132 3955 1207 4010 aliud
1221 3953 1341 4010 facerem
1351 3955 1404 4011 boc
1416 3955 1479 4010 inde
1495 3954 1675 4028 contingeret,
1691 3954 1764 4026 quod
1776 3954 1848 4010 aedi·

198 4067 209 4093 ι
226 4043 441 4099 ubinominatus
456 4051 495 4099 eat
507 4043 638 4112 Christus,
649 4060 684 4100 ne
699 4061 782 4117 super
797 4045 916 4102 alienum
931 4045 994 4102 fun·
1044 4043 1158 4100 frearam
1173 4060 1255 4116 super
1276 4044 1396 4100 alienum
1420 4042 1642 4110 fundamentum,
1665 4043 1746 4099 idest
1763 4060 1849 4114 super

198 4132 384 4188 «dementum
399 4131 585 4199 edificarem
604 4133 672 4202 sed,
690 4133 758 4190 sicut
783 4135 993 4209 scriptumest:
1044 4133 1196 4190 doctrinam
1225 4147 1242 4188 a
1273 4132 1511 4204 pseudoapostolis
1534 4131 1671 4188 traditam.
1703 4133 1766 4187 Nun
1787 4132 1849 4188 sine
1935 4175 1936 4198 ,

200 4243 211 4271 ι
229 4220 364 4290 Quoniam
380 4221 478 4293 quibus
493 4236 547 4277 non
563 4229 604 4277 est
619 4221 806 4278 annuuntiatum
820 4224 854 4279 de
869 4239 901 4280 eo
916 4224 996 4280 vide·
1045 4237 1128 4278 causa
1142 4221 1289 4292 Apostolus
1304 4221 1356 4277 hoc
1372 4219 1445 4287 fecit,
1463 4223 1526 4293 quia
1549 4221 1653 4277 sciebat
1669 4219 1848 4292 pseudoapo-

200 4329 211 4361 ι
228 4308 303 4375 bunt,
320 4317 347 4368 et
363 4308 409 4381 qui
422 4325 477 4365 non
492 4309 636 4366 audierunt
652 4310 687 4365 de
704 4326 737 4365 eo
752 4306 915 4384 intelligent.
927 4313 995 4368 Pro·
1045 4309 1130 4366 stolos
1151 4309 1231 4365 aliter
1252 4325 1334 4381 quarn
1355 4309 1496 4381 oportebat
1520 4309 1654 4365 Christum
1685 4309 1805 4376 tradere,
1821 4317 1850 4364 et

201 4418 213 4450 ι
229 4406 291 4470 pter
305 4398 378 4471 quod
389 4406 416 4454 et
428 4396 597 4468 impediebar
611 4397 757 4470 plurimum
770 4401 866 4457 venire
886 4402 994 4470 advos,
1047 4399 1097 4454 sub
1112 4398 1222 4454 nomine
1237 4398 1337 4454 Christi
1352 4398 1421 4454 falsa
1435 4399 1546 4466 docere,
1569 4399 1642 4470 quod
1664 4405 1758 4469 postea
1783 4414 1849 4454 cor-

201 4508 212 4540 ι
230 4495 257 4543 ει
269 4487 422 4560 prohibitus
437 4503 497 4542 sum
515 4487 740 4559 usqueadeo,
774 4509 777 4514 ·
999 4494 1031 4555 =D
1045 4488 1135 4560 rigere
1150 4487 1259 4542 maximi
1273 4486 1375 4544 laboris
1389 4494 1454 4543 erat.
1472 4487 1537 4542 Ideo
1552 4485 1683 4543 sollicitus
1698 4493 1757 4542 erat
1772 4504 1850 4558 pra:-

235 4577 377 4634 Audociur
392 4579 500 4635 cutem.
526 4575 611 4645 Quasi
624 4577 698 4634 dicat
714 4595 721 4634 ι
746 4577 822 4634 Pleni
846 4579 912 4635 estis
926 4580 996 4636 dile·
1047 4577 1142 4634 venire
1156 4577 1271 4649 pseudo,
1287 4585 1313 4632 et
1327 4576 1585 4648 veritatemintegre
1599 4575 1707 4632 tradere
1722 4576 1769 4632 uhi
1780 4593 1851 4632 uon-

198 4664 288 4723 ctione
303 4673 330 4721 et
344 4665 468 4735 scientia,
484 4666 532 4722 sed
543 4673 642 4734 tameo,
667 4674 694 4722 et
705 4667 728 4722 si
743 4667 817 4739 pleni
827 4668 895 4737 sitis,
911 4669 997 4726 auda·
1046 4667 1111 4723 dum
1124 4665 1280 4721 nominatus
1295 4673 1355 4722 erat
1374 4665 1509 4732 Christus,
1534 4673 1563 4720 ιιι
1583 4665 1690 4736 integra
1711 4665 1799 4732 linea,
1823 4675 1851 4721 et

198 4755 268 4823 cius,
284 4755 312 4811 id
327 4761 369 4810 est
382 4754 580 4827 aliquantulum
590 4756 728 4826 audacter,
754 4758 856 4831 scripsi
882 4759 997 4824 rolino
1047 4753 1206 4827 superficies
1237 4755 1381 4821 ordinate,
1411 4755 1546 4811 incolume
1572 4753 1739 4810 fundamenti
1767 4755 1851 4810 robur

197 4847 312 4917 fraires,
330 4843 391 4901 dico
407 4860 445 4900 erc
459 4849 541 4917 purte
563 4845 757 4916 perfectorum,
772 4846 800 4903 id
815 4855 857 4903 est
871 4846 998 4918 perfectis
1047 4843 1197 4913 exhiberet,
1208 4843 1281 4916 quod
1291 4843 1446 4899 testimonio
1457 4844 1597 4915 prophetui
1613 4842 1709 4914 probat
1716 4843 1850 4913 subdens,

197 4932 344 5000 omnibus;
361 4949 424 4988 nem
438 4941 567 5006 quantum
583 4934 618 4990 ad
633 4933 701 4990 alios
718 4952 773 4991 non
789 4945 863 4993 esset
875 4936 996 4993 audacia.
1047 4935 1127 4991 Sicci
1141 4933 1282 5006 scriplum
1296 4940 1344 4990 est.
1360 4932 1409 4991 Vel
1420 4948 1469 5004 pro
1479 4931 1756 5002 honisapostolishcc
1772 4932 1849 4996 dicit,

197 5023 248 5080 Vel
263 5021 372 5094 scripsi,
389 5037 422 5077 ex
440 5031 526 5092 parte,
542 5022 646 5079 scilicet
666 5025 798 5081 Ecclesiae
818 5024 879 5092 Dei,
895 5025 948 5094 vel,
965 5041 998 5080 ex
1048 5023 1117 5078 sicut
1140 5029 1231 5076 autem
1258 5020 1412 5092 praedicavi,
1432 5028 1458 5076 et
1473 5022 1526 5076 hoc
1544 5035 1598 5074 uon
1621 5020 1668 5075 ubi
1695 5021 1852 5076 nominatus

199 5120 288 5184 parte,
308 5110 412 5168 scilicet
426 5110 567 5183 Epistolae.
583 5110 703 5186 [Haimo]
728 5113 831 5185 Scripsi
845 5113 917 5180 dico,
944 5128 998 5169 non
1048 5110 1232 5178 estChristus,
1244 5110 1278 5165 ah
1294 5110 1355 5165 aliis
1378 5108 1517 5181 apostolis.
1539 5107 1653 5177 Quaref
1672 5108 1713 5163 Ne
1727 5108 1851 5166 edifica

199 5200 279 5274 quusi
293 5208 452 5272 putansvos
467 5199 635 5271 insipientes,
647 5201 705 5269 sed,
716 5205 852 5274 inaquam
863 5203 999 5260 reducens
1049 5215 1106 5254 rem
1123 5214 1203 5270 super
1227 5198 1344 5255 alienum
1367 5197 1588 5264 fundumentum,
1606 5197 1634 5252 id
1647 5203 1690 5252 est
1713 5197 1852 5268 pradica-

199 5305 246 5346 εοε
259 5289 292 5345 in
305 5291 482 5358 memoriam,
498 5290 526 5344 id
536 5296 578 5345 est
593 5290 673 5362 quasi
682 5289 785 5346 faciens
799 5307 849 5346 vos
864 5307 1000 5348 memores
1049 5303 1107 5344 rem
1129 5287 1186 5357 jam
1214 5305 1263 5360 per
1290 5288 1358 5344 alios
1379 5286 1531 5354 conversis,
1558 5302 1613 5342 non
1633 5286 1706 5359 quod
1730 5287 1784 5342 hoc
1797 5303 1853 5342 non

201 5377 266 5449 quid
281 5393 366 5451 agera
381 5378 514 5434 debeatis.
531 5379 561 5432 ln
575 5393 630 5451 quo
645 5393 692 5434 eos
707 5379 786 5449 quasi
801 5379 900 5435 oblitos
915 5379 1000 5436 laten·
1049 5376 1169 5433 facerem
1185 5377 1209 5432 si
1223 5377 1397 5450 contigisset,
1415 5375 1464 5432 sed
1486 5375 1621 5432 malebam
1642 5375 1737 5444 jacere
1751 5374 1855 5430 funda-

202 5473 244 5520 ter
265 5465 360 5536 arguit.
386 5467 454 5523 Dico
477 5467 551 5540 quod
571 5466 668 5538 scripsi
690 5467 769 5523 vohis
787 5468 926 5538 audacter,
951 5468 1001 5525 sed
1050 5472 1171 5520 mentum
1198 5465 1261 5521 fidei
1287 5467 1334 5520 ubi
1350 5481 1404 5521 uon
1433 5472 1501 5530 erat,
1526 5479 1607 5536 quam
1632 5479 1717 5534 super
1736 5463 1855 5520 aliorum

204 5568 259 5612 uon
281 5561 394 5620 temere,
411 5555 536 5626 quiahoc
550 5556 584 5611 ad
600 5571 644 5612 me
665 5555 791 5628 pertinet,
806 5561 922 5630 propter
933 5575 1001 5630 pru·
1050 5553 1285 5629 predicationem.
1315 5556 1374 5612 Hoc
1397 5561 1489 5612 autern
1510 5550 1670 5625 prophetico
1692 5551 1855 5610 testimonio
