3946 6070
198 170 266 223 ltbb

809 169 814 176 '
855 167 957 226 rarat
985 167 1165 224 comeant

1774 175 1849 228 1⁰56

230 294 315 349 Vasa.
332 297 348 350 l
364 293 499 366 (alth-r
524 293 684 365 concupivit
711 294 801 350 anima
826 309 888 350 maa
925 291 1117 363 desi-Aquod
1134 293 1222 360 audio,
1252 299 1445 368 contemptam
1472 297 1545 369 quod
1574 305 1742 354 contemnor.
1774 297 1844 356 tdeo

198 399 209 436 a
226 383 326 439 derare
339 383 544 454 justificationes
560 391 630 446 tuas,
645 383 673 436 in
688 383 907 454 omnitempore.
926 405 936 429 ι

232 491 397 562 Concupivit
411 491 509 546 anima
524 507 587 544 mea
601 489 761 545 desiderare
769 491 991 562 justificationes

194 581 268 648 teas,
285 577 379 651 [Aegl
394 578 421 632 id
436 587 477 632 est
493 593 576 648 opera
589 577 709 647 justitiae,
725 578 778 633 hoc
799 577 865 632 olim
887 594 991 633 concu-

192 665 259 736 pivit
275 681 329 720 non
357 652 456 732 modo,
481 664 545 736 quia
570 665 628 734 jem
656 665 764 736 quando
794 665 883 721 incola
912 674 991 720 terrae

193 760 260 820 erat,
277 769 330 810 non
346 754 472 824 cupiebat
482 753 649 820 desiderare,
663 753 712 808 sed
722 753 906 809 desiderabat.
919 753 991 810 Olim

192 857 258 897 vero
274 842 393 916 nondum
403 841 577 897 desiderabat
585 857 643 907 eas,
653 841 703 896 sed
712 840 828 898 lastidio'
836 843 988 914 languebat.

192 929 233 984 lta
247 946 313 985 vero
329 929 446 984 amanda
462 938 503 984 est
517 929 626 984 dilectio
641 946 693 1001 qua
709 929 848 1001 diligenda
870 930 990 1002 diligun-

191 1025 247 1082 tur,
265 1017 335 1073 sicut
349 1018 395 1072 illa
411 1026 452 1072 est
475 1017 591 1072 odienda
613 1034 667 1080 qua
688 1033 741 1072 non
767 1017 905 1090 diligenda
926 1019 990 1072 dili-

191 1111 300 1177 guntur.
312 1107 345 1159 Et
354 1113 415 1160 nota
427 1105 500 1176 quod
519 1105 740 1176 concupiscentia
752 1113 793 1160 est
813 1105 988 1162 desiderium.

192 1191 241 1247 scd
255 1185 311 1247 non
325 1193 424 1259 omnis,
442 1193 504 1265 quia
520 1194 741 1264 concupiscentia
769 1204 810 1249 est
840 1203 866 1249 et
895 1211 990 1250 eorum

192 1295 253 1352 quae
268 1280 412 1351 hahentur,
430 1289 456 1336 ct
472 1297 566 1336 eorum
580 1299 641 1354 quae
656 1297 710 1338 non
734 1283 879 1337 habentur.
909 1283 989 1337 Desi-
1019 1329 1023 1338 ,

190 1366 296 1422 derium
311 1385 375 1424 vero
389 1369 542 1424 absentium
558 1378 663 1424 tantum
677 1377 718 1425 est
734 1369 761 1424 in
778 1371 829 1427 hac
843 1371 907 1426 vita.
919 1373 990 1426 Nota

190 1455 273 1510 etiam
289 1457 363 1528 quod
377 1456 412 1510 ait
430 1474 435 1513 :
454 1458 619 1530 Corteapivit
632 1459 801 1528 desiderare,
818 1475 872 1514 non
888 1459 923 1514 ait
938 1459 989 1513 de-

191 1543 331 1600 sideravit.
347 1544 477 1602 Videmus
492 1547 563 1600 enim
579 1547 684 1602 ratione
700 1562 893 1618 nonnunquam
908 1562 989 1619 quam

1042 380 1108 434 mihi
1123 389 1163 436 est
1179 383 1355 453 opprobrium
1370 393 1396 439 et
1410 393 1592 457 contemptus,
1609 387 1672 458 quia
1697 387 1843 460 exquisivi

1042 473 1213 525 testamenta
1229 475 1288 537 tae,
1306 473 1382 543 quasi
1397 474 1494 529 dehac
1514 489 1542 529 re
1572 481 1614 528 est
1641 473 1706 528 mihi
1736 489 1843 546 oppro-

1042 557 1129 610 brium
1145 566 1171 612 et
1186 568 1366 629 contemptus,
1382 562 1446 632 quia
1467 561 1601 636 exquisivi
1615 562 1769 616 testimonie
1784 570 1843 628 tua,

1042 661 1103 715 quae
1118 645 1213 701 Graece
1228 647 1354 702 dicuntur
1368 651 1499 734 μαρτύρια
1514 666 1564 722 pro
1586 650 1628 704 his
1649 651 1751 721 patitur
1777 652 1843 705 iste.

1041 745 1120 800 Unde
1144 745 1206 802 illos
1236 749 1281 820 qui
1310 765 1361 821 pro
1389 749 1502 805 veritate
1530 750 1663 804 humiliati
1690 768 1777 822 usque
1808 752 1846 806 ad

1041 843 1157 890 mortem
1170 845 1354 904 certaverunt,
1371 854 1426 892 non
1441 846 1535 904 testes,
1566 839 1638 910 quod
1666 839 1761 895 Latine
1789 841 1846 894 uti-

1041 939 1094 993 que
1116 939 1277 994 possemus;
1307 927 1355 980 sed
1384 927 1480 982 Graece
1509 935 1645 997 martyres
1673 928 1841 998 apellamus,

1041 1011 1106 1067 llaec
1121 1028 1188 1083 ergo
1202 1014 1441 1086 martyresdicunt
1471 1016 1516 1087 qui
1547 1023 1606 1070 sunt
1636 1015 1784 1088 opprobrio
1816 1025 1845 1071 et

1041 1099 1142 1154 derisui
1157 1102 1391 1158 contemnentibus
1418 1103 1516 1158 Christi
1545 1119 1664 1159 crucem.
1696 1107 1727 1159 Et
1756 1113 1843 1160 totam

1041 1187 1222 1244 Christianam
1236 1191 1414 1246 humilitatem
1435 1208 1495 1262 quae
1511 1191 1570 1246 sola
1597 1193 1724 1262 superbia
1755 1209 1844 1247 saua-

1041 1282 1091 1340 tur,
1109 1298 1170 1352 quae
1185 1287 1290 1350 rogant,
1307 1295 1361 1334 non
1378 1279 1454 1350 quasi
1470 1280 1541 1334 mala
1557 1279 1657 1335 aulerci
1687 1281 1747 1344 sihi,
1778 1295 1844 1336 curn

1040 1371 1103 1424 inde
1131 1367 1290 1440 perveniant
1315 1367 1348 1420 ad
1372 1382 1521 1434 coronem;
1552 1367 1600 1421 sed
1638 1368 1701 1438 quia
1728 1367 1843 1422 noxium

1040 1467 1081 1512 est
1096 1457 1148 1511 illis
1163 1456 1207 1529 qui
1223 1453 1349 1520 inierunt,
1381 1463 1408 1508 ut
1437 1455 1517 1509 etiam
1545 1455 1582 1509 illi
1612 1455 1738 1511 conversi
1765 1472 1844 1511 inar-

1041 1547 1108 1618 tyria
1135 1551 1225 1599 ament
1255 1543 1327 1615 quod
1355 1543 1454 1599 iactum
1485 1550 1541 1607 est;
1571 1552 1597 1598 et
1624 1545 1680 1613 jam
1707 1559 1761 1600 non
1800 1553 1845 1599 est

191 1632 271 1687 utiles
287 1641 348 1687 sunt
360 1631 569 1702 justificationes
597 1634 657 1700 Dei,
676 1633 703 1689 id
719 1643 759 1689 est
774 1651 858 1706 opera
878 1634 1106 1704 justitiaeBillud
1130 1632 1315 1704 opprobrium,
1342 1631 1390 1686 sed
1411 1633 1508 1686 honor.
1538 1631 1600 1686 Non
1628 1640 1668 1686 est
1694 1631 1766 1687 enim
1797 1633 1844 1686 di-

192 1719 241 1774 sed
251 1717 406 1775 infirmitate
424 1721 544 1778 256
557 1721 704 1794 aliquando
720 1739 773 1778 non
782 1723 990 1790 desideramus,
1040 1739 1111 1795 gnus
1138 1719 1286 1792 opprobrio
1311 1719 1357 1790 qui
1386 1719 1538 1774 testimonia
1579 1719 1742 1792 exquisivit;
1791 1722 1843 1775 sed

192 1809 403 1882 praevolatergo
419 1809 582 1874 intellectus,
600 1811 838 1881 sequiturtardus,
861 1811 904 1868 vel
926 1811 990 1866 nul·
1042 1810 1087 1882 qui
1103 1809 1166 1864 talia
1182 1807 1377 1882 precabantur,
1406 1807 1451 1861 illa
1478 1807 1657 1878 patiebantur.
1688 1808 1843 1864 Undesub-

192 1895 234 1949 lus
249 1895 382 1964 allectus;
399 1897 498 1952 scimus
513 1897 625 1963 bonum,
642 1915 693 1954 nee
708 1898 824 1955 delectat
845 1917 939 1972 egere,
965 1909 992 1955 et

192 1984 316 2054 cupimus
331 1991 360 2039 ut
375 1985 503 2041 delectet.
523 1986 560 2039 lta
576 1985 626 2040 iste
651 1987 716 2041 olim
740 1987 898 2045 desiderare
922 2005 990 2044 con-

191 2072 349 2142 cupiscebat
363 2091 423 2144 quae
438 2075 509 2129 bona
524 2091 584 2129 esse
600 2075 741 2142 cernebat,
759 2077 871 2146 cupiens
890 2077 991 2131 habere

192 2175 287 2214 eorum
301 2160 509 2217 delectationem
517 2177 631 2234 quorum
641 2165 728 2234 potuit
738 2164 830 2219 videre
846 2165 989 2220 rationem.

193 2247 317 2304 Ostendit
333 2250 422 2320 itaque
439 2250 535 2321 quibus
557 2253 633 2322 quasi
662 2252 792 2324 gradibus
820 2253 992 2323 perveniatur

191 2336 226 2392 ad
242 2352 298 2404 eas,
316 2339 390 2408 prius
405 2345 446 2393 cst
461 2339 536 2394 enirn
550 2347 579 2394 ut
593 2339 717 2395 uideatur
744 2357 804 2412 quae
833 2342 885 2395 sint
913 2341 992 2396 utiles

191 2433 216 2480 et
232 2427 364 2481 honestae.
381 2427 486 2482 Deinde
499 2434 527 2482 ut
551 2443 645 2482 earum
669 2429 837 2484 desiderium
861 2430 991 2500 concupi-

191 2521 291 2570 scatur.
310 2515 450 2569 Postremo
474 2523 503 2569 ut
529 2515 687 2586 proficiente
702 2516 801 2572 lumine
821 2526 901 2589 atque
917 2518 991 2572 sani-

190 2609 245 2657 tate
261 2601 377 2656 delectet
391 2617 485 2656 earum
500 2604 633 2672 operatio,
650 2621 765 2675 quarum
781 2605 839 2660 sola
855 2606 926 2661 ratio
940 2607 991 2660 de-

190 2689 315 2744 lectabat.
333 2691 388 2744 llas
403 2706 471 2762 ergo
499 2692 655 2763 concupivit
680 2692 741 2748 iste.
772 2695 937 2749 Desiderare
964 2694 992 2748 in

191 2777 265 2832 omni
282 2785 415 2848 tempore,
431 2794 486 2834 non
502 2781 537 2836 ad
552 2789 657 2851 tempus
672 2790 701 2835 ut
716 2782 788 2847 mali,
812 2783 860 2836 sed
884 2798 992 2853 semper

191 2865 272 2921 etiarn
288 2865 315 2921 in
330 2865 540 2924 adversis.1deo
556 2869 649 2940 utique
664 2869 807 2948 coflucupivi
821 2870 989 2939 desiderare,

194 2955 255 3026 qnia

1041 1898 1079 1953 dit
1096 1917 1102 1952 :

1078 2007 1162 2060 Vena.
1175 2004 1267 2072 itit).
1284 2025 1341 2052 -s
1359 2003 1467 2057 Etenim
1490 2003 1619 2058 sederunt
1641 2003 1788 2074 principes,
1816 2013 1844 2058 et

1046 2089 1216 2143 «adversum
1236 2103 1279 2140 me
1307 2085 1507 2158 loquebantur;
1535 2103 1632 2142 servus
1661 2094 1750 2142 autem
1780 2096 1845 2140 tuus

1044 2199 1055 2226 ι
1073 2176 1250 2230 exercebatur
1264 2175 1291 2228 in
1304 2172 1543 2242 justificationibus
1559 2174 1620 2228 tuis.
1641 2199 1651 2220 ι

1076 2283 1202 2336 Etenim,
1222 2281 1294 2336 Ecce
1309 2281 1411 2335 hostes.
1430 2279 1557 2353 [Alcuiu.,
1574 2280 1708 2348 Cassiod,
1732 2281 1842 2346 rtmbr„

1043 2368 1076 2423 Gl
1091 2367 1150 2440 int]
1166 2368 1250 2436 Quasi
1264 2367 1336 2424 dicat
1353 2386 1359 2422 :
1376 2366 1457 2423 Aufer
1472 2367 1670 2439 opprobrium
1698 2367 1765 2423 illud
1789 2384 1844 2424 au-

1043 2466 1097 2512 tem
1111 2457 1188 2511 multi
1202 2456 1304 2511 inferre
1316 2457 1417 2510 volunt.
1428 2457 1542 2512 Etenim
1552 2455 1687 2512 sederant
1697 2459 1843 2530 principes

1042 2560 1117 2600 more
1129 2545 1283 2615 judiciario,
1302 2544 1379 2616 quasi
1394 2560 1427 2599 ex
1441 2559 1520 2599 mora
1542 2544 1729 2599 machinantes
1752 2550 1780 2600 et
1789 2547 1844 2616 ipsi

1042 2642 1133 2704 aperte
1142 2631 1290 2689 aduersam
1301 2649 1345 2688 me
1358 2633 1542 2705 loquebantur
1556 2633 1655 2687 :iidem
1667 2642 1843 2689 accusatores

1042 2731 1129 2788 erant,
1147 2723 1191 2792 qui
1206 2729 1232 2776 et
1242 2721 1358 2789 judices,
1376 2722 1448 2792 qarod
1463 2720 1574 2793 gravius
1589 2729 1639 2775 est.
1655 2721 1690 2775 Et
1704 2721 1773 2777 sicut
1796 2723 1843 2778 isti

1042 2809 1427 2874 manifestasicetdaemoues
1448 2809 1552 2864 occulte
1580 2824 1680 2864 nocere
1708 2809 1842 2882 cogitent.

1043 2899 1083 2953 llli
1099 2899 1146 2965 ite,
1162 2915 1258 2955 seruas
1268 2903 1365 2953 aetem
1377 2902 1453 2964 tuus,
1464 2897 1566 2953 scilicet
1580 2913 1641 2970 ego,
1654 2899 1844 2956 coercebatur

1005 2995 1028 3055 ο
1042 3002 1098 3041 non
1110 3001 1160 3057 pro
1177 2985 1298 3050 crimino,
1312 2987 1370 3051 sed,
1383 2986 1673 3057 iniustificationibas
1686 2987 1752 3052 tais,
1764 2987 1846 3059 quasi

228 3072 313 3128 Vana.
331 3076 348 3127 b
363 3073 503 3141 (21).-«
520 3074 669 3144 Increpasti
685 3074 836 3145 superbos;
853 3075 989 3130 maledicti
1040 3075 1112 3129 dieat
1129 3093 1136 3128 ε
1152 3075 1182 3128 ln
1198 3074 1240 3128 his
1261 3074 1371 3145 cogitat,
1403 3073 1495 3138 vincit,
1526 3072 1587 3144 quia
1615 3073 1650 3127 ab
1679 3074 1721 3128 his
1750 3083 1842 3130 retra-

192 3160 712 3232 «quideclinantamandatistuis.r
1041 3164 1105 3218 here
1121 3163 1222 3218 laborat
1250 3179 1299 3232 per
1328 3161 1398 3216 bella
1427 3161 1563 3216 inimicus.
1584 3161 1729 3234 [Cassiod.,
1755 3163 1842 3236 hug]

226 3268 383 3337 qnerepasqq
397 3271 537 3338 superbos,
554 3267 648 3340 [ΑΗΕ]
664 3268 989 3341 prjm05h0m1n03‚qu03
1041 3249 1126 3319 Quasi
1141 3251 1237 3306 dicat:
1262 3251 1334 3305 luter
1360 3251 1481 3321 pericula
1509 3265 1564 3304 non
1594 3257 1652 3304 eret
1681 3250 1746 3303 mihi
1776 3268 1843 3306 cru-

190 3353 334 3409 delectavit
349 3353 415 3409 illud
432 3373 439 3409 z
455 3357 543 3411 Eritis
556 3357 630 3411 sicat
645 3357 686 3410 dii
699 3355 778 3426 (Gen.
795 3357 846 3426 tu).
865 3358 920 3412 lloc
944 3357 989 3410 in·
1040 3339 1136 3408 clatus,
1154 3339 1203 3394 sed
1218 3345 1373 3409 PFOVGCWS·
1404 3337 1528 3408 Qualiter
1556 3354 1620 3393 V⁰s⁰
1648 3339 1841 3409 exercebatur,

189 3441 317 3511 erepsisti,
333 3441 427 3498 arcens
443 3461 450 3497 :
469 3441 518 3500 aaa
531 3449 573 3499 ιιι
590 3444 677 3499 tuam
690 3444 989 3515 ceraemonignora-
1040 3428 1130 3482 suurn
1148 3446 1154 3480 ³
1670 3454 1677 3464 ·

190 3529 237 3582 bat
251 3530 392 3599 Dominus,
410 3532 459 3586 sed
478 3533 627 3603 superbum
655 3533 821 3603 increpabat,
852 3534 925 3605 quod
954 3535 989 3590 ad
1076 3535 1160 3588 Vens.
1177 3538 1193 3591 2
1210 3535 1276 3603 (tt).
1293 3563 1327 3572 -
1345 3553 1356 3582 e
1373 3533 1441 3586 Nam
1467 3532 1622 3588 testimonia
1649 3541 1694 3587 tua
1721 3534 1842 3589 medita-

193 3624 295 3672 tantam
310 3619 450 3674 miseriam
465 3619 629 3686 devenisset,
647 3629 673 3675 et
688 3629 742 3676 tota
761 3621 842 3676 etiam
868 3637 989 3677 aerumna
1042 3643 1053 3673 e
1076 3623 1112 3677 tio
1126 3637 1188 3676 mea
1211 3630 1271 3688 est,·
1297 3629 1323 3676 et
1346 3619 1488 3675 consilium
1512 3637 1602 3676 mcum
1631 3619 1841 3690 justificationes

192 3707 350 3762 mortalium
364 3708 539 3764 haerediteria
563 3719 604 3764 est
626 3710 776 3780 increpatio
798 3712 987 3782 superborum,
1042 3735 1052 3757 ιι
1085 3719 1146 3764 tuae.
1167 3735 1177 3758 »ι
1800 3696 1805 3703 ’

192 3803 219 3850 et
234 3811 283 3866 per
297 3797 367 3851 hanc
385 3797 541 3868 superbiam
556 3797 769 3854 declinaverunt.
787 3799 888 3871 [Amb.,
906 3799 989 3872 Aegl
1076 3801 1146 3855 Nom
1161 3803 1188 3854 et
1203 3799 1351 3854 meditatio
1365 3802 1478 3854 mcccst
1489 3800 1652 3854 testimonia
1663 3803 1721 3854 tao.
1743 3799 1840 3872 [hup.

190 3884 225 3940 Et
239 3886 385 3941 maledicti
400 3893 461 3940 sunt
472 3901 576 3951 omnes,
591 3903 643 3940 non
654 3886 692 3940 illi
703 3886 989 3959 soliqctamandatis
1040 3887 1176 3954 Cassiod,
1192 3887 1275 3960 hugi
1290 3887 1318 3940 id
1333 3895 1374 3941 est
1388 3887 1523 3958 martyria,
1541 3903 1600 3958 quee
1629 3887 1758 3942 meditata
1786 3889 1841 3943 do-

193 3973 421 4038 taisdeelinant,
438 3973 989 4048 quasiadirectisadp1·ara.Videquod
1038 3975 1258 4046 loresmitigaut‚
1276 3976 1315 4031 sic
1337 3977 1511 4030 exercebatur
1540 3976 1590 4029 iste
1620 3975 1758 4046 martyria,
1783 3977 1840 4032 sci-

189 4076 243 4115 non
259 4061 304 4128 ait,
321 4062 366 4132 qui
381 4061 592 4130 declinaverunt,
615 4071 744 4134 tanquam
759 4063 867 4118 illorum
892 4064 988 4135 primi·
1038 4063 1100 4120 licet
1116 4064 1261 4118 meditatur
1276 4072 1301 4117 et
1316 4071 1398 4128 emat,
1415 4064 1566 4134 respiciens
1579 4063 1613 4117 ad
1634 4079 1784 4132 coronam,·
1813 4075 1841 4120 et

189 4149 615 4218 tivorumhominumpeccetum
643 4151 671 4204 in
698 4160 817 4207 mentem
846 4154 990 4207 reduceret
1039 4152 1162 4207 inimicos
1191 4151 1288 4222 diligit.
1325 4151 1401 4206 Unde
1429 4153 1574 4222 sequitur:
1610 4154 1644 4206 at
1685 4154 1841 4208 caeciliam

190 4236 239 4290 sed
255 4235 300 4302 ait,
317 4237 363 4308 qui
377 4236 523 4304 declinant,
540 4255 588 4308 per
603 4239 674 4310 quod
689 4256 742 4294 non
760 4239 810 4296 soli
833 4241 871 4294 illi
894 4241 987 4297 incre·
1038 4257 1132 4296 eneam
1143 4248 1184 4294 est
1194 4241 1416 4311 justificationes
1434 4244 1499 4294 tute.
1512 4239 1597 4309 Quasi
1620 4239 1692 4294 dicat
1709 4258 1715 4292 :
1740 4241 1840 4295 Consi-

190 4325 362 4396 pautur,sed
382 4341 477 4380 ornnes
506 4341 601 4381 eorum
630 4327 754 4399 exemplo
778 4337 921 4394 terrentur,
953 4329 1101 4406 neDlium
1118 4327 1774 4400 mcumestservarejustificotioccsinquibus
1799 4339 1841 4384 est

190 4429 241 4485 per
256 4413 411 4482 superbiam
426 4413 571 4480 declinent,
588 4415 680 4470 sedin
705 4415 777 4470 omni
795 4425 916 4488 tempore
941 4416 987 4486 ju-

191 4499 290 4555 stitiam
305 4500 429 4573 diligant,
447 4509 475 4556 ut
491 4503 533 4558 hic
548 4503 681 4574 recipiant
696 4505 769 4576 quod
793 4505 831 4558 illi
853 4505 880 4558 in
906 4521 988 4576 para-

190 4589 250 4644 diso
265 4589 449 4659 perdiderunt.
466 4593 538 4646 Nota
552 4591 631 4647 ctiam
648 4593 720 4664 quod
749 4608 803 4647 non
827 4593 873 4661 ait,
905 4594 989 4648 male-

189 4675 253 4734 dicti
283 4677 329 4750 qui
354 4695 408 4733 non
437 4679 549 4750 implent
576 4681 713 4737 mandata.
743 4682 791 4736 sed
819 4681 865 4754 qui
906 4681 990 4738 dccli-

187 4774 261 4821 nant.
293 4766 372 4822 Aliud
401 4776 442 4822 cst
470 4768 542 4823 enim
569 4768 704 4824 declinare
733 4786 782 4840 per
823 4771 987 4840 superbiam,

186 4854 261 4910 aliud
277 4871 331 4910 non
358 4853 471 4926 implere
501 4873 548 4926 per
575 4855 759 4912 infirmitatem
786 4857 829 4913 vel
857 4857 988 4930 ignoran-

187 4943 261 5008 tiam,
279 4943 329 4998 sed
344 4943 408 5014 quia
423 4945 542 5015 superbi,
569 4961 620 5001 nec
648 4945 676 4999 in
703 4954 777 5000 tanta
805 4946 988 5016 increpatione

191 5029 377 5103 humiliantur,
396 5039 455 5087 orat
483 5049 534 5104 pro
562 5033 601 5088 eis
631 5035 731 5090 chorus
759 5043 913 5106 martyrum,
944 5035 987 5090 di-

189 5134 279 5174 cens:

226 5238 310 5293 Vasa.
326 5242 342 5292 6
359 5237 426 5305 (22).
444 5261 501 5290 -ι
534 5238 617 5294 Auser
640 5255 656 5294 a
684 5255 728 5294 me
755 5239 933 5309 opprobrium
962 5247 988 5294 et

192 5347 203 5373 ι·
226 5334 419 5397 contemptum,
437 5329 502 5399 quie
517 5327 672 5383 testimonia
686 5336 729 5382 tua
744 5327 915 5399 exquisivi.»

224 5431 322 5502 Aeser.
339 5432 432 5506 [tuq]
463 5433 546 5504 Quasi
575 5435 670 5490 dicat:
699 5436 732 5489 Et
761 5434 824 5505 quia
851 5433 987 5489 maledicti

190 5525 251 5573 sunt
267 5520 312 5589 qui
329 5520 475 5588 declinant,
498 5539 558 5581 ora.
585 5526 668 5594 auser
696 5541 713 5578 o
742 5539 787 5578 mc
811 5521 987 5594 opprobriam

1039 4416 1154 4488 diligere
1169 4417 1304 4472 inimicos.
1320 4417 1391 4471 Ecce
1407 4415 1549 4470 consilium
1565 4424 1661 4472 contra
1682 4416 1838 4472 consilium.

1039 4505 1184 4560 Consilium
1202 4505 1352 4560 sedentium
1369 4503 1522 4573 principum
1537 4503 1585 4558 luit
1608 4504 1733 4559 inventos
1762 4520 1840 4559 mar-

1039 4601 1112 4663 tyres
1128 4594 1261 4664 perdere3
1279 4601 1427 4664 martyrum
1442 4591 1601 4662 patientium
1615 4590 1663 4646 luit
1694 4592 1837 4648 consilium

1039 4680 1100 4736 illos
1115 4681 1235 4751 perditos
1250 4682 1402 4752 acquirere.

1266 4799 1607 4848 connarrorsaautnec.
1683 4833 1686 4838 .
1712 4807 1715 4812 ¹

1076 4886 1159 4940 Vsus.
1176 4887 1191 4940 t
1208 4886 1275 4952 tto).
1287 4915 1322 4924 -
1334 4885 1498 4955 conscupiuit
1508 4885 1688 4952 arranemcu,
1698 4895 1753 4942 ate.
1763 4895 1841 4948 aba:

1040 4971 1159 5011 clansau.
1172 4956 1225 5010 Sed
1240 4955 1368 5010 neoterici
1377 4963 1495 5023 vertunt,
1510 4959 1659 5027 cerasumto
1668 4963 1722 5017 cat.
1740 4957 1843 5021 Hiero,

1039 5043 1136 5097 nyutus
1153 5035 1242 5081 tamen
1258 5026 1349 5092 hahet,
1366 5025 1535 5096 desiderauit
1553 5041 1666 5088 :veroin
1679 5028 1842 5097 exprimitur

1040 5113 1146 5151 seusus.
1164 5096 1401 5151 Palamcstenim
1431 5093 1558 5150 animam
1577 5109 1632 5150 non
1662 5113 1743 5166 posse
1772 5107 1841 5154 con*-

1039 5167 1123 5240 lringi
1139 5167 1324 5222 contractione
1351 5166 1488 5221 exteriori.
1517 5167 1697 5238 Consequitur
1723 5167 1840 5250 intelligi

1039 5239 1140 5294 dehere
1154 5239 1188 5296 de
1203 5237 1544 5313 contractionespeitueh,
1562 5239 1615 5296 buc
1635 5238 1842 5295 ostruestdeno

1039 5308 1111 5380 ipso,
1128 5311 1200 5379 quod
1213 5311 1278 5378 doen
1291 5309 1673 5382 graute.ea‚peneent1uam
1691 5311 1840 5372 excarnat.

1039 5379 1182 5434 Cheldaeus
1198 5389 1238 5434 est
1248 5380 1400 5444 nobiscum,
1417 5379 1585 5434 desiderauit
1596 5381 1694 5434 aniana
1708 5397 1772 5435 haec
1791 5379 1839 5436 de-

1038 5451 1542 5582 ”dilll‘ss‘sarisaeque‚aaa
1555 5505 1617 5575 ιιι
1633 5505 1835 5593 *aethnicus
