3870 6064
115 156 168 212 325
572 147 903 210 condensandum
916 142 1085 208 Psatttos.
1102 179 1137 191 -
1152 149 1250 208 PSAL.
1269 146 1386 206 XXXII.
1418 183 1424 188 -
1735 151 1787 208 326

156 278 237 332 Duas
253 275 407 356 conflatur
418 276 512 345 apiae.
521 273 595 332 Hie.
611 275 758 342 transtulit,
770 293 836 333 cum
845 291 930 332 ecar·
944 274 1033 336 Ateri
1044 273 1137 345 legunt
1151 283 1194 336 in
1209 289 1293 330 nona.
1327 273 1433 330 Deinde
1445 283 1510 338 uta
1534 285 1640 330 ramas
1656 281 1735 329 sonat
1749 276 1788 331 li-

121 347 256 402 desceret
269 345 317 401 alii
330 362 359 400 rn
372 347 518 402 siccitates
532 348 651 402 castatis.
668 346 792 404 varietas
806 354 863 402 orta
878 353 928 410 est,
985 373 1060 438 hm,
1078 371 1218 427 liberandi
1228 377 1275 425 aug
1290 371 1475 426 liberam&
1491 370 1545 426 Sed
1559 354 1635 434 Μ
1649 385 1748 437 ΡΜ,
1759 370 1787 426 id

122 416 191 487 ‘1³³²
207 417 244 472 Μ
260 416 374 472 Verbum
390 422 480 495 P⁰²e⁸t²
494 415 678 497 imefprbmir
694 419 727 473 in
748 418 850 490 9²¹²&ss
870 433 935 558 zi*
986 448 1028 497 est
1054 441 1179 505 salnaas,
1210 441 1347 512 quomodo
1375 447 1485 512 apparet
1512 440 1679 496 intellexisse
1707 441 1784 496 Hier.

121 503 179 552 Μ’
197 487 275 557 ‘³⁰⁰⁶
289 485 366 542 LXX
380 484 453 540 Μ
467 493 558 556 ¹⁰³9oe
576 485 712 555 ‘mesum’
729 488 796 544 dum
817 503 869 544 ⁶⁰²²
909 503 936 541 ²'
986 511 1066 567 etiam
1094 511 1118 565 si
1147 511 1278 566 neoterici
1306 510 1408 566 vellent
1433 525 1495 565 esse
1517 510 1638 565 neutrius
1665 510 1785 584 generis,

122 561 173 611 tar
183 557 282 628 spirea.
300 554 441 627 Siquidem
457 565 541 644 qma
555 570 679 623 sanson,
695 557 738 613 vel
759 568 934 624 atanassi,
985 598 1131 670 potiusque
1147 616 1155 663 3
1171 598 1318 654 dicendum
1333 583 1420 662 ὼε),
1435 612 1609 652 mmm

124 651 165 698 ω
176 645 298 700 ‘mim
305 643 350 699 '⁰¹
359 643 512 715 immitet
525 653 581 732 Π)
593 659 704 708 (ΜΠ
715 660 763 700 ⁵³¹¹
777 655 832 732 V'P
847 658 936 708 ΟΜ
1023 669 1109 724 Vens.
1126 671 1169 724 ro.
1181 698 1217 710 -
1229 669 1358 727 Firmabo
1373 671 1498 740 superte
1512 669 1606 724 oculos
1615 683 1700 724 meos.
1712 667 1788 725 Hier.

123 749 292 811 potestesse
302 755 404 810 anceps
412 739 449 794 ad
464 744 592 795 aestatem
602 749 627 795 et
635 743 761 814 spinam.
781 741 937 798 Secundam
989 741 1024 796 Ge
1046 739 1116 794 'tubo
1132 739 1166 794 de
1183 743 1209 795 te
1223 740 1303 796 oculo
1317 737 1508 809 meo.lteliqui,
1525 753 1646 818 renuam
1659 746 1705 793 aut
1720 754 1788 795 coa-

123 811 319 882 aeeeptionem
330 818 511 881 respexerunt
525 809 609 867 LXX.
986 825 1022 865 su
1034 826 1082 865 cra
1096 808 1147 864 tibi
1162 811 1241 866 oculo
1260 825 1321 866 meo
1340 829 1349 876 ,·
1374 825 1434 933 ‘duae
1454 823 1581 890 proxrma
1600 815 1672 874 sunt,
1694 808 1791 879 etpari

161 915 252 970 Vm·
268 918 295 970 7·
311 945 346 955 -
362 917 402 970 T„
415 931 444 971 ω
458 915 604 986 nsum
618 932 714 972 mm
724 917 937 973 ambulatione
987 878 1177 949 intelligentia,
1195 878 1377 935 referuntura
1410 880 1460 934 Der
1476 877 1630 934 custodiam
1645 885 1671 933 ει
1698 877 1791 958 provi·

124 1003 190 1058 m
203 985 393 1042 circumdedit
408 1001 463 1040 me·
484 985 534 1040 pro
549 985 736 1054 circumdedit,
752 994 860 1044 venum
889 1002 938 1042 w·
988 948 1109 1004 dentiam
1122 964 1190 1021 erga
1205 956 1376 1020 peccatorem
1391 963 1564 1012 conversum,
1595 961 1642 1003 ne·
1660 948 1791 1074 deincesss

126 1055 496 1194 ffiffiggtaorgffiagffl
511 1056 939 1183 irifffflfflssffnffiffff’d'ssl
987 1017 1792 1161 {iiiiiidiffidi?¹aillif¹¹li⁰.l.'”ll⁵¹i¹¹laal

126 1203 205 1251 mm
220 1205 272 1258 ’ΠΥ
286 1210 367 1264 T²⁰¹³
382 1193 602 1275 interimuporerjq
616 1144 782 1270 signidmre,
812 1199 939 1252 circam·
988 1175 1110 1283 mans·

125 1265 276 1334 dubiam
301 1265 344 1320 vel
364 1265 391 1319 in
405 1264 546 1334 feminino,
575 1268 761 1324 circumdabit
780 1282 824 1322 rac
851 1277 939 1327 raian

125 1349 300 1390 umnam.
316 1335 356 1390 lle
371 1343 535 1405 punctorum
549 1345 640 1392 autem
668 1337 774 1393 ratione
791 1380 798 1402 ‚
829 1351 939 1392 eorum-

126 1421 184 1476 que
200 1404 405 1471 adinventione,
424 1405 490 1460 satia
500 1421 637 1479 superque
652 1407 680 1462 in
692 1407 850 1478 praelatione
879 1406 940 1462 die-

126 1483 188 1530 tum
207 1483 260 1530 est.
281 1475 438 1530 Translator
451 1475 485 1528 ad
514 1475 695 1548 Campensem
724 1486 778 1534 stat
806 1491 824 1530 a
849 1475 939 1532 noba.

127 1545 218 1600 Vertit
233 1544 318 1610 enim,
333 1548 366 1601 tu
379 1561 409 1600 es
423 1545 567 1616 nesapium
590 1565 686 1605 aream
713 1566 730 1605 a
755 1547 942 1605 tribulatione
992 1578 1105 1634 laudm
1120 1594 1194 1644 eum,
1211 1596 1307 1636 omnes
1321 1581 1393 1636 mh·
1421 1577 1511 1644 corde,
1538 1577 1615 1650 quasi
1642 1577 1793 1636 admonens

130 1631 196 1687 Μ
211 1615 440 1724 wlfildam*
453 1630 507 1670 me·
586 1710 592 1726 .
743 1710 748 1724 ι
889 1712 894 1723 ⁸
951 1617 1024 1703 Bne
1050 1648 1110 1719 quis
1133 1647 1246 1704 referret
1269 1651 1341 1706 hanc
1357 1648 1467 1704 laudem
1500 1648 1535 1703 ad
1548 1657 1649 1715 rectos,
1684 1649 1732 1704 sed
1755 1651 1792 1706 ad

164 1711 332 1768 Exsultatro
340 1725 529 1766 menerucme
539 1726 556 1765 a
566 1709 937 1768 circundantibusmellrer.
990 1719 1077 1773 Deum
1092 1717 1138 1789 qui
1151 1717 1214 1774 lacit
1228 1727 1327 1775 rectos.
1344 1719 1476 1790 Suspicor
1490 1727 1581 1772 tamen
1609 1717 1637 1772 in
1665 1727 1793 1776 contextu

129 1783 206 1835 Laus
221 1796 286 1836 mea
302 1781 415 1836 sabens
429 1779 617 1836 circumdabis
628 1795 682 1834 ase.
700 1779 938 1849 Aliitranslerunt,
991 1787 1109 1854 Sanctis,
1125 1788 1298 1844 librariorum
1327 1789 1393 1846 uitio
1416 1803 1477 1846 esse
1503 1787 1698 1853 accusativum,
1726 1805 1790 1845 eum

130 1852 257 1906 canticis
271 1849 316 1904 vel
331 1850 628 1930 cmmertbaultberati
640 1856 686 1903 aut
700 1850 875 1908 liberationis
889 1853 941 1908 cir
990 1858 1018 1912 in
1030 1858 1170 1913 Thesauro
1198 1874 1248 1914 suo
1275 1867 1361 1916 vertat
1391 1876 1439 1931 per
1465 1857 1669 1913 nominativum.
1700 1859 1795 1916 versio

129 1919 280 1976 cumdabis
294 1935 350 1979 me.
368 1921 513 1982 versiones
527 1927 587 1974 rstae
601 1919 698 1975 eodem
712 1920 836 1976 tendunt.
865 1923 940 1978 llier.
991 1925 1073 1983 etiarn
1087 1928 1115 1983 in
1131 1927 1262 1998 cajetano
1278 1928 1357 1986 facile
1379 1930 1558 1986 reduceretur
1572 1927 1607 1983 ad
1624 1943 1736 1984 sensum
1750 1929 1794 1986 le·

131 1999 225 2045 umen
253 1997 280 2071 et
303 1989 463 2070 interpretes
491 2005 556 2115 fro·
570 1989 698 2058 Caietano
733 1989 868 2073 legerunt,
899 2003 941 2054 ut
992 1996 1089 2053 ationis
1104 1999 1216 2069 Latinae,
1233 2000 1342 2071 quando
1356 1999 1429 2069 dicit,
1446 2000 1534 2072 facite
1558 1998 1675 2056 laudere
1699 2016 1796 2058 ornnes

131 2074 212 2125 noar,
230 2075 294 2130 quia
308 2060 402 2116 dieunt
415 2075 489 2116 ecca
503 2063 583 2130 tatto,
599 2066 646 2115 aut
658 2060 720 2116 laus
733 2077 807 2122 mea,
824 2063 870 2117 ubr
885 2078 942 2119 oae-
993 2071 1085 2125 rectos
1094 2068 1195 2126 cordis.

1129 1229 1172 1284 tt.
1189 1258 1225 1270 -
1249 1229 1418 1286 Gloriamiai
1432 1243 1530 1285 omnes
1546 1229 1618 1284 recti
1634 1228 1726 1285 corde.
1742 1229 1793 1286 list

989 1298 1056 1353 satis
1070 1298 1241 1354 intolerabile
1255 1301 1329 1371 quod
1357 1299 1471 1356 Senotes
1499 1306 1526 1353 et
1552 1298 1714 1368 interpretes
1742 1315 1794 1371 pro

990 1369 1117 1438 Cajetano
1132 1369 1272 1436 venerint,
1290 1371 1404 1426 laudate
1420 1385 1517 1426 omnes
1529 1371 1630 1435 rectos,
1647 1384 1698 1438 per
1713 1383 1795 1426 nacu-

990 1441 1117 1504 sativum,
1147 1455 1209 1493 cum
1237 1439 1310 1494 nulla
1336 1440 1439 1495 ratione
1467 1454 1502 1492 ne
1541 1438 1655 1492 minima
1682 1439 1794 1509 quidem

990 1508 1158 1580 cogebantur
1186 1509 1213 1565 id
1241 1509 1343 1566 lacere.
1372 1508 1450 1565 Unde
1477 1508 1552 1563 Hier.
1586 1507 1689 1563 addidit
1717 1525 1792 1580 eum,

721 2264 1005 2374 PSALMUS
1042 2272 1250 2376 XXXII.

169 2467 274 2509 asam
292 2466 431 2508 mnus:
453 2473 465 2503 ι
487 2465 517 2507 nt
535 2465 623 2508 amara
641 2465 765 2510 ramnus
783 2468 904 2512 naum.»
992 2476 1149 2532 proponens
1163 2463 1252 2534 nobis,
1269 2472 1296 2520 ει
1309 2464 1421 2533 doeens,
1437 2473 1464 2520 et
1486 2473 1622 2536 prestans
1650 2470 1729 2526 nobis
1754 2472 1795 2527 vi·

168 2557 319 2630 [Cassiod]
334 2558 495 2625 licsultate,
507 2559 591 2628 justi,
614 2559 647 2614 ia
668 2559 797 2616 Domino.
827 2559 941 2616 Titulus.
992 2569 1068 2622 vere,
1099 2551 1218 2610 ostendit
1250 2551 1329 2607 nobis
1352 2553 1487 2624 privatam
1517 2556 1662 2626 quemdam
1676 2558 1795 2615 hominis

132 2647 168 2702 la
180 2647 280 2716 linem,
295 2647 423 2718 psalmus
436 2645 646 2701 David'litulus
660 2645 712 2702 iste
726 2654 809 2718 patet,
826 2648 870 2705 hic
891 2663 944 2704 au·
994 2642 1171 2708 voluntatem.
1188 2640 1217 2695 in
1230 2655 1284 2713 qua
1297 2655 1375 2695 suern
1389 2649 1416 2696 et
1430 2648 1554 2698 nostram
1582 2643 1719 2716 figurarit,
1748 2645 1797 2719 qui

130 2743 190 2790 tem
204 2734 372 2804 Prophetem
386 2731 602 2789 misericordiam
609 2741 636 2789 et
644 2734 794 2804 potentiam
806 2735 857 2792 Dei
869 2722 946 2792 com·
994 2738 1076 2802 caput
1089 2738 1212 2786 nostrum
1226 2735 1277 2795 0³².
1293 2735 1319 2784 0¹
1333 2728 1369 2784 td
1383 2744 1444 2784 eum
1468 2729 1537 2786 situl
1563 2732 1687 2789 membra
1712 2733 1797 2806 perti·

131 2823 259 2886 rnendat,
276 2828 303 2877 et
318 2821 390 2877 lacta
405 2821 464 2890 ejus
479 2828 631 2888 enumerat,
648 2836 738 2894 agens
752 2823 787 2878 de
816 2823 945 2894 operibus
995 2816 1435 2889 fidemus-Pabtr.i1¹ttuilstifitrl
1461 2823 1565 2891 toleti,
1582 2824 1739 2878 brunstatt
1752 2839 1798 2880 nte

133 2907 285 2964 creationis
299 2915 326 2964 et
341 2907 529 2974 recreationis,
545 2915 576 2963 ut
590 2907 719 2964 timeatur
732 2911 864 2980 potentia,
894 2928 946 2983 qua
997 2907 1077 2962 calin
1087 2909 1142 2962 iste
1154 2904 1264 2976 (llattb.
1280 2905 1374 2976 xxva).
1391 2905 1456 2961 llaec
1472 2906 1590 2962 humera
1603 2908 1730 2965 volantes
1743 2917 1803 2966 εηι

134 3003 223 3062 creat,
241 3002 267 3050 et
282 3003 388 3051 ametur
402 2995 590 3052 misericordia
606 3010 660 3067 qua
675 3005 790 3053 recreat.
819 2999 945 3061 Intentio,
996 2993 1137 3064 proprium
1153 2991 1265 3064 aliquid,
1282 3001 1309 3047 et
1325 2999 1454 3063 tanquam
1469 2994 1605 3064 privatum
1619 2996 1725 3052 rolens.
1742 2996 1798 3053 Sed

134 3083 180 3138 ad
191 3083 304 3138 laudem
319 3082 413 3139 inritat
428 3083 575 3138 ostendens
589 3083 636 3154 qui
651 3091 677 3139 et
699 3100 790 3157 quem,
818 3091 845 3141 ει
872 3095 945 3158 quo·-
961 3089 981 3146 c
996 3079 1060 3152 quia
1073 3087 1179 3135 rectum
1193 3079 1250 3135 vult
1263 3079 1402 3134 hominem
1417 3095 1489 3150 esse,
1505 3089 1532 3136 et
1546 3081 1582 3136 ad
1595 3081 1670 3137 illum
1691 3083 1797 3157 dirigit,

134 3171 232 3238 modo,
244 3178 272 3225 et
287 3185 372 3240 quare
399 3169 511 3226 laudare
537 3170 664 3226 debeant.
693 3171 800 3240 llodus,
833 3173 945 3244 Tripar-
995 3167 1042 3239 qui
1054 3183 1164 3238 semper
1179 3173 1220 3222 est
1236 3175 1336 3232 rectus,
1354 3165 1444 3221 subdit
1460 3185 1467 3221 ³
1482 3168 1543 3226 Non
1556 3170 1627 3240 duod
1651 3186 1698 3242 090
1725 3173 1796 3240 voto,

135 3259 203 3312 titus
216 3265 259 3313 est
273 3256 405 3329 psalmus.
421 3257 513 3313 Primo
533 3257 622 3327 justos
651 3257 694 3314 vel
717 3267 808 3316 rectos
835 3259 946 3318 laudare
994 3255 1042 3312 sed
1056 3255 1128 3328 quod
1143 3260 1175 3310 tu
1190 3257 1241 3321 vis,
1255 3255 1341 3310 Pater
1353 3254 1457 3326 (lbid.),
1473 3269 1506 3311 ac
1520 3255 1544 3310 si
1555 3255 1659 3312 diceret
1673 3258 1795 3316 homini:

136 3353 243 3402 monet.
259 3345 397 3415 Secundo,
414 3345 523 3401 beatum
539 3344 604 3401 dicit
618 3345 695 3401 illum
711 3347 757 3418 qui
781 3347 817 3402 ad
843 3348 947 3404 cultum
995 3343 1100 3399 Videte
1115 3342 1142 3398 in
1164 3359 1219 3411 me,
1236 3343 1299 3415 quia
1312 3349 1403 3413 potest
1431 3342 1533 3414 aliquid
1561 3345 1701 3416 proprium
1716 3347 1797 3416 velle,

136 3433 189 3488 lbei
202 3432 342 3503 pervenit,
356 3432 403 3500 ibi,
419 3434 502 3489 beata
516 3449 593 3504 qens.
605 3433 705 3504 Tertio,
721 3433 787 3506 quid
814 3435 848 3491 de
871 3451 946 3506 prae·
995 3429 1118 3503 quamvis
1133 3430 1208 3486 Deus
1221 3429 1295 3486 eliud
1310 3429 1384 3497 velit,
1409 3431 1569 3487 conceditur
1595 3433 1649 3490 hoe
1672 3434 1799 3493 humana

135 3520 219 3578 dietis
235 3519 344 3586 sentiat,
360 3519 460 3587 subdit,
478 3520 525 3590 ibi,
541 3523 641 3577 aalma
655 3525 764 3578 matra.
791 3521 946 3579 Ostendens
995 3518 1132 3592 fragilitati
1146 3518 1249 3575 seilicet
1263 3517 1367 3590 aliquid
1380 3519 1522 3590 proprium
1536 3518 1618 3590 uelle,
1634 3522 1684 3576 sed
1707 3523 1799 3579 statim
1849 3591 1853 3601 ,

134 3623 207 3682 ergo
223 3609 359 3678 Propheta
375 3607 422 3680 qui
435 3607 546 3664 laudare
568 3608 694 3677 debeant,
708 3609 796 3679 justos
820 3611 855 3666 ad
884 3611 946 3667 lau·
996 3605 1160 3678 cogitaquid
1175 3606 1210 3661 sit
1223 3621 1306 3677 supra
1320 3613 1357 3672 te,
1386 3605 1414 3660 id
1428 3615 1470 3661 εει
1498 3608 1581 3674 Dens,
1610 3608 1687 3664 illum
1715 3626 1800 3682 supra

137 3697 202 3752 dem
217 3702 321 3762 monet,
330 3693 436 3762 dicens,
452 3711 469 3752 o
997 3702 1033 3761 te,
1050 3700 1077 3749 te
1091 3693 1178 3760 inlra;
1196 3693 1272 3748 illum
1286 3693 1451 3760 Creatorem,
1466 3701 1492 3749 ιε
1507 3703 1657 3751 creaturam
1685 3699 1798 3770 eogita3

174 3785 263 3842 Vns.
280 3786 306 3838 l.
322 3809 384 3833 -ι
401 3783 552 3851 Exsultate,
563 3783 639 3853 justi,
654 3783 683 3839 in
697 3784 824 3853 Domino,
856 3793 947 3843 rectos
996 3780 1072 3836 illum
1088 3781 1250 3846 Dominum,
1266 3788 1293 3836 te
1311 3796 1438 3848 servum;
1466 3780 1543 3835 illum
1567 3780 1798 3854 Omnipotentem,

139 3893 153 3924 ι
169 3871 251 3928 decet
265 3870 440 3927 collaudatio.
460 3894 471 3920 n
996 3876 1024 3924 te
1046 3866 1207 3923 infirmnm:
1233 3866 1416 3939 subjiciesque
1444 3874 1516 3922 tunm
1535 3869 1702 3926 voluntatem
1739 3871 1799 3942 ejus

173 3958 946 4032 Justi‚ecsaltatcetiaminadversis,noninflfirobis,
997 3955 1137 4020 voluntati.
1167 3955 1275 4026 erisque
1311 3961 1412 4011 rectus.
1444 3953 1590 4029 [Cassiod]
1600 3957 1719 4030 Ideoque
1751 3959 1798 4029 ait,

138 4045 237 4120 [lugi
252 4045 351 4101 nonin
377 4046 477 4102 saeaulo
493 4047 566 4119 quod
576 4048 658 4120 perit,
689 4048 759 4105 sieut
786 4049 877 4119 injusti
906 4049 948 4104 sa·
997 4051 1087 4100 rectos
1100 4042 1179 4099 decet
1194 4040 1366 4108 collaudatio,
1381 4058 1436 4098 non
1450 4042 1516 4099 dicit
1530 4043 1660 4114 laudatio,
1677 4045 1800 4104 sedool-

139 4135 227 4200 ciunt,
243 4149 360 4206 quorum
375 4134 518 4191 exsultatio
545 4133 637 4192 linitur
665 4153 727 4193 cum
750 4138 871 4206 secuto,
900 4137 949 4194 sed
996 4129 1125 4197 laudatio·
1142 4137 1256 4202 temple?
1269 4129 1399 4186 unitatem
1410 4130 1550 4188 Ecclesiae·

139 4224 173 4278 ta
187 4223 308 4278 domim
321 4219 350 4276 in
364 4236 418 4293 quo
432 4221 499 4277 nihil
513 4219 643 4294 displicet·
664 4223 714 4280 eis.
744 4224 838 4281 Placet
857 4232 949 4280 autern
1034 4219 1122 4274 Vens.
1140 4222 1167 4276 a.
1184 4248 1219 4258 -
1236 4239 1248 4270 ι
1266 4217 1438 4274 confitemini
1464 4219 1581 4276 Domino
1595 4219 1624 4276 in
1638 4221 1757 4291 ditham
1773 4225 1802 4280 in

141 4310 212 4376 Deo,
228 4307 273 4365 cui
285 4307 375 4380 placet
388 4309 473 4376 Deus,
489 4325 543 4382 quo
577 4319 752 4381 permanente
779 4305 950 4384 pennanebit
1000 4327 1012 4358 a
1029 4305 1159 4378 psalterio
1168 4307 1265 4362 decem
1280 4307 1446 4364 chordarum
1457 4307 1565 4379 psallite
1578 4308 1613 4365 ei.
1634 4333 1645 4359 a

135 4397 275 4467 iustorum
287 4396 443 4452 exsolutio.
459 4397 495 4452 Et
509 4397 572 4469 qnia
598 4399 734 4455 exsultare
765 4399 794 4454 in
817 4399 864 4455 illo
892 4415 987 4489 nonD
1036 4395 1226 4464 confitemini.
1242 4393 1325 4460 Dixit,
1342 4393 1388 4466 qui
1400 4400 1427 4450 et
1441 4411 1523 4467 mem
1537 4395 1649 4452 laudere
1670 4395 1798 4466 debeant,

136 4499 287 4556 possumus
301 4483 354 4539 nisi
368 4483 514 4554 laudando,
529 4484 625 4557 inquit,
640 4490 732 4543 rectos
744 4487 822 4544 decet
836 4489 946 4544 cotan·
997 4481 1042 4538 hic
1056 4482 1121 4539 dicit
1136 4482 1260 4555 qualiter,
1276 4483 1329 4538 hoe
1343 4482 1435 4549 modo,
1452 4482 1554 4540 scilicet
1568 4482 1720 4540 laudandus
1748 4492 1800 4542 est.

138 4571 516 4644 aao.1.suaequirenus
537 4580 588 4639 est,
618 4573 711 4630 idest
737 4574 861 4631 subditus
889 4577 946 4633 lieo
997 4571 1178 4640 Confitemiai
1196 4571 1313 4627 Durriae
1335 4572 1368 4626 ia
1389 4569 1511 4626 cithera.
1537 4570 1649 4626 Cithara
1670 4573 1705 4627 ab
1728 4572 1800 4629 inle-

138 4659 218 4716 aliter
243 4668 287 4715 est
310 4659 449 4726 distortus,
487 4676 588 4717 currus
606 4661 699 4718 laudat
721 4665 810 4720 Deum
838 4663 946 4736 quando
994 4657 1061 4714 riori
1075 4665 1163 4726 sonet,
1179 4667 1206 4713 et
1220 4675 1255 4714 ex
1281 4665 1355 4713 terra
1383 4664 1435 4714 est.
1464 4657 1559 4733 [lup]
1587 4659 1665 4717 Unde
1688 4658 1800 4716 laudare

140 4747 195 4802 n'bi
210 4746 281 4802 bene
297 4754 363 4814 est;
392 4747 574 4820 blasphemat,
603 4750 711 4821 quando
738 4751 826 4818 male;
855 4759 947 4807 rectus
994 4747 1125 4803 debemus
1146 4746 1237 4802 idest
1259 4753 1367 4802 terrena
1389 4745 1558 4817 prosperitas
1581 4755 1607 4803 et
1636 4745 1798 4820 adversitas,

139 4850 207 4892 uero
223 4851 341 4906 semper,
359 4835 387 4891 id
401 4845 442 4891 est
456 4837 484 4892 in
498 4837 638 4909 prosperis
658 4844 684 4894 et
697 4838 725 4893 in
754 4839 886 4906 adversis,
917 4847 947 4896 ut
994 4851 1055 4906 quae
1069 4835 1104 4890 ab
1119 4850 1152 4890 eo
1167 4842 1230 4890 sunt
1244 4833 1332 4889 nobis.
1348 4834 1383 4889 Et
1407 4840 1458 4900 est,
1484 4833 1653 4891 confitemini
1680 4835 1798 4892 Domino

138 4923 213 4992 lob,
230 4923 296 4980 recti
311 4939 379 4995 ergo
393 4932 455 4980 sunt
468 4925 515 4997 qui
530 4925 651 4998 dirigunt
665 4941 714 4982 cor
740 4942 820 4982 suum
848 4942 946 4984 secun·
993 4923 1021 4978 in
1035 4921 1147 4993 cithara,
1163 4921 1191 4978 id
1206 4921 1368 4978 estlaudate
1388 4920 1545 4990 Dominum,
1575 4923 1635 4979 sive
1659 4923 1799 4980 abundent
1905 4949 1909 4960 ·

137 5011 207 5066 dnm
220 5009 389 5067 voluntatem
404 5012 463 5079 liei,
480 5028 542 5083 quae
555 5021 598 5069 est
611 5013 709 5085 regula
724 5022 751 5070 et
783 5023 946 5086 praeponunt
993 5025 1141 5084 prospera;
1157 5010 1213 5067 sive
1228 5010 1540 5076 occurrantadversa,et
1554 5012 1586 5066 ia
1601 5011 1738 5084 psalterio
1752 5011 1800 5068 de·

137 5099 306 5155 uoluntatem
321 5099 444 5155 melioris
464 5117 521 5157 suae
535 5102 676 5168 voluntati,
693 5103 720 5157 id
749 5109 790 5158 est
817 5103 945 5160 volunta—
993 5115 1053 5156 cem
1068 5098 1238 5157 chordarum
1251 5099 1367 5169 psallite
1382 5099 1408 5154 el
1421 5098 1466 5154 vel
1480 5097 1529 5153 illi.
1546 5097 1709 5154 Psalterinm
1723 5114 1800 5155 asu-

139 5195 197 5243 tem
225 5187 419 5258 omnipotentis
447 5187 497 5243 Dei
523 5188 653 5245 voluntati
676 5188 787 5257 infirmi,
818 5191 944 5247 volunta·
992 5185 1093 5258 periuri
1106 5186 1196 5242 reddit
1211 5201 1317 5253 sonum,
1343 5194 1370 5242 et
1384 5185 1710 5260 eatdeeachordum,per
1724 5187 1797 5261 quod

139 5281 197 5330 tern
221 5273 272 5329 Dei
299 5275 432 5330 voluntati
446 5277 574 5332 hominis.
599 5277 736 5346 Quantum
761 5277 834 5334 enim
862 5279 945 5335 distat
994 5271 1163 5347 significatur
1184 5274 1308 5330 doctrina
1332 5273 1451 5331 coelestis
1475 5291 1537 5346 quae
1557 5275 1593 5331 de
1615 5292 1722 5332 sursum
1744 5283 1796 5343 est,

138 5357 216 5412 Deus
230 5356 265 5411 ab
280 5357 400 5424 homine,
416 5365 520 5414 tantum
534 5360 660 5415 voluntas
687 5361 738 5416 Dei
762 5376 783 5426 a,
807 5362 944 5418 voluntate
993 5369 1020 5418 et
1034 5361 1068 5418 ed
1082 5361 1180 5418 eoelum
1193 5369 1219 5417 te
1234 5369 1323 5429 vocat,
1340 5377 1399 5434 quae
1418 5361 1447 5416 in
1462 5361 1558 5420 decern
1572 5364 1717 5437 praeeeptis
1732 5363 1798 5420 bre·

140 5444 272 5500 bominis.
289 5445 366 5502 Unde
376 5445 513 5503 hominem
523 5462 622 5521 gerens
631 5447 765 5516 Christus,
781 5457 808 5506 et
819 5448 944 5523 regulam
993 5449 1063 5508 riter
1076 5457 1187 5507 ostensa
1202 5457 1253 5507 est.
1267 5449 1301 5506 Et
1316 5457 1367 5524 est,
1382 5449 1489 5524 psallite
1504 5449 1543 5507 illi
1558 5451 1586 5508 in
1599 5452 1730 5525 psalterio
1744 5451 1796 5509 de·
