3906 6056
191 207 257 268 1491
888 187 992 246 ultim
1009 182 1188 243 holtbatibt
1524 169 1529 174 ¹
1768 175 1845 230 iffi

193 328 277 386 tentia
290 323 427 384 exteriori.
444 324 546 380 Verum
564 329 615 390 est,
640 319 703 394 quia
722 317 812 394 gratia
825 315 877 373 Dei
891 314 919 370 in
933 313 984 368 ba·
998 314 1027 372 A
1036 307 1194 366 cedentibus
1207 303 1344 362 redditum
1360 320 1367 371 ·,
1382 316 1435 360 nec
1448 307 1503 358 tam
1516 306 1609 358 movet
1620 315 1671 356 nos
1686 298 1761 374 quod
1770 313 1842 370 gra·

188 417 290 489 ptismo
318 431 374 471 non
398 411 510 485 requirit
533 409 674 484 gemitum,
697 407 741 465 vel
762 406 911 479 planctum,
942 400 986 458 vel
1036 398 1234 468 tiaproestatur
1262 392 1392 466 indignis,
1417 406 1499 464 quarn
1519 390 1592 462 quod
1614 388 1735 462 indignis
1757 402 1842 459 usque

192 521 262 577 opus
276 503 397 576 aliquod,
413 501 466 556 nisi
481 500 566 556 solam
587 497 669 555 fidem
694 505 721 552 et
743 495 835 552 cordis
847 489 987 550 contritio·
1037 485 1097 540 aliis
1112 483 1270 557 denegatur.
1287 482 1362 552 (331)
1391 479 1453 536 Scio
1467 478 1540 536 cuim
1553 478 1628 550 quod
1642 477 1712 533 sicut
1728 477 1840 548 impos-

190 610 254 650 nem
270 612 277 662 ;
293 601 320 650 ει
334 591 425 649 omnia
440 589 527 664 grshs
540 588 686 644 condonat.
703 587 768 642 Haec
783 584 845 640 ideo
860 581 934 646 dicit,
949 594 984 634 ne
1037 572 1161 640 sibilitas,
1191 571 1228 626 ita
1255 578 1281 626 ει
1310 567 1439 641 iniquitas
1453 583 1510 624 non
1537 574 1579 623 est
1593 566 1666 638 apud
1679 567 1792 630 neum
1811 570 1840 619 ει

191 691 287 755 putent
300 681 361 738 illos
376 696 431 737 non
445 693 528 750 posse
541 677 667 748 accipere
681 670 903 738 misericordiam,
921 666 985 738 quia
1038 661 1095 718 seio
1111 660 1184 733 quod
1199 658 1297 715 resistit
1321 655 1459 729 superbis,
1483 663 1511 711 et
1524 655 1671 711 humilibus
1691 654 1740 709 dat
1767 668 1841 727 gra-

194 770 342 827 eosdolerc
351 785 407 826 non
416 768 518 824 vident.
533 765 709 821 sicutenim.
722 757 990 826 Hicostenditpossc
1039 750 1112 806 tiam.
1129 748 1198 804 illud
1212 762 1277 804 vero
1292 746 1440 803 obscurum
1451 753 1503 812 εει,
1519 759 1603 817 quare
1617 742 1783 815 quibusdam
1799 740 1844 796 in-

194 859 254 915 fieri
268 867 296 914 ut
314 858 439 928 impietas
459 860 628 911 avertatura
648 850 741 916 Jacob,
768 847 903 919 quincta
918 858 989 915 gen·
1039 837 1130 911 dignis
1142 838 1198 904 dat,
1216 834 1378 908 quibusdam
1400 841 1494 905 negat.
1519 831 1630 904 Aliquid
1643 839 1684 888 est
1697 831 1727 886 in
1742 830 1842 886 abdito

194 947 266 1001 tibus
289 946 378 1000 ablate
399 951 449 1011 est,
475 959 536 1014 quae
554 939 703 1012 aliquando
727 952 782 992 non
805 933 987 991 crediderunt.
1040 936 1067 983 ει
1078 925 1214 998 profundo
1230 923 1395 994 judiciorum
1409 921 1469 978 Dei.
1485 920 1615 978 Similiter
1627 935 1678 976 nec
1690 919 1759 975 illud
1774 935 1843 991 per·

195 1034 278 1105 Quasi
293 1033 365 1090 dieat
380 1050 387 1086 z
405 1034 444 1087 lta
465 1046 534 1100 opus
548 1037 607 1084 erat
621 1035 650 1082 ut
665 1025 711 1082 alii
725 1025 884 1080 Judaeorum
898 1027 990 1076 essent
1040 1016 1166 1088 spicuam
1181 1020 1232 1082 est,
1250 1027 1335 1085 quare
1349 1013 1400 1067 hoc
1415 1011 1498 1067 modo
1522 1009 1666 1066 salvaverit
1686 1009 1801 1064 ludaeos
1816 1015 1844 1062 ει

196 1121 308 1187 inimici,
325 1128 351 1175 ει
366 1119 412 1174 alii
427 1118 516 1174 electi.
534 1116 608 1172 Sicut
624 1114 736 1171 enimet
754 1129 813 1178 νοε,
831 1108 988 1184 aquatiles,
1040 1112 1146 1178 gentes,
1172 1110 1201 1158 ut
1214 1101 1289 1174 prins
1303 1099 1471 1172 permitteret
1485 1115 1533 1155 εοε
1560 1097 1685 1154 concludi
1699 1096 1728 1151 in
1743 1094 1844 1151 infide-

195 1207 397 1282 aliquantium
411 1213 453 1261 εει
467 1202 754 1278 longotemporeplus
770 1215 852 1272 quam
866 1198 920 1265 isti,
932 1213 990 1254 nou
1040 1193 1125 1248 litate.
1142 1191 1169 1248 Si
1198 1190 1260 1263 quis
1284 1204 1353 1262 ergo
1378 1195 1491 1260 quaerat,
1515 1202 1599 1260 quare
1623 1186 1662 1243 sic
1685 1185 1842 1250 salvantur,

195 1295 353 1352 credidistis
368 1292 599 1364 Deo,quodveluit
614 1291 648 1346 ad
659 1291 719 1357 hoc,
735 1297 764 1344 nt
778 1287 894 1344 humiles
908 1285 991 1341 modo
1040 1297 1101 1338 cnm
1116 1279 1193 1337 multi
1208 1277 1253 1334 alii
1265 1277 1343 1351 modi
1367 1275 1548 1332 salvationum
1570 1275 1633 1342 sint,
1656 1275 1709 1330 hoc
1741 1289 1772 1328 εε
1787 1288 1838 1328 ne·

195 1382 320 1447 credatis,
337 1382 418 1437 idest
440 1397 494 1452 qua
509 1380 612 1436 ratione
636 1377 761 1450 permisit
775 1392 824 1433 vos
839 1375 903 1432 olim
917 1375 991 1430 Dens
1041 1371 1112 1427 scire
1127 1385 1177 1441 per
1191 1366 1275 1423 animi
1290 1365 1423 1422 rationem
1437 1364 1524 1419 innuit
1533 1362 1690 1434 Apostolus.
1707 1361 1843 1434 [Ambro-

196 1486 251 1527 non
266 1470 387 1536 credere,
404 1469 506 1526 scilicet
525 1484 560 1524 ne
574 1483 686 1526 causam
703 1465 839 1536 superbiae
852 1462 992 1518 haberetis
1042 1457 1109 1530 sius]
1124 1456 1210 1526 Quasi
1231 1455 1327 1511 dicet:
1358 1452 1512 1510 Excaecavit
1526 1453 1600 1508 Deus
1627 1459 1725 1525 gentes
1740 1459 1767 1506 et
1789 1451 1844 1505 Ju-

194 1565 291 1631 postea
306 1558 442 1614 conversi.
466 1558 545 1614 Nunc
570 1561 676 1622 autern,
692 1555 720 1609 id
735 1562 776 1609 εει
790 1567 877 1623 nuper
891 1567 991 1608 couse—
1042 1547 1117 1602 daeos
1131 1546 1167 1601 ad
1183 1552 1299 1615 tempus,
1315 1550 1345 1598 ut
1358 1540 1480 1598 omnium
1494 1540 1664 1596 misereatur.
1692 1538 1785 1609 Quare
1802 1539 1844 1594 sic

195 1648 257 1703 cuti
271 1647 338 1703 estis
351 1646 586 1712 misericordium,
603 1645 716 1715 probato
731 1642 804 1715 quod
814 1639 904 1696 deficit
918 1647 1029 1726 natu-B
1043 1633 1143 1690 iactum
1168 1632 1212 1698 sit,
1229 1647 1283 1687 non
1298 1637 1377 1704 putes
1399 1645 1482 1702 posse
1501 1628 1703 1700 comprehendi.
1719 1629 1786 1684 Han
1802 1635 1845 1683 ast

196 1751 237 1802 rc,
261 1733 291 1791 id
309 1742 351 1790 est
372 1734 445 1806 quod
468 1749 518 1804 per
542 1733 655 1790 liberum
671 1730 811 1787 arbitrium
832 1728 923 1798 juvari
938 1741 993 1782 non
1043 1722 1115 1779 enim
1129 1721 1242 1776 altitudo
1257 1719 1410 1775 divitiarum
1425 1717 1565 1789 sapientiae
1587 1725 1613 1773 ει
1633 1717 1754 1774 scientiae
1777 1715 1843 1782 Ilei,

196 1823 322 1896 potestis.
338 1822 484 1878 Consecuti
499 1821 564 1876 estis
578 1821 650 1890 dico,
676 1827 702 1876 ει
726 1821 789 1889 hoc,
813 1821 929 1891 propter
945 1817 992 1872 iu·
1043 1827 1104 1882 quae
1118 1809 1235 1884 gentiles
1249 1815 1276 1864 ει
1288 1808 1398 1863 ludaeos
1411 1806 1556 1862 multitaria
1571 1805 1844 1878 providentiaecqui

197 1913 396 1969 credulitatem
411 1911 537 1976 illorum,
554 1925 614 1982 qnae
638 1915 680 1964 εει
694 1908 784 1979 aliqua
799 1921 880 1962 causa
894 1911 993 1962 vestrae
1043 1899 1106 1955 sivit
1121 1899 1157 1953 ad
1172 1898 1265 1954 vitam
1280 1897 1358 1953 lianc
1371 1895 1455 1968 igitur
1468 1895 1617 1951 admiratur
1633 1895 1783 1966 Apostolus
1797 1894 1843 1950 di-

199 1999 456 2055 misericordiane
468 1999 566 2064 etisti,
579 1997 606 2052 id
617 1995 763 2062 estludaei,
775 2011 853 2051 nuuc
864 2009 921 2050 nou
932 2008 993 2049 cre·
1043 2003 1109 2044 cens
1124 2003 1131 2041 :
1149 1987 1169 2044 0
1189 1986 1316 2043 altitudo
1341 1985 1517 2052 diuitiarum,
1533 1985 1586 2040 hoc
1600 1983 1663 2040 dicit
1679 1983 1744 2056 quia
1757 1983 1844 2038 multa

199 2086 344 2155 didarunl,
361 2101 396 2142 ne
410 2094 504 2158 postea
518 2085 644 2142 conversi
658 2083 800 2140 materiam
814 2083 842 2136 in
856 2081 919 2153 lege
932 2079 992 2154 glo·
1044 2076 1103 2144 scit,
1120 2084 1147 2131 et
1160 2073 1294 2147 profunda
1309 2075 1470 2148 supientiae,
1486 2072 1605 2146 [Haimo]
1621 2088 1681 2145 qua
1694 2079 1737 2128 est
1749 2073 1785 2128 de
1800 2088 1845 2128 re·

198 2175 288 2232 riendi
308 2175 434 2230 habeant.
459 2174 521 2230 Non
545 2173 730 2240 crediderunt,
753 2171 824 2238 dico,
841 2170 991 2236 venientes,
1043 2165 1094 2221 bus
1108 2163 1304 2235 spiritualibus,
1319 2166 1349 2219 ct
1363 2163 1492 2220 scientie
1506 2162 1566 2228 Dei,
1583 2177 1643 2234 quaa
1656 2167 1698 2216 εει
1711 2161 1748 2217 de
1761 2177 1843 2216 mun-

196 2265 229 2320 iu
243 2267 367 2320 uestrum
379 2261 613 2328 misericordium,
630 2261 658 2316 id
672 2268 713 2316 εει
728 2276 783 2316 non
797 2257 992 2314 babueruntii-
1042 2253 1132 2334 danis.
1162 2251 1291 2308 Omnium
1320 2251 1393 2306 enim
1422 2249 1577 2307 divinarum
1604 2250 1845 2321 humanarumque

201 2351 388 2424 deigratiam,
420 2368 470 2423 per
493 2350 543 2407 Dei
565 2349 782 2406 misericordiam
806 2349 875 2404 sicut
890 2355 917 2403 ει
930 2362 992 2403 εοε.
1043 2340 1266 2398 rerumsublimis
1281 2348 1308 2396 ει
1320 2338 1453 2411 protunda
1468 2339 1587 2411 cognitio
1601 2348 1643 2394 est
1656 2338 1727 2410 apud
1743 2339 1842 2406 Deurn,

199 2440 261 2496 Non
275 2440 459 2507 crediderunt,
476 2439 548 2506 dico,
564 2442 598 2494 ul
623 2440 650 2494 ei
666 2439 722 2510 ipsi
745 2435 878 2492 humiliati
892 2449 993 2492 couse-
1044 2430 1090 2503 qui
1104 2428 1179 2484 solus
1195 2428 1265 2485 siout
1279 2434 1341 2484 sunt
1355 2426 1445 2484 omnia
1469 2428 1599 2498 intuetur,
1628 2427 1663 2482 ad
1676 2427 1754 2496 cujus
1767 2426 1844 2482 noti-

198 2533 324 2600 quuutur
338 2527 478 2584 vobiscum
492 2527 727 2595 misericordiam,
744 2525 771 2580 id
787 2532 829 2580 εει
843 2523 906 2580 fidei
928 2537 994 2596 gra·
1043 2518 1108 2573 tiam
1123 2516 1213 2574 omnis
1228 2532 1326 2572 sensus
1340 2522 1435 2572 noster
1449 2516 1611 2572 retunditur.
1629 2516 1717 2584 Quam
1733 2516 1844 2571 ιιιεοει-

198 2617 272 2672 tiam.
288 2617 353 2672 ldco
368 2617 457 2687 itaque
472 2616 506 2670 de
521 2615 669 2687 utriusque,
686 2614 713 2668 id
735 2620 777 2668 εει
796 2613 830 2668 de
851 2613 952 2667 ludaeis
967 2617 994 2666 ει
1041 2605 1255 2678 prehensibilis,
1273 2612 1328 2661 etc.
1360 2603 1444 2674 Quasi
1458 2603 1533 2662 dicat
1549 2622 1556 2660 :
1573 2604 1647 2660 Sicut
1662 2603 1797 2675 sapientia
1817 2613 1843 2660 et

198 2705 327 2776 gentibus
342 2705 378 2759 ita
393 2703 494 2759 iactum
514 2711 565 2768 est,
583 2703 646 2774 quia
660 2704 733 2758 Deus
748 2703 900 2766 conclusit,
917 2698 993 2772 [liei-
1044 2695 1159 2750 scientia
1177 2694 1236 2763 ejus
1252 2701 1314 2750 sunt
1329 2693 1631 2765 incomprehensibiles,
1648 2693 1688 2750 sic
1701 2700 1728 2748 ct
1740 2693 1843 2762 judicia

203 2790 297 2864 molid
312 2798 354 2846 εει
367 2791 491 2862 permisit
513 2790 638 2846 concludi
661 2789 762 2857 omnia,
785 2789 814 2843 id
829 2795 870 2843 cst
884 2787 994 2842 Judaeos
1043 2798 1094 2854 pro
1115 2783 1213 2854 quibus
1244 2781 1316 2854 cepit
1343 2782 1379 2838 de
1394 2781 1525 2854 sapientia
1553 2789 1580 2838 ει
1594 2781 1715 2838 scientia.
1732 2783 1768 2837 Et
1793 2783 1844 2838 hoc

201 2888 227 2936 et
241 2887 346 2954 gentes,
364 2881 396 2935 in
406 2879 621 2945 incredulitate,
638 2875 820 2951 [Ambrosius]
835 2875 900 2948 quia
914 2875 994 2931 aliter
1044 2878 1102 2928 est:
1117 2872 1207 2940 Qum
1221 2871 1522 2943 incomprehensibilia
1535 2870 1719 2941 suutjudicic
1731 2873 1803 2943 ejus,
1816 2869 1844 2925 id

199 2984 233 3024 ex
248 2967 376 3039 superbia
389 2975 510 3023 ruerent.
527 2966 603 3038 (335)
618 2965 667 3022 Hie
682 2965 789 3020 videtur
804 2964 896 3036 aliquo
911 2963 994 3020 modo
1044 2969 1085 3016 est
1098 2960 1291 3032 dispositiones
1305 2961 1340 3016 de
1354 2959 1583 3016 omnibusrebus.
1608 2961 1644 3014 lit
1656 2975 1738 3032 quam
1760 2961 1844 3016 incc-

198 3055 361 3129 mysterium
375 3071 520 3127 exponere.
540 3055 766 3111 Conclusitenim
774 3054 848 3110 Deus
857 3053 997 3108 omunia
1009 3026 1032 3087 0
1044 3050 1188 3121 adnubilat
1203 3050 1255 3104 uin
1269 3049 1341 3119 ejus,
1358 3048 1386 3102 id
1400 3057 1440 3104 est
1454 3047 1627 3119 impletiones
1641 3047 1842 3118 dispositionis,

196 3144 412 3214 incredulitate,
437 3148 470 3199 ut
497 3143 533 3198 de
546 3143 726 3198 amaritudine
750 3140 915 3198 infidelitatis
937 3156 993 3196 suae
1044 3138 1108 3210 quia
1121 3153 1173 3194 nec
1187 3137 1214 3192 in
1229 3136 1394 3193 exhibitione
1409 3143 1499 3208 potest
1516 3135 1647 3208 cognosci
1661 3135 1734 3208 quod
1749 3136 1846 3207 dispo-
1917 3136 1920 3143 '

194 3233 352 3306 poenitendo
367 3231 482 3299 confusi,
498 3239 525 3287 ει
548 3232 582 3287 ad
605 3231 778 3287 dulcedinem
800 3228 994 3286 misericordiae
1044 3226 1106 3282 suit.
1122 3225 1237 3292 Deinde,
1253 3233 1332 3281 utens
1348 3224 1440 3280 verbis
1454 3223 1542 3292 Isaiae,
1556 3225 1638 3280 altam
1652 3240 1713 3280 esse
1728 3225 1844 3296 sapien-

199 3322 250 3377 Dei
265 3321 402 3378 credendo
417 3319 552 3386 conversi,
568 3319 728 3375 humiliores
743 3325 942 3390 permanerent,
967 3325 994 3373 ει
1043 3313 1108 3370 tiam
1123 3314 1173 3370 Dei
1187 3314 1286 3385 probat
1303 3313 1424 3368 subdens
1441 3331 1447 3367 :
1466 3313 1638 3381 Quiscuimt
1650 3311 1733 3382 Quasi
1748 3313 1843 3369 dicat:

196 3417 227 3464 nt
242 3409 331 3482 gretie
347 3408 467 3463 muneris
489 3416 562 3464 esset
585 3406 749 3478 gratissima,
774 3414 800 3462 et
819 3406 991 3463 clamarent:
1044 3404 1115 3458 llere
1129 3411 1170 3458 est
1184 3403 1237 3458 alta
1253 3401 1385 3473 sapientia
1400 3410 1427 3458 ει
1436 3401 1560 3458 scientia.
1572 3402 1640 3470 Quia
1650 3405 1727 3458 enim
1738 3419 1845 3474 εορπο-

200 3494 289 3565 Qnam
311 3511 410 3568 magna
433 3494 576 3549 multitudo
600 3493 751 3550 dulcedinis
772 3502 841 3560 tuae,
867 3493 992 3549 Domine.
1043 3491 1094 3558 uit,
1111 3491 1162 3547 hoc
1191 3490 1276 3546 leuius
1291 3491 1366 3557 dicit,
1382 3507 1498 3546 sensum
1517 3491 1631 3547 Domini
1647 3491 1845 3561 iinsapientia
1935 3527 1936 3542 .

196 3584 380 3658 (Produxi.
393 3582 539 3651 conclusit,
552 3582 623 3650 dico,
636 3590 727 3639 temen
736 3583 774 3638 ita
783 3583 995 3639 ulmiserectur
1045 3586 1071 3636 ει
1077 3579 1271 3636 scientiatAut
1283 3580 1345 3652 quis
1356 3580 1536 3636 coudliurius
1545 3581 1606 3650 ejus
1614 3582 1673 3651 suit
1684 3579 1733 3634 tin
1743 3579 1844 3650 dispo-

196 3674 334 3743 omnium,
351 3670 531 3744 [Ambrosius]
546 3671 574 3726 id
588 3679 629 3726 est
642 3671 799 3727 ludaeorum
814 3681 840 3726 ει
854 3671 995 3744 gentilium
1045 3668 1142 3723 sitione
1156 3667 1200 3724 vel
1222 3667 1387 3723 exhibitione
1415 3683 1517 3730 rernm,
1546 3667 1632 3723 idest
1652 3667 1713 3740 quis
1726 3666 1775 3722 luit
1790 3684 1845 3724 cn-

200 3761 273 3834 quod
299 3761 402 3816 nullum
430 3761 608 3816 damnaturus
634 3760 678 3827 sit,
707 3759 781 3832 quod
804 3759 913 3832 quidam
927 3759 995 3814 falso
1042 3757 1086 3826 jus
1100 3756 1214 3812 consilio
1228 3763 1332 3828 ageret,
1349 3755 1391 3812 vel
1413 3755 1459 3827 qui
1483 3755 1541 3825 ejus
1565 3755 1709 3813 consilium
1738 3757 1847 3813 sciret?

199 3850 299 3922 opinati
315 3857 388 3905 sunt.
1045 3843 1226 3918 [Ambrosius]
1242 3845 1331 3900 Putris
1354 3843 1526 3900 consiliarius
1554 3851 1596 3900 εει
1623 3844 1777 3918 unigenitus
1800 3847 1847 3902 Fi·

232 3940 320 3995 Vsas.
340 3941 499 3993 33-36.-c
519 3936 543 3993 0
558 3935 671 3992 altitudo
685 3935 842 3992 divitiarum
856 3935 996 4008 sapientiae
1044 3933 1096 3989 lius
1111 3934 1180 4003 ejus,
1197 3933 1242 4005 qui
1258 3940 1285 3988 ει
1299 3932 1420 4005 Angelus
1433 3931 1526 4006 magni
1542 3932 1648 3990 consilii
1663 3933 1823 4004 appellatur
1838 3955 1845 4002 ;

200 4048 211 4078 ι
230 4034 256 4082 ει
271 4026 390 4083 scientiae
405 4023 474 4081 Deii
490 4041 572 4097 quam
585 4024 872 4096 incomprehensibilia
881 4033 945 4080 sunt
952 4025 996 4094 J'u-
1046 4023 1096 4078 sed
1108 4038 1143 4079 ex
1155 4021 1310 4078 hominibus
1324 4029 1351 4076 ει
1365 4021 1471 4094 angelis
1485 4020 1575 4077 nullus
1590 4022 1615 4078 ei
1638 4020 1688 4077 init
1713 4022 1846 4078 consiliu·

203 4137 214 4164 a
232 4114 302 4171 dicia
317 4116 386 4184 ejus,
403 4122 430 4169 et
442 4113 649 4186 investigabiles
669 4114 720 4169 viae
738 4113 821 4183 ejus?
839 4112 907 4182 Quis
923 4113 996 4169 enim
1045 4110 1112 4166 rius.
1130 4112 1186 4167 Aut
1202 4111 1264 4183 quia
1277 4111 1377 4184 prior?
1393 4110 1470 4183 quasi
1484 4110 1575 4166 dicat:
1592 4111 1628 4166 Et
1646 4110 1669 4165 si
1680 4111 1784 4180 judicia
1793 4111 1846 4168 Dei

205 4202 362 4276 ccognovit
384 4218 494 4257 sensum
519 4200 651 4256 [luminii
672 4209 718 4256 eut
740 4202 801 4273 quis
825 4201 997 4258 consiliarius
1045 4214 1100 4254 non
1115 4215 1260 4270 possumus
1275 4198 1354 4265 scire,
1371 4197 1468 4254 saltem
1493 4199 1547 4255 hoc
1560 4206 1666 4255 constat
1685 4199 1760 4271 quod
1783 4200 1846 4256 sola

202 4313 213 4338 v
232 4289 290 4359 ejus
313 4289 385 4345 iniit
399 4297 443 4343 aut
459 4287 519 4360 quis
533 4288 610 4359 prior
633 4288 707 4344 dedit
721 4289 770 4356 illi,
793 4298 819 4344 et
833 4289 998 4346 retribuetur
1045 4287 1132 4360 gratia
1146 4287 1193 4342 dat
1207 4287 1287 4352 bona,
1302 4302 1358 4343 non
1373 4303 1406 4342 ex
1420 4287 1587 4358 praecedenti
1609 4288 1716 4343 merito.
1743 4289 1777 4343 Et
1791 4289 1846 4344 hoc

201 4401 212 4427 a
231 4378 280 4440 aii
304 4377 438 4447 Quoniam
461 4393 494 4432 ex
514 4377 583 4449 ipso,
614 4384 640 4433 ει
658 4392 708 4448 per
723 4377 820 4448 ipsum,
837 4385 863 4434 ει
883 4379 911 4433 in
935 4378 996 4450 ipso
1007 4378 1035 4441 D
1047 4363 1088 4432 εἐι
1102 4377 1175 4448 quod
1190 4376 1228 4431 cit
1246 4390 1252 4430 :
1268 4376 1325 4432 Aut
1338 4376 1400 4449 quis
1413 4377 1492 4448 prior
1500 4375 1578 4432 dedit
1588 4375 1756 4432 illifidemet
1770 4377 1846 4432 bona

207 4475 296 4522 nsunt
324 4466 423 4533 omnia,
453 4465 506 4538 ipsi
534 4464 622 4538 gloria
647 4464 675 4520 in
699 4465 800 4522 sacoma
814 4466 991 4523 seculorum.
1046 4479 1140 4536 opera,
1155 4464 1315 4536 priusquam
1330 4465 1365 4520 ab
1388 4465 1447 4534 ejus
1465 4465 1554 4537 gratia
1578 4463 1798 4536 praeveniretur?
1817 4471 1846 4522 at

202 4557 331 4610 «Amen.
354 4575 366 4605 ι
1045 4553 1221 4610 retribuetur
1244 4554 1279 4619 ei,
1296 4567 1401 4608 merces
1423 4568 1441 4608 a
1463 4553 1521 4610 Deo
1542 4569 1576 4609 ex
1599 4554 1652 4610 hoc
1670 4553 1746 4625 quod
1760 4551 1844 4609 tidem

234 4643 403 4709 Ocliitudo,
420 4650 472 4698 etc.
489 4641 828 4698 Praemiseratsententiam
843 4627 999 4715 miraepro·
1047 4657 1123 4696 suam
1152 4641 1229 4712 prior
1242 4640 1318 4696 dedit
1332 4641 1391 4697 illi?
1405 4640 1510 4698 Nullus.
1534 4641 1673 4714 {August}
1704 4641 1843 4708 Quoniam

199 4730 350 4797 tarditatis,
380 4729 484 4787 seilicet
512 4730 586 4802 quod
614 4730 687 4786 Deus
713 4730 847 4786 conclusit
861 4731 953 4786 omnia
967 4731 996 4786 in
1046 4729 1136 4802 potius
1151 4731 1247 4786 omnic
1261 4735 1330 4786 sunt
1344 4745 1381 4786 en
1395 4731 1455 4802 ipsc
1464 4731 1553 4797 Patre,
1564 4747 1596 4785 ex
1612 4745 1666 4800 quo
1680 4729 1765 4784 Filius
1779 4739 1843 4798 est;

198 4817 399 4884 incredulitate,
415 4825 444 4874 ut
458 4817 579 4874 omnium
601 4818 771 4884 misereatur,
789 4819 866 4888 cuius
880 4820 995 4891 profun-
1048 4817 1165 4890 [Haimo]
1181 4821 1210 4874 et
1223 4833 1274 4890 per
1293 4818 1397 4888 ipsum,
1428 4815 1534 4886 Filium,
1563 4833 1614 4888 per
1641 4833 1722 4889 quern
1750 4819 1846 4874 omnia

197 4906 291 4974 ditate,
322 4906 395 4962 velut
419 4906 533 4988 horrore
561 4921 723 4978 percussus,
749 4913 775 4962 ει
798 4907 871 4962 velut
902 4906 997 4979 abyssi
1046 4905 1117 4962 iacta
1144 4913 1232 4971 sunt;
1254 4903 1394 4978 [August]
1423 4910 1451 4962 et
1477 4907 1509 4962 in
1532 4907 1603 4978 ipso,
1620 4906 1721 4977 Spiritu
1736 4915 1844 4972 saneto,

197 4994 366 5050 altitudinem
381 5009 565 5066 expavescens
580 4992 726 5064 Apostolus
745 4994 878 5050 exclamat
894 5012 901 5048 ε
917 4994 941 5050 0
955 4995 996 5051 al·
1046 4993 1110 5066 quia
1123 4994 1181 5050 sola
1208 4993 1352 5050 dilectione
1378 4994 1489 5061 creavit,
1518 5001 1545 5050 at
1566 5003 1712 5050 conservat
1739 4996 1844 5050 omnia.

197 5084 293 5140 titudo.
310 5091 362 5139 etc.
380 5083 454 5153 (336)
470 5082 553 5138 Valde
568 5080 640 5136 enim
653 5097 766 5153 parvum
786 5098 897 5138 sensum
911 5084 996 5142 habe·
1046 5081 1164 5156 [Haimol
1183 5083 1255 5138 Ecce
1271 5081 1378 5138 trinitas
1402 5097 1578 5154 personarum
1605 5083 1650 5138 hic
1678 5084 1843 5148 ostenditur,

195 5187 256 5228 mus
270 5171 305 5226 ad
320 5169 519 5229 discutiendam
539 5168 671 5238 iustitiam
691 5169 854 5238 judiciomm
878 5171 943 5239 Dei,
960 5172 996 5227 ad
1045 5178 1073 5228 et
1087 5172 1213 5228 amentiae
1230 5169 1330 5226 unitas
1347 5172 1413 5227 Tres
1437 5170 1509 5226 enim
1533 5170 1649 5226 diversae
1668 5171 1846 5244 praepositio

196 5259 395 5316 discutiendam
410 5257 554 5329 pituitam
568 5257 684 5332 gratiam
707 5257 789 5314 nullis
804 5258 908 5315 meritis
922 5276 995 5338 prae-
1045 5260 1286 5331 assentientes,
1306 5275 1368 5333 per,
1391 5262 1423 5316 iu
1442 5259 1645 5318 distinctionem
1663 5274 1848 5331 personarum

244 5437 294 5488 aab
322 5440 482 5503 Angusttnus,
495 5441 530 5491 lle
542 5439 609 5490 civit.
622 5437 678 5490 bai.
1079 5429 1151 5499 (557)
1169 5431 1217 5500 ld,
1228 5433 1264 5484 bc
1275 5431 1364 5499 spinos
1375 5433 1401 5487 ιι
1411 5431 1452 5485 ιιι.

245 5503 294 5556 556
323 5505 595 5571 Augustinusdlecor.
612 5507 713 5570 cierat.
