3878 6322
140 43 194 102 Ubi
209 49 254 100 εει
274 56 351 97 mors
374 38 500 95 stimulus
514 36 559 95 rel
579 37 692 94 aculeus
711 37 798 92 tunsi
812 34 943 92 Stimulus
993 37 1072 95 enim
1086 40 1182 94 vestro
1195 39 1228 95 io
1242 39 1384 96 cbnritote
1397 39 1481 110 ficet.

143 139 236 190 autem
250 146 327 187 mors
351 133 493 201 peccatum
517 133 575 194 εει,
602 125 666 198 quia
688 132 801 198 peccato
815 124 888 181 lacta
902 130 945 182 est
1029 124 1158 200 [Heim0.‚
1185 127 1326 196 lrnbros,
1364 125 1484 201 lissima]
1511 128 1550 183 De
1581 126 1707 183 collectis
1738 141 1793 182 ou-

140 220 297 278 delectatio.
314 219 459 274 Peccatum
475 215 548 271 euim
569 213 648 287 quasi
662 214 786 286 scorpius
809 220 868 281 est,
893 229 944 269 cu·
995 220 1133 289 temque
1158 216 1245 287 fiunt,
1273 229 1329 270 nun
1359 215 1386 269 in
1423 214 1555 288 quolibet,
1588 215 1636 272 sed
1665 215 1696 269 io
1724 231 1793 270 son-

137 311 183 382 jus
196 307 344 382 punctione
368 304 594 371 lactacstmors3
623 302 673 358 sed
698 301 891 359 absorbebitur
917 299 946 356 in
995 309 1065 372 ctos,
1081 303 1110 358 id
1124 311 1166 360 εει
1180 303 1216 359 ad
1231 319 1297 359 usus
1312 312 1479 370 sanctorum,
1505 311 1532 359 ει
1559 303 1621 359 idco
1647 303 1795 358 tenendum

140 399 242 465 tuturo,
259 411 322 453 cum
342 393 453 450 dabitur
470 391 573 448 sanctis
596 399 627 446 ut
648 406 766 463 peccare
780 405 836 446 non
851 389 944 456 velint,
995 400 1047 461 εει,
1063 394 1140 450 sicut
1152 391 1284 448 ordinavi
1298 391 1330 448 io
1345 392 1478 449 Ecclesiis
1494 391 1622 458 Golottoe,
1642 392 1685 447 ito
1698 397 1727 448 et
1749 407 1795 446 vos

142 501 195 542 uec
209 484 326 558 possint.
347 483 441 540 Virtus
455 495 531 550 vero,
548 479 629 536 idest
649 487 826 554 augmentum
839 478 947 552 peccati
995 483 1096 554 facite,
1111 480 1139 536 id
1154 487 1196 536 εει
1210 479 1329 552 colligite
1342 495 1394 554 per
1413 497 1503 537 onom
1524 480 1599 536 dom
1622 481 1744 546 sabboti,
1769 480 1797 536 id

142 582 187 631 εει
202 575 261 630 tec.
276 574 335 628 Hoc
350 571 413 626 ideo
433 569 548 640 addidit,
564 568 675 640 nequis
695 567 767 625 dicat
781 582 948 640 quemquam
996 577 1040 627 εει
1054 568 1225 641 septimanae.
1243 568 1303 638 Vel,
1319 584 1465 641 perunum
1494 567 1622 634 sabbati,
1639 567 1666 622 id
1681 575 1722 623 εει
1744 568 1797 623 do-

145 661 238 733 alege
258 660 369 731 juvari·,
385 658 433 714 sed
455 674 471 712 a
489 658 549 713 Deo
570 663 683 712 tantum.
706 656 777 712 Data
800 655 873 712 enim
885 655 949 731 lege
997 657 1099 714 miniea
1111 657 1168 713 die.
1188 657 1258 727 Quia
1272 671 1327 712 una
1341 655 1452 712 Sabbati
1466 657 1510 713 vel
1524 671 1578 712 uua
1606 655 1798 723 Sebbetorum,

144 758 171 808 et
180 748 301 808 camelis
325 744 549 820 concupiscentie
567 744 690 814 invaluit,
712 752 739 800 ει
759 743 949 817 prevaricatio
998 746 1042 804 vel
1073 746 1162 820 prima
1196 744 1310 802 Sabbeti
1340 743 1489 802 vocabatur
1520 744 1594 816 epud
1612 743 1722 799 ludaeos
1742 743 1803 799 dies
1856 773 1861 788 «

146 837 274 895 εεεεεείι.
303 836 359 892 Lex
371 833 445 891 enim
468 832 640 908 prohibendo
649 840 731 906 auget
750 832 856 905 peccati
870 830 949 905 cupi·
1000 850 1080 908 quem
1094 833 1268 892 Dominicum
1281 833 1459 906 appellamus.
1470 832 1606 906 colligite,
1617 831 1697 899 dieo;
1713 849 1803 888 unus-

146 926 270 994 dilatem,
293 923 346 979 nisi
361 919 494 978 diffundat
509 921 621 994 spiritus
641 920 812 978 charitatem.
828 920 950 993 (ammo
999 925 1116 998 quisque
1130 927 1227 980 ouum
1241 927 1367 980 oestrum
1392 924 1513 995 reponat
1528 921 1604 994 opud
1628 937 1667 986 se,
1697 936 1731 976 ue
1758 920 1803 975 di-

148 1013 193 1069 his
219 1019 310 1068 autem
343 1009 471 1068 omnibus
494 1010 643 1082 Apostolus
678 1009 734 1082 agit
756 1007 858 1083 gratias
892 1009 951 1065 Deo
1000 1011 1068 1070 catis
1082 1027 1137 1068 non
1152 1028 1213 1068 esse
1228 1010 1338 1067 tidelem
1352 1010 1505 1066 ministrum
1519 1009 1563 1066 cui
1584 1009 1700 1066 credatis
1726 1024 1732 1062 :
1756 1023 1802 1064 re·

147 1101 260 1159 dicens:
276 1101 331 1160 lieo
346 1103 443 1156 autern
458 1099 567 1170 pretias
582 1113 646 1174 ego,
662 1099 711 1172 qui
725 1097 803 1154 dedit
818 1096 897 1154 nobis
912 1097 952 1153 oi·
965 1107 1095 1194 Bponat,
1109 1099 1180 1168 dico,
1197 1100 1269 1174 quod
1283 1101 1310 1156 ei
1322 1099 1542 1173 beneplacuerit,
1558 1113 1612 1154 nou
1624 1097 1697 1170 quod
1706 1104 1804 1170 gravet

146 1189 269 1247 clerium
289 1187 394 1262 peccati
413 1194 440 1244 et
458 1187 563 1254 mortis,
576 1203 631 1259 per
655 1185 805 1244 Dominum
820 1189 952 1243 oostmtm
1003 1205 1066 1246 eum
1080 1188 1225 1246 retendens
1240 1187 1306 1244 illud
1321 1187 1440 1244 inusum
1459 1195 1625 1254 sanctorum,
1651 1193 1678 1242 ct
1705 1200 1806 1242 caveus

148 1280 245 1336 lesum
268 1277 422 1344 Christum,
437 1291 493 1332 non
502 1291 552 1348 per
560 1274 662 1349 legem.
675 1273 799 1330 Christus
810 1272 883 1330 enim
896 1273 933 1329 ait
945 1291 952 1329 :
1002 1292 1037 1334 ne
1051 1277 1149 1334 iterum
1163 1276 1231 1332 illud
1245 1284 1344 1332 sumat.
1365 1275 1414 1333 llic
1429 1283 1471 1332 εει
1485 1292 1582 1332 sensus
1596 1276 1694 1332 horum
1709 1275 1805 1330 verbo

150 1365 357 1438 Confidite,epo
368 1366 424 1422 idei
435 1363 577 1421 mundam
588 1363 761 1437 (loomxvr).
773 1361 830 1436 (37)
840 1363 874 1418 Ει
889 1361 954 1435 quia
1002 1381 1063 1422 rum
1078 1380 1085 1421 :
1101 1363 1227 1437 Praecipit
1238 1363 1384 1436 Apostolus
1398 1379 1507 1420 omnem
1530 1363 1638 1436 plebem
1662 1362 1805 1418 Dominico

149 1471 201 1527 per
214 1453 354 1510 Christum
371 1452 498 1520 vicimus,
513 1453 619 1526 ltaque,
636 1455 744 1525 fratres
759 1452 816 1508 mei
831 1452 955 1508 dilectis·
1002 1453 1047 1510 die
1061 1453 1208 1510 convenire
1218 1453 1254 1509 ad
1278 1452 1434 1520 ecclesiam,
1450 1459 1477 1509 ει
1503 1452 1568 1509 illuc
1596 1450 1701 1508 deterre
1731 1449 1805 1524 quod

150 1543 229 1610 simi,
246 1542 365 1600 stabiles
374 1545 475 1609 estote,
487 1539 515 1597 in
524 1538 579 1598 fide
587 1539 808 1607 resurrectionis,
818 1545 847 1597 et
857 1541 955 1596 immo
1002 1541 1110 1599 volebat
1123 1541 1312 1614 uuusquisque
1328 1541 1395 1597 dare
1412 1541 1448 1598 ed
1461 1556 1531 1613 opus
1544 1547 1711 1606 sanctorum,
1728 1545 1754 1594 ει
1770 1554 1805 1594 ue

152 1631 232 1700 bites,
245 1637 274 1686 ut
289 1645 305 1686 ε
319 1629 426 1702 pseudo
449 1627 555 1686 moveri
576 1643 631 1684 non
654 1627 774 1701 possitis.
795 1628 911 1700 Semper
922 1627 953 1683 irs
1003 1629 1112 1687 amalis
1126 1629 1256 1685 ministris
1271 1629 1418 1701 deperiret,
1435 1628 1459 1684 si
1477 1627 1550 1700 apud
1577 1627 1731 1685 Ecclesiam
1759 1626 1804 1681 di-

152 1735 234 1792 operc
245 1719 359 1776 Domini
370 1717 558 1785 abundantes,
569 1733 618 1790 spe
626 1715 851 1785 resurrectionis3
862 1717 954 1774 scien-
1002 1719 1150 1788 mitterent,
1165 1717 1297 1792 precepit
1311 1726 1340 1774 ut
1355 1733 1450 1776 secum
1464 1717 1608 1786 referrent,
1625 1723 1652 1772 et
1664 1723 1722 1772 tuto
1744 1715 1805 1772 loco

153 1812 205 1873 ter,
222 1807 250 1863 id
266 1813 308 1864 est
318 1823 398 1880 ,spem
414 1806 559 1874 babentes,
574 1805 646 1879 quod
661 1805 739 1863 labor
756 1809 858 1875 uester,
872 1821 953 1878 quem
1003 1815 1179 1880 reponerent,
1202 1806 1381 1880 quoadusque
1408 1805 1468 1877 ipse
1495 1803 1611 1861 veniret.
1627 1805 1661 1860 Et
1687 1805 1739 1860 boe
1755 1819 1806 1875 per

151 1895 270 1963 habetis,
286 1897 319 1951 in
340 1896 470 1962 Domino,
486 1893 513 1949 id
524 1902 566 1951 εει
579 1893 608 1950 in
623 1893 734 1950 servitio
755 1893 875 1962 Domini,
895 1910 954 1952 oon
1003 1894 1127 1970 singulos
1141 1895 1201 1952 dies
1216 1893 1374 1952 Dominicos
1399 1893 1546 1960 iaciebant,
1564 1893 1626 1965 quie
1650 1893 1723 1964 quod
1737 1907 1806 1964 pau·

155 1988 200 2042 est
213 1982 323 2052 inanis,
334 1982 409 2038 idest
419 1981 714 2039 sineremuneratione.
724 1983 956 2040 Decollectisuro
1002 1983 1080 2041 letim
1096 1983 1244 2058 colligitur,
1265 1999 1316 2040 nec
1330 1998 1415 2056 grave
1430 1991 1481 2050 εει,
1511 1989 1539 2038 ει
1566 1981 1705 2038 invenitur
1733 1981 1806 2035 mul-

159 2076 229 2142 tem,
244 2077 309 2143 post
329 2070 392 2138 alis,
409 2071 442 2126 de
461 2069 586 2128 collectis
600 2069 734 2127 faciendis
747 2069 894 2126 insanotos
908 2070 955 2144 qui
1004 2079 1071 2130 tum.
1088 2071 1154 2128 ldeo
1169 2079 1261 2128 autem
1273 2073 1327 2130 hoo
1340 2079 1503 2144 preparate,
1520 2075 1553 2127 ut
1567 2085 1627 2127 non
1641 2086 1707 2126 com
1721 2085 1807 2127 vene-

155 2166 234 2215 crant
252 2157 452 2226 Hierosolymis
466 2159 590 2216 breviter
613 2164 716 2214 monet.
732 2159 789 2227 (38)
805 2157 885 2226 Quod
900 2173 955 2214 non
1004 2177 1046 2228 ro,
1063 2163 1133 2218 tunc
1147 2161 1273 2218 collecte
1286 2160 1369 2230 fiant,
1386 2159 1451 2233 quia
1464 2166 1593 2232 gravaret
1607 2174 1656 2214 eos
1671 2159 1694 2213 si
1718 2158 1807 2214 subito

154 2251 195 2301 cst
210 2250 304 2300 contra
313 2241 400 2298 illud:
417 2241 509 2298 Nolite
519 2244 645 2315 copitare
653 2242 686 2298 dc
699 2242 825 2299 erastino
841 2242 953 2312 (idoliis.
1005 2251 1092 2302 totum
1116 2247 1197 2304 simul
1217 2249 1331 2306 darent.
1358 2248 1427 2305 Cum
1448 2253 1545 2306 uuum
1565 2263 1691 2320 presens
1713 2249 1806 2319 suero,

155 2332 206 2404 rr).
222 2331 284 2388 Non
298 2338 341 2388 est
363 2328 437 2386 enim
447 2329 570 2404 cogitare
585 2330 620 2387 de
641 2329 770 2400 crastino,
787 2329 810 2386 si
825 2331 886 2403 quis
900 2331 955 2387 hu·
1007 2337 1077 2391 turre
1091 2336 1208 2390 mittum
1222 2335 1294 2400 illos,
1311 2335 1355 2392 vel
1370 2336 1417 2393 lios
1432 2352 1500 2410 quos
1514 2335 1708 2408 probaveritis,
1724 2335 1752 2390 id
1767 2343 1810 2390 est

153 2435 234 2477 mano
253 2435 333 2476 more
352 2417 405 2474 ista
414 2425 555 2490 procuret,
578 2415 628 2474 sed
642 2417 666 2474 si
686 2419 748 2492 quis
769 2425 881 2491 propter
904 2418 955 2476 ista
1007 2420 1121 2478 idoneos
1133 2421 1321 2491 judicaveritis
1335 2439 1387 2496 per
1399 2424 1550 2496 Epistulas,
1567 2422 1595 2479 id
1610 2430 1652 2479 εει
1665 2439 1725 2479 cum
1741 2423 1808 2494 Epi-

152 2509 212 2565 Deo
225 2508 330 2577 militat,
354 2514 385 2563 ut
408 2506 438 2562 in
459 2505 590 2579 operibus
610 2506 668 2563 suis
686 2523 743 2564 uon
757 2523 874 2581 regnum
890 2506 952 2576 Dei,
971 2484 1082 2566 Gstolis
1096 2509 1166 2564 meis
1182 2517 1208 2566 ει
1223 2509 1323 2566 vestris
1338 2509 1498 2566 laudetoriis
1519 2518 1547 2566 ot
1569 2510 1809 2566 commendatoriis

154 2597 204 2654 scd
214 2597 328 2653 istorum
342 2593 552 2668 acquisitionem
566 2594 711 2652 intueatur.
1004 2595 1806 2670 deferentiumetmittentiumperserrepretiumvestrom,

1004 2685 1032 2744 id
1046 2692 1089 2743 εει
1103 2685 1216 2754 donum,
1232 2688 1264 2743 irc
1279 2687 1447 2753 Jerusalem,
1459 2687 1531 2760 quod
1544 2687 1570 2743 si
1585 2687 1702 2760 εἰρηκει
1716 2689 1807 2760 [weit

452 2756 567 2814 CAPUT
584 2757 659 2814 xvl·
1004 2779 1039 2832 ut
1053 2790 1101 2846 eqo
1116 2790 1188 2842 eam,
1206 2773 1311 2832 scilicet
1326 2774 1349 2830 si
1363 2791 1470 2849 magnae
1493 2791 1537 2832 res
1560 2775 1670 2843 fuerint,
1697 2792 1809 2833 owenus

195 2882 282 2939 um,
303 2881 376 2936 pqr,
392 2909 427 2922 ..
441 2880 480 2937 pe
495 2881 623 2937 conectis
638 2883 735 2937 amm
749 2896 810 2953 qm
823 2881 900 2951 finnt
924 2879 956 2936 ιη
1004 2864 1218 2922 buetrenton
1232 2867 1330 2920 ortem
1344 2864 1381 2920 od
1395 2881 1440 2920 uos
1455 2881 1521 2922 cum
1534 2867 1730 2938 pertransiero
1749 2866 1809 2921 llo-

155 2973 280 3036 saneos,
296 2967 710 3026 sustentamentum
726 2969 855 3036 caum,
869 2968 914 3024 su
927 2971 957 3025 et
1005 2952 1162 3020 stonum,
1177 2950 1327 3026 [Ambrae]
1341 2951 1369 3008 id
1384 2961 1426 3010 so
1440 2952 1587 3026 ueromnb
1601 2951 1663 3012 losa
1673 2953 1810 3010 transiero

155 3074 205 3114 oos
218 3059 307 3129 tacite
317 3073 371 3130 per
384 3072 473 3114 unam
490 3056 613 3114 Sobboti.
628 3057 821 3129 Unusquisque
830 3060 956 3114 oestrum
1005 3056 1094 3113 us(lue
1107 3039 1305 3096 Macedfflfiflffl·
1321 3041 1393 3096 Nam
1409 3041 1599 3099 Mmm'am
1619 3043 1808 3115 Pertimuit),

155 3144 234 3220 appe
247 3160 277 3202 ⁸0
291 3149 411 3217 reponat
425 3144 580 3201 recondens
595 3144 667 3218 quod
681 3146 707 3201 ,q
720 3145 789 3201 pem
800 3145 955 3218 prame,
1006 3128 1054 3184 ubi
1067 3143 1122 3184 nou
1136 3127 1810 3202 estupusmorer-importumootemsorsitorsmo-

157 3237 202 3304 or,
216 3249 275 3290 nen
289 3249 355 3289 com
369 3247 480 3302 venero,
497 3236 568 3289 tono
581 3233 706 3289 collem
719 3231 804 3302 fiant,
817 3233 887 3290 com
901 3250 956 3291 ap.
1006 3218 1136 3284 relocet
1150 3217 1239 3274 etium
1254 3217 1557 3290 biemob0,quiamulta
1574 3217 1737 3291 corrigenda
1748 3227 1812 3274 sunt

157 3325 214 3380 tem
226 3336 352 3394 presens
365 3323 457 3393 suero,
470 3337 538 3394 quos
550 3319 737 3393 probaveritis
749 3337 802 3394 per
815 3322 958 3394 Epistola,
1006 3305 1054 3377 ibi,
1069 3304 1141 3364 sicut
1164 3305 1290 3363 medicus
1316 3305 1355 3362 ibi
1381 3317 1495 3362 momm'
1521 3305 1612 3373 babet,
1643 3305 1690 3361 ubi
1717 3307 1811 3378 plures

158 3409 331 3470 bosmittem
341 3411 470 3482 perferre
479 3411 605 3482 pretium
615 3411 957 3469 vestrominlerusolem.
1006 3401 1150 3468 &imiim-
1168 3394 1283 3450 Veniam
1298 3394 1334 3450 &d
1344 3410 1394 3450 V0⁵
1410 3395 1482 3464 ⁶1⁰0,
1491 3399 1527 3452 ιιι
1536 3398 1566 3452 δί
1577 3411 1622 3452 ¹³0³
1637 3411 1682 3451 ml
1692 3395 1813 3451 deduca-

160 3497 236 3569 Qnod
254 3499 281 3555 ρι’
295 3498 414 3571 dippum
427 3497 519 3569 sperit
531 3502 566 3555 pr
580 3513 628 3572 ⁶90
643 3514 720 3570 eam,
737 3515 850 3556 ‚mum
863 3499 957 3556 epum,
1009 3484 1047 3540 tis
1061 3499 1224 3556 quocunque
1238 3483 1307 3540 iero.
1333 3481 1402 3540 Dico
1416 3483 1534 3539 manebo
1558 3483 1629 3556 apud
1657 3498 1717 3550 vos,
1746 3485 1811 3539 reolo

161 3587 276 3646 Veniam
294 3590 391 3642 aetem
404 3585 442 3642 ad
456 3601 512 3654 vor,
527 3602 594 3643 eom
608 3586 799 3645 Macedoniam
821 3590 958 3659 wrm.
1007 3572 1086 3628 enlm
1101 3587 1148 3628 vos
1158 3572 1190 3626 in
1206 3572 1332 3628 transito
1342 3571 1446 3628 videre.
1461 3573 1546 3644 Spero
1556 3571 1811 3645 eoimoliqoootu·

157 3676 230 3734 mro
256 3689 352 3731 :nam
370 3674 564 3732 Macedoniam
585 3675 778 3748 pertransibo,
808 3675 889 3749 ΛΜ
911 3691 959 3733 „03
1009 3658 1659 3732 lumtemporismorserecpudoos,sillomirsus
1673 3660 1812 3730 permise-

156 3767 257 3821 octem
267 3761 393 3835 [croton
408 3763 537 3831 monebo,
550 3764 594 3820 vel
614 3763 703 3820 etium
718 3763 958 3834 hismahelitum
1007 3748 1233 3805 infirmnm
1249 3752 1350 3806 “ultim
1364 3747 1545 3820 Elhttl'dflde
1559 3747 1634 3805 mliii
1648 3747 1811 3821 EPi⁸¹0¹³fflt

157 3863 203 3905 me
215 3847 363 3904 deducatis
377 3863 541 3921 quoeunque
551 3848 624 3905 iero.
642 3847 710 3905 Noto
725 3847 803 3904 enim
816 3863 863 3906 vos
877 3840 995 3906 modoD
1009 3853 1097 3909 mque
1112 3836 1149 3893 od
1162 3839 1360 3906 Pentecosten,
1381 3837 1444 3894 idco
1463 3837 1632 3910 permanebo
1647 3837 1695 3905 ibi,
1723 3838 1811 3906 cuim,

157 3937 190 3994 in
206 3936 335 3992 transitu
358 3935 462 3993 videre.
490 3935 576 4008 Spero
592 3936 670 3992 enim
683 3951 729 3993 mc
743 3937 959 4010 aliquantulum
1008 3925 1037 3982 id
1049 3932 1092 3981 0⁵²
1107 3925 1181 3998 (luia,
1192 3927 1637 3999 ‹itliummatltmmfll'ertumssti
1649 3925 1815 3994 Μῑῆἱεῐᾱθὸῑ

156 4023 294 4097 temporis
308 4039 426 4081 monere
441 4023 517 4097 opud
531 4024 769 4091 eudaemonicus
781 4025 958 4096 permiserit,
1008 4013 1093 4070 multa
1107 4013 1190 4072 corda
1204 4014 1346 4070 hommum
1360 4015 1397 4071 ad
1422 4013 1588 4071 sumendum
1615 4021 1710 4086 parata
1737 4021 1810 4070 sunt.

160 4111 332 4170 Permaneto
346 4115 445 4169 ouum
465 4110 569 4185 prest
590 4127 677 4185 usque
700 4111 737 4169 od
759 4113 957 4172 Pentecosten,
1008 4103 1181 4171 Etevidens,
1197 4102 1332 4176 quianon
1347 4101 1536 4160 contradicunt
1556 4101 1753 4175 praedtesuoni.
1777 4102 1812 4157 Et

162 4199 272 4260 Ostium
282 4199 587 4274 eoimlmlbtopertum
597 4202 957 4274 estmopnumeteoidens,
1009 4191 1086 4264 quasi
1102 4191 1164 4264 quis
1177 4191 1281 4249 diceret
1298 4209 1305 4248 :
1321 4188 1394 4261 Quid
1408 4206 1475 4266 erqo
1490 4205 1560 4264 opus
1579 4199 1623 4248 est
1636 4189 1675 4250 ibi
1688 4188 1813 4247 morari?

159 4292 189 4346 ει
203 4288 360 4345 adversarii
373 4289 470 4345 multt.
492 4287 523 4345 St
547 4291 645 4345 cotem
659 4290 771 4346 uenosdt
787 4289 957 4363 rimorum,
1009 4279 1167 4354 Respondet
1183 4295 1190 4334 ε
1206 4281 1249 4348 Ει,
1265 4279 1293 4337 id
1308 4286 1351 4337 est
1366 4280 1441 4353 quia,
1457 4279 1614 4338 aduersarii
1635 4281 1810 4345 multisunt,

159 4376 253 4436 videte
275 4380 309 4434 ot
331 4377 395 4434 elne
418 4377 519 4435 timore
540 4377 580 4434 sit
603 4377 678 4451 apae
698 4394 756 4435 vos,
782 4378 858 4452 opus
881 4382 960 4438 emm
1009 4369 1047 4426 ibi
1062 4369 1256 4443 quiconantur
1269 4369 1414 4443 impedire.
1431 4369 1461 4425 St
1475 4372 1574 4426 autem
1589 4368 1701 4426 venerit
1724 4368 1812 4424 limo·

158 4467 274 4524 nostor
288 4469 423 4540 operatio
435 4466 512 4524 stem
526 4469 556 4523 et
569 4481 627 4539 epo.
648 4467 687 4524 Ne
708 4469 772 4541 quir
794 4483 859 4540 erqo
873 4469 959 4528 titum
1010 4457 1138 4516 theusod
1151 4457 1302 4526 oos,vtdete
1315 4458 1418 4515 utsioe
1433 4458 1534 4517 timore
1548 4458 1588 4515 stt
1601 4455 1677 4530 opud
1692 4472 1747 4527 oos,
1756 4454 1812 4511 ior-

158 4556 290 4629 spernat.
308 4554 444 4612 Deducite
458 4558 556 4612 autem
569 4555 655 4613 illum
668 4555 701 4612 in
714 4572 795 4629 poce,
813 4561 848 4614 ut
862 4558 960 4615 vestim
1009 4546 1079 4603 ⁵11⁸ss
1090 4548 1146 4617 lam
1161 4545 1200 4602 ibi
1213 4546 1339 4604 ‘imum‘
1366 4553 1480 4620 Pi⁰Pi⁰i
1507 4543 1716 4602 ⁰⁰¹¹¹¹¹¹⁰¹i⁰¹¹0¹¹¹
1731 4559 1814 4616 Pseu·

158 4644 265 4702 odmc.
284 4643 423 4716 Exspecto
446 4644 524 4701 enim
546 4643 632 4700 litum
654 4659 721 4701 eom
742 4645 892 4717 fratribus,
920 4645 959 4704 De
1009 4635 1241 4708 doapustolorum.
1258 4635 1333 4708 Opus
1348 4637 1426 4693 enim
1442 4635 1555 4692 omnint
1576 4637 1712 4709 operatur
1736 4633 1812 4688 sicut

159 4731 258 4806 Apollo
272 4736 370 4790 “vitm
394 4735 488 4805 fratre
508 4731 582 4790 vobit
602 4736 703 4790 notum
726 4735 803 4806 satio
825 4734 960 4807 quootom
1009 4724 1175 4798 enumeris
1185 4721 1811 4798 erqotttomspernotlteooetteuotemtttom

159 4821 288 4878 multam
302 4821 399 4894 roqooi
410 4836 476 4878 eom
489 4824 523 4878 ut
538 4821 647 4878 veniret
661 4820 699 4878 od
711 4837 758 4879 voe
772 4839 838 4880 oum
852 4824 959 4896 fratri.
1009 4814 1283 4887 inpotentiorem
1298 4813 1336 4870 od
1345 4828 1401 4871 me.
1409 4814 1548 4887 Exspecto
1561 4811 1638 4869 enim
1646 4811 1730 4869 illum
1745 4824 1812 4867 eum

195 4992 252 5064 (55)
270 4997 428 5062 tumetium
441 4996 466 5048 in
478 4995 522 5048 lib.
537 4997 629 5061 (tuest.
642 4999 774 5052 Lxxlllll.
1044 4993 1099 5060 (³7)
1119 4992 1167 5057 ld,
1181 5005 1255 5058 super
1266 4994 1395 5046 loannem.

196 5063 250 5132 (ὅθ)
268 5063 316 5132 ld,
333 5065 368 5118 lle
378 5063 650 5128 pulsctlonalustitie.
1046 5060 1104 5128 (38)
1123 5060 1171 5126 ld,
1184 5063 1219 5114 lto
1234 5072 1284 5114 scr.
1296 5061 1322 5114 in
1335 5064 1412 5113 mont.
