3906 6056
168 121 238 176 tius

847 113 951 172 Patet
968 113 1149 174 lontani

1751 123 1827 179 1004

169 241 208 298 tui
223 248 249 298 et
264 239 425 312 consepulti,
442 241 622 315 aliquomodo
648 241 778 299 Christro
793 241 1001 308 resurrexit,A
1016 240 1066 298 sed
1094 240 1177 298 etiam
1205 241 1229 298 si
1251 240 1377 299 volumus
1400 241 1501 300 imitari
1523 242 1614 301 afficit.
1643 241 1723 302 Unda
1751 245 1825 302 sub-

170 330 254 404 longa
268 331 421 386 amortuis
435 337 565 399 remotus,
582 337 609 386 ει
629 330 696 397 boc,
710 330 896 404 perplurium
910 331 967 385 Pc-

169 419 231 486 iris,
246 417 274 473 id
289 426 330 474 εει
344 433 395 489 per
410 419 530 476 Verbum
554 417 642 474 Patris
670 417 774 474 homini
789 417 909 484 unitum,
923 416 968 474 vel

168 507 347 579 pergratiam
362 507 422 563 Dei.
438 508 482 564 lic
496 514 523 564 et
537 515 592 562 tam
615 505 728 562 firmiter
741 521 791 562 nos
805 506 905 562 avitiis
919 521 967 560 re-

168 602 313 667 surgentes
327 595 362 652 ad
377 596 542 667 bonaopera
551 597 739 662 ambulemus,
750 595 865 650 debono
875 594 902 649 in
912 609 968 650 me

168 683 231 750 lius,
247 684 328 755 positi
354 687 385 741 in
413 685 541 741 occiduis
557 686 634 751 viic,
651 699 700 756 per
719 683 849 754 justitiam
863 681 926 738 iidei
941 690 967 738 et

168 787 246 843 spem
260 772 364 846 gloriae.
380 771 409 830 Si
423 774 519 840 εηίεις
534 771 613 846 quasi
634 772 705 829 dicat
722 788 728 828 :
746 771 812 828 Dico
840 771 966 827 ambule-

168 877 229 916 mus
244 860 272 916 in
286 861 404 918 novitate
415 861 490 934 quod
499 876 653 933 possumus.
667 860 696 917 Si
703 860 775 916 enim
790 873 841 916 uos
855 859 966 932 explan-

168 948 225 1017 tati,
241 949 275 1004 ad
298 949 500 1006 similitudinem
515 949 629 1012 arboris,
646 948 863 1016 demnatum,
884 951 967 1021 facti·

167 1053 317 1105 tumus,a
344 1038 403 1094 Deo
428 1056 435 1094 :
460 1037 651 1110 complantati,
682 1035 796 1094 firmiter
818 1038 964 1106 haerentes,

167 1126 355 1183 similitudini
368 1128 479 1194 mortis,
492 1126 520 1181 id
534 1133 575 1182 est
590 1126 644 1181 sia
660 1126 745 1182 veteri
754 1126 805 1182 ritu
816 1126 912 1182 remoti
923 1125 967 1180 iir-

167 1215 247 1270 miter
264 1215 401 1270 baeremus
417 1215 488 1271 bono
506 1215 564 1271 Dec
589 1213 713 1282 iaciente,
725 1221 752 1271 et
769 1213 873 1270 similes
885 1215 965 1270 morti

143 1368 146 1374 ³
167 1302 266 1358 Christi
276 1319 378 1359 sumus.
391 1303 522 1376 Simul,id
534 1309 657 1371 estmox,
665 1311 691 1360 et
701 1305 818 1370 crimus,
830 1303 965 1375 complan-

1017 328 1106 384 ditur:

1052 453 1138 510 Vnus.
1151 456 1181 508 6-
1195 457 1238 512 tt.
1250 475 1309 507 -ι
1325 455 1384 512 Ηοε
1408 455 1536 524 scientes,
1565 456 1630 530 quia
1639 465 1718 514 retus
1733 458 1821 514 bomo

1019 563 1030 592 ι
1048 549 1143 598 noster
1157 541 1238 598 sirnul
1261 541 1406 600 crucifixus
1420 553 1462 600 εει
1476 553 1505 600 ut
1532 545 1688 602 destruatur
1716 562 1824 618 corpus

1019 652 1030 682 ι
1047 632 1162 702 peccati,
1178 639 1207 688 ut
1218 631 1288 688 ultra
1303 649 1358 689 non
1374 633 1524 689 serviamus
1538 643 1662 706 peccato.
1679 633 1733 704 Qui
1743 637 1823 692 enim

1019 725 1167 776 «mortuus
1195 729 1245 790 cst,
1267 721 1430 792 justilicatus
1444 731 1486 779 est
1500 738 1517 778 a
1540 730 1664 796 peccato.
1681 723 1711 779 Si
1725 733 1821 780 autem

1018 831 1030 856 α
1047 809 1147 864 mortui
1162 825 1257 866 sumus
1272 826 1334 866 cum
1350 809 1469 879 Christo,
1496 811 1633 867 credimus
1649 811 1713 884 quia
1735 812 1822 868 simul

1019 916 1031 948 ι
1048 896 1129 952 etiam
1143 897 1267 954 vitemus
1295 915 1355 956 cum
1373 897 1428 964 illo,
1446 899 1564 956 scientes
1591 900 1663 972 quod
1691 901 1821 957 Christus

1018 1007 1030 1033 a
1047 1001 1195 1059 resurgens
1206 1003 1239 1043 ex
1254 987 1383 1054 mortuis,
1398 987 1454 1058 jam
1469 1004 1525 1045 non
1539 989 1672 1056 moritur;
1686 1005 1768 1046 mors
1780 988 1821 1044 illi

1019 1095 1030 1122 ι
1047 1072 1116 1128 ultra
1130 1090 1186 1130 non
1214 1073 1410 1131 dominabitur.
1427 1074 1506 1144 Quod
1534 1077 1606 1132 enim
1635 1084 1760 1132 mortuus
1777 1085 1823 1133 est

1018 1169 1160 1234 «peccato
1170 1171 1294 1219 mortuus
1305 1171 1346 1219 est
1362 1163 1467 1231 semel;
1483 1165 1555 1237 quod
1574 1171 1663 1220 autem
1678 1165 1754 1232 vivit,
1773 1166 1820 1220 vi-

1017 1272 1030 1303 «
1047 1251 1084 1306 vit
1098 1252 1167 1306 Deo.
1183 1251 1220 1306 lta
1237 1259 1263 1307 ει
1278 1268 1327 1308 vos
1341 1252 1492 1308 existimate
1506 1269 1555 1309 vos
1570 1260 1693 1310 mortuos
1703 1253 1819 1327 quidem

1017 1360 1030 1391 ι
1046 1355 1108 1396 εεεε
1117 1346 1241 1411 peccato,
1254 1340 1475 1397 viventesautem
1490 1341 1548 1399 Deo
1558 1341 1585 1396 ia
1595 1341 1702 1398 Christo
1711 1343 1791 1398 iesu.
1804 1367 1815 1391 ι

167 1391 411 1449 tatisimiiitudini
421 1394 637 1450 resurrectionis
645 1392 789 1459 Christi‚id
800 1399 840 1448 est
850 1390 966 1448 finniter

166 1480 330 1537 haerebimus
341 1481 510 1536 similitudini
518 1480 728 1538 resurrectionis
736 1480 885 1548 christini
895 1480 965 1538 sicut
1051 1483 1104 1539 lloc
1115 1484 1238 1539 scientes
1252 1484 1319 1557 quia
1340 1488 1420 1541 uetus
1444 1485 1534 1552 bouso
1551 1491 1607 1564 etc,
1613 1484 1686 1540 Dixit
1699 1500 1751 1542 nos
1767 1501 1820 1557 per

166 1569 289 1625 Christus
299 1569 422 1642 deposita
431 1576 590 1626 vetustates
604 1577 692 1626 morie
703 1584 793 1625 novus
803 1569 963 1640 resurrexit,
977 1571 1181 1662 Bbaptismum
1195 1579 1319 1628 mortuos
1329 1588 1391 1629 esse
1401 1581 1523 1644 peccato,
1539 1582 1566 1629 et
1575 1573 1637 1630 ideo
1647 1589 1704 1630 uon
1713 1573 1819 1632 debere

166 1657 203 1713 ita
214 1666 241 1714 ει
248 1675 298 1717 nos
307 1660 340 1715 in
358 1661 486 1718 nouitate
498 1661 563 1716 riioe
577 1659 764 1715 ambulemus.
780 1658 964 1732 [Ambrosius]
1014 1661 1129 1732 amplius
1143 1660 1237 1717 vivere
1251 1659 1278 1716 in
1288 1660 1345 1727 illo,
1358 1661 1407 1716 sed
1421 1660 1450 1716 in
1461 1661 1582 1718 novitate
1592 1662 1654 1719 sitae
1661 1661 1817 1730 ambulare,

166 1746 242 1804 Tunc
252 1747 318 1804 dicit
330 1762 381 1803 nos
391 1747 538 1820 possciiari
556 1747 660 1803 similes
675 1747 878 1811 resurrectioni.
891 1746 914 1802 si
924 1746 964 1802 si·
1014 1757 1042 1804 ει
1055 1764 1105 1820 per
1118 1748 1185 1821 quid
1200 1749 1252 1805 hoc
1272 1749 1354 1805 liceat
1368 1750 1503 1818 ostendit,
1524 1750 1628 1807 seilicet
1645 1753 1713 1824 quic
1732 1756 1817 1808 cerus

165 1835 311 1892 militudini
324 1836 419 1892 mortis
437 1838 496 1906 ejus
515 1835 580 1892 lacti
590 1835 723 1892 fuerimus
740 1835 925 1907 complantati,
937 1835 964 1892 id
1014 1839 1094 1896 bomo
1111 1838 1269 1907 crucifixus
1284 1841 1337 1905 esi,
1349 1846 1402 1895 etc.
1419 1837 1608 1912 [Augustinus]
1619 1838 1706 1908 Quasi
1719 1839 1815 1896 dicat:

165 1930 208 1980 est
223 1924 251 1979 in
266 1924 401 1996 baptismo
415 1925 505 1981 omnia
520 1925 584 1980 vitia
595 1925 774 1996 deponentes,
789 1923 964 1996 postmodum
1014 1926 1091 1992 Dico,
1107 1925 1277 1983 ambulemus
1291 1926 1318 1982 in
1334 1927 1453 1984 novitate
1467 1927 1540 1984 vita.
1557 1927 1615 1983 Nos
1630 1927 1702 1993 dico,
1720 1928 1818 1984 scien-

163 2027 220 2068 non
235 2028 391 2084 peccamus.
414 2015 478 2070 llaec
494 2013 566 2070 enim
578 2012 726 2069 similitudo
741 2013 834 2069 mortis
849 2019 963 2085 prasta—
1013 2022 1056 2070 tes
1069 2016 1132 2082 boc,
1148 2015 1213 2087 quia
1237 2022 1316 2073 vetus
1330 2017 1427 2084 bomo,
1443 2016 1528 2072 idest
1556 2015 1644 2073 iomes
1665 2017 1773 2088 peccati
1788 2025 1818 2074 et

165 2101 204 2156 bit
216 2101 419 2158 similitudinem
447 2101 669 2170 resurrectionis,
685 2109 713 2157 ut
727 2101 755 2157 in
769 2102 891 2159 novitate
900 2101 963 2158 vitae
1013 2105 1184 2160 consuetudo
1199 2107 1306 2168 noster.
1322 2105 1350 2160 id
1364 2112 1405 2160 est
1419 2104 1466 2178 qui
1478 2121 1511 2161 ex
1536 2105 1618 2160 nobis
1632 2113 1684 2172 est,
1701 2121 1759 2162 non
1780 2123 1816 2163 ex

163 2189 345 2246 ambulemus.
361 2189 550 2265 [Augustinus]
565 2192 638 2246 Nota
652 2191 728 2263 quod
742 2206 818 2246 mors
832 2206 886 2263 qua
902 2205 964 2262 pcc-
1012 2193 1081 2262 Deo,
1093 2193 1190 2260 simul,
1206 2209 1269 2250 cum
1297 2193 1403 2250 Christo
1421 2191 1566 2250 cmciirxus
1583 2202 1634 2261 est,
1648 2194 1678 2249 id
1692 2201 1735 2250 cst
1748 2211 1815 2252 cum

163 2286 223 2336 cato
238 2279 339 2335 mortui
352 2279 380 2335 in
394 2279 530 2352 baptismo
544 2279 672 2348 dicimur,
681 2288 709 2336 et
722 2279 777 2336 vita
787 2294 841 2352 qua
852 2278 962 2336 nuncin
1013 2279 1189 2338 crucifixione
1204 2281 1305 2338 Christi
1319 2281 1518 2338 lindebiiitatus
1527 2291 1578 2350 est,
1590 2283 1813 2351 atdcstructur,

158 2368 264 2439 justitia
279 2374 306 2424 ει
320 2377 382 2440 post
406 2369 572 2426 eternaliter
595 2385 658 2426 cum
674 2368 781 2426 Christo
797 2368 897 2424 victuri
912 2384 962 2424 su·
1013 2377 1065 2426 etc.
1083 2371 1158 2442 (tau)
1174 2369 1233 2437 Vel,
1256 2377 1334 2427 vetus
1349 2371 1431 2427 bomo
1458 2379 1562 2438 noster,
1578 2371 1602 2426 si
1615 2387 1678 2428 curn
1701 2371 1815 2429 Christo

163 2474 234 2526 mus,
250 2458 279 2514 in
294 2466 382 2516 morte
397 2467 423 2516 et
444 2458 642 2516 resurrectione
659 2457 760 2514 Christi
774 2457 962 2514 demonstrata
1012 2456 1168 2528 crucifixus,
1179 2459 1208 2514 id
1231 2466 1273 2514 est
1283 2467 1389 2516 veteres
1403 2467 1482 2516 actus
1508 2459 1593 2515 nostri
1608 2467 1697 2516 morie
1712 2459 1814 2516 Christi

164 2555 236 2602 sunt.
261 2548 336 2603 ldors
360 2547 433 2604 enim
445 2547 582 2603 Christiet
597 2545 771 2616 resurrectio,
788 2561 844 2601 non
857 2553 961 2600 tantum
1012 2545 1144 2615 crucifixi,
1152 2547 1180 2602 id
1188 2547 1335 2604 estmortui
1343 2548 1446 2604 suntita
1455 2549 1653 2619 utdestruatur,
1662 2549 1813 2606 dominan-

162 2652 217 2705 res,
235 2636 284 2692 sed
299 2636 381 2693 etiam
391 2644 559 2692 sacramenta
570 2641 642 2691 sunt.
658 2634 734 2706 (isa)
743 2633 880 2705 Quidquid
889 2633 961 2689 enirn
1012 2635 1266 2710 terationc,ccrpus
1275 2636 1814 2710 pcccati,idestomniacriminaquaesi-

162 2732 272 2798 gestum
286 2733 328 2780 est
342 2725 370 2779 in
385 2739 466 2782 cruce
490 2723 604 2794 Christi,
620 2723 649 2780 in
662 2723 812 2794 sepultura,
824 2721 852 2776 in
867 2738 961 2778 resur·
1011 2723 1068 2780 mul
1074 2732 1136 2780 sunt
1144 2725 1221 2797 quasi
1231 2741 1331 2796 corpus
1342 2733 1369 2780 et
1377 2725 1521 2799 congeries
1527 2725 1642 2797 peccati.
1658 2724 1756 2783 Gratia
1765 2741 1814 2782 au·

163 2813 295 2882 rectione,
310 2813 339 2868 in
353 2813 525 2881 ascensione,
537 2820 564 2870 et
578 2813 606 2868 in
621 2811 961 2869 sedereaddexteramPa·
1011 2819 1066 2869 tem
1077 2813 1180 2886 Deiqui
1189 2813 1401 2870 insimilitudine
1415 2814 1507 2870 carnis
1520 2814 1623 2886 peccati
1632 2814 1752 2872 inemec
1764 2832 1814 2888 pe·

163 2902 223 2970 tris,
240 2901 277 2958 ita
285 2910 395 2976 gestum
410 2909 468 2970 est,
485 2910 515 2957 ut
529 2901 573 2956 bis
588 2902 672 2957 rebus
699 2899 814 2973 mystice
828 2915 884 2956 non
897 2907 960 2955 tau·
1010 2902 1114 2974 pendit,
1126 2919 1177 2974 per
1183 2902 1347 2974 baptismum
1355 2903 1382 2958 id
1390 2903 1492 2976 agitur,
1504 2911 1532 2958 ut
1542 2910 1620 2960 vetus
1631 2903 1714 2959 bomo
1722 2905 1813 2961 cruci·

161 2997 220 3047 tum
233 2990 324 3059 dictis,
344 2991 393 3047 sed
409 2991 505 3065 gestis,
524 2988 712 3062 configuretur
725 2990 781 3046 vita
795 2988 958 3044 Christiana.
975 2961 1117 3063 Ofigatur,
1129 2998 1156 3046 et
1165 3006 1264 3062 corpus
1275 2991 1382 3063 peccati
1393 2991 1560 3059 destruatur,
1570 2991 1738 3049 nonitaatin
1750 2992 1810 3065 ipsa

161 3080 277 3137 Attende
302 3094 370 3155 crgo
392 3080 500 3154 singula
523 3095 585 3153 quae
612 3077 759 3136 factasunt
788 3078 816 3133 in
829 3078 872 3132 bis
886 3093 960 3149 prae-
1009 3079 1118 3137 vivente
1141 3095 1224 3136 carne
1252 3079 1474 3152 concupiscentia
1488 3087 1649 3153 respersaet
1663 3080 1748 3136 innita
1762 3098 1811 3138 re·

161 3168 250 3236 dictis,
266 3177 295 3225 ει
307 3169 423 3242 qualiter
437 3185 471 3224 ex
491 3169 531 3226 eis
553 3168 707 3225 Christiana
722 3167 777 3224 vita
800 3165 960 3240 configure-

165 3265 208 3314 tur
221 3258 249 3313 in
262 3258 372 3313 Christo
385 3257 432 3330 qui
446 3257 552 3314 vixerat
563 3265 642 3314 vetus
659 3258 751 3324 bomo,
766 3255 795 3311 id
809 3263 851 3311 est
864 3263 960 3312 vetus-

161 3353 217 3402 tate
231 3362 247 3400 a
261 3347 350 3416 primo
366 3346 476 3402 bomine
489 3353 639 3412 contracta,
657 3361 712 3401 non
734 3344 883 3400 secundum
898 3343 959 3400 cul-

1009 3175 1091 3240 pante
1117 3168 1276 3224 absumatur
1291 3176 1318 3224 ει
1345 3184 1400 3225 non
1422 3169 1467 3237 sit,
1490 3169 1539 3225 sed
1557 3185 1592 3224 ue
1605 3168 1677 3225 obsit
1699 3177 1811 3226 mortuo

1010 3274 1071 3330 quaa
1086 3256 1174 3312 inerat
1188 3263 1262 3314 nato.
1274 3257 1344 3312 Nam
1361 3257 1384 3312 si
1410 3266 1473 3329 post
1492 3257 1658 3329 baptismum
1670 3257 1770 3314 ruerit
1780 3258 1810 3314 in

1009 3362 1103 3412 carne,
1120 3345 1202 3402 babet
1216 3346 1465 3418 concupiscentiam
1475 3363 1537 3402 cum
1552 3362 1605 3419 qua
1614 3355 1726 3418 pugnet,
1736 3363 1811 3404 carra

161 3449 237 3508 pam,
252 3435 300 3489 sed
317 3434 596 3504 secundnmpoenam,
608 3432 708 3489 lamam
719 3433 823 3489 scilicet
838 3439 864 3487 et
875 3432 957 3499 sitim,
1010 3450 1062 3507 que
1076 3433 1222 3504 adjuvante
1236 3435 1295 3492 Deo
1306 3442 1425 3508 superet,
1438 3435 1461 3491 si
1476 3443 1566 3491 minen
1580 3451 1635 3491 uon
1648 3436 1676 3490 in
1691 3450 1809 3493 vacuum

161 3531 188 3580 st
203 3522 369 3593 hujusmodi.
384 3523 444 3579 iloc
459 3522 542 3578 modo
556 3521 644 3593 ipsam
658 3528 818 3578 vetustatem
831 3519 917 3578 sinivit
933 3515 959 3577 ει
1009 3522 1123 3596 gratiam
1134 3521 1185 3578 Dei
1200 3523 1328 3595 suscepit,
1343 3523 1367 3580 si
1384 3524 1517 3596 reprobus
1532 3539 1595 3580 esse
1608 3523 1735 3580 noluerit.
1745 3525 1809 3581 Non

160 3611 296 3683 deposuit,
312 3618 342 3666 ut
356 3611 479 3667 dolorem
507 3610 597 3667 crucis
612 3609 751 3667 sustinens
779 3609 819 3666 sic
847 3609 960 3665 baberet
1009 3611 1313 3684 itaquehocpraestatur
1326 3612 1354 3667 in
1370 3612 1515 3684 baptismo,
1530 3612 1583 3668 nisi
1594 3611 1664 3670 lorte
1673 3613 1808 3670 miraculo

160 3701 285 3758 membra
300 3700 417 3757 distenta
427 3700 455 3755 in
463 3715 546 3757 cruce
561 3707 587 3756 ct
602 3698 665 3771 fixa,
677 3715 711 3756 nc
721 3699 756 3754 ad
765 3697 873 3770 priores
884 3707 959 3754 actus
1008 3699 1138 3757 ineffabili
1149 3700 1296 3766 creatoris,
1313 3708 1343 3756 ut
1353 3700 1397 3757 lex
1411 3700 1527 3772 peccati,
1544 3709 1662 3774 quaest
1677 3701 1705 3757 in
1723 3717 1809 3758 mem

160 3797 346 3859 moverentur,
362 3805 378 3845 a
392 3789 491 3863 quibus
505 3789 585 3846 etiam
595 3787 718 3862 sepultus
735 3787 845 3861 quievit,
862 3789 959 3844 buma-
1009 3789 1067 3844 bris
1086 3804 1198 3861 prorsus
1212 3788 1402 3863 exstinguatur
1417 3798 1444 3846 ει
1458 3805 1512 3846 non
1527 3789 1579 3858 sit;
1602 3789 1651 3846 sed
1666 3797 1696 3846 ut
1722 3790 1809 3863 quid-

160 3879 204 3936 nis
219 3887 374 3935 subtractus
389 3879 555 3951 aspectibus,
571 3893 620 3951 per
633 3879 693 3936 haec
703 3877 821 3951 exigens
835 3891 852 3932 a
867 3877 957 3944 nobis,
1009 3878 1075 3950 quid
1090 3877 1156 3934 mali
1170 3878 1205 3933 ab
1218 3878 1329 3934 bomine
1343 3877 1455 3946 iactum,
1471 3879 1585 3946 dictum,
1594 3879 1741 3952 cogitatum
1753 3887 1806 3950 est,

160 3974 190 4024 ut
204 3976 326 4025 nostram
349 3975 511 4026 vetustatem
536 3975 709 4040 peccatorum
737 3982 800 4023 cum
814 3966 917 4040 gemitu
932 3974 959 4022 ει
1009 3981 1070 4024 cum
1081 3966 1171 4024 eidem
1197 3967 1427 4039 concupiscentia
1442 3967 1565 4037 subjecta
1579 3975 1671 4024 menie
1681 3968 1806 4036 serviret,

162 4057 258 4114 dolore
281 4057 448 4129 poenitentiae
470 4057 659 4128 deponamus,
675 4062 702 4112 ει
717 4055 843 4111 membra
864 4061 959 4110 nostra
1008 4063 1095 4112 totum
1109 4053 1261 4119 aboleatur,
1276 4070 1308 4112 ac
1331 4055 1406 4112 velut
1421 4055 1522 4112 iactum
1536 4072 1592 4113 non
1606 4055 1686 4113 luerit
1699 4057 1806 4114 babea-

161 4145 336 4205 continentiae
351 4153 432 4218 atque
444 4145 556 4216 justitiae
569 4145 653 4202 clavis
676 4143 782 4202 confixa
797 4144 956 4214 babeamus,
1008 4153 1062 4200 tur.
1074 4143 1257 4218 [Ambrosius]
1265 4144 1400 4216 lpsavero
1416 4145 1644 4217 concupiscentia,
1654 4145 1808 4203 solutores-

160 4251 195 4293 nc
208 4236 243 4292 ad
257 4235 349 4307 priora
363 4235 433 4290 mala
447 4235 603 4301 redeamus,
619 4250 637 4290 a
651 4235 749 4308 quibus
760 4234 841 4291 etiam
851 4233 888 4289 ita
898 4248 959 4304 per·
1008 4241 1050 4289 tus
1064 4233 1173 4290 vinculo
1188 4249 1243 4304 quo
1263 4249 1314 4305 per
1329 4232 1404 4289 illam
1417 4233 1544 4290 diabolus
1566 4234 1685 4290 animam
1700 4235 1807 4292 retine·

161 4325 232 4384 secte
246 4324 428 4398 quiescamus,
448 4330 474 4380 ut
485 4339 535 4380 nec
545 4339 640 4381 corum
654 4323 723 4380 risio
746 4339 798 4380 nec
825 4319 995 4382 memoriaD
1009 4323 1056 4378 bat
1071 4330 1098 4379 et
1112 4337 1129 4379 a
1143 4337 1193 4378 suo
1209 4323 1336 4379 creatore
1360 4322 1515 4394 separabat,
1531 4330 1639 4380 maneat
1662 4323 1690 4379 in
1711 4333 1806 4380 certa-

162 4415 312 4481 babeatur;
330 4422 357 4470 ει
378 4413 418 4472 sic
445 4413 480 4469 ad
503 4413 574 4469 bona
597 4419 773 4486 resurgentes
795 4411 823 4467 in
837 4412 958 4469 novitate
1007 4411 1082 4468 mine
1097 4425 1150 4484 quo
1177 4425 1277 4483 corpus
1301 4419 1426 4468 nostrum
1449 4412 1626 4485 castigamus,
1642 4419 1668 4468 et
1683 4410 1807 4470 seruituti

160 4503 224 4560 vitae
234 4503 416 4570 ambulemus,
432 4502 466 4558 dc
477 4502 576 4559 virtute
605 4501 634 4558 iu
647 4501 775 4558 virtutem
801 4499 957 4557 ascenden·
1007 4500 1176 4571 subjicimus.
1189 4500 1317 4558 vetustas
1332 4500 1423 4573 itaque
1437 4506 1533 4556 nostra
1548 4516 1637 4572 punse
1655 4509 1683 4556 et
1704 4499 1804 4572 culpae,

161 4600 213 4663 tes,
225 4608 369 4664 quousque
391 4592 419 4647 in
433 4591 547 4648 dextera
561 4591 612 4647 Dei
635 4590 717 4648 locati
731 4591 820 4646 Deum
842 4590 958 4645 deorum
1007 4605 1068 4662 quse
1085 4596 1126 4646 est
1142 4605 1173 4644 ex
1186 4588 1334 4646 maledicto
1347 4588 1429 4660 primi
1452 4588 1573 4644 bominis
1585 4589 1612 4644 in
1628 4604 1712 4647 cruce
1726 4589 1809 4646 curi-

160 4682 230 4750 sicut
244 4688 286 4738 est
300 4681 452 4738 videamus.
478 4679 668 4755 [Augrrstinus]
683 4682 712 4735 ln
738 4695 817 4736 cruce
832 4693 901 4751 ergo
916 4684 957 4733 est
1007 4677 1042 4733 sti
1057 4677 1196 4734 destructa
1211 4685 1261 4748 est,
1278 4677 1325 4749 qui
1333 4685 1455 4734 nostram
1469 4677 1662 4734 mortalitatem
1671 4679 1804 4750 suscepit,

159 4770 237 4827 dolor
264 4769 467 4835 confessorum,
484 4771 512 4824 in
540 4770 679 4842 sepultura
706 4768 815 4842 requies
843 4765 957 4822 absolu·
1007 4774 1034 4822 et
1047 4774 1159 4837 peccata
1172 4771 1265 4822 nostra
1288 4765 1399 4837 pertulit
1413 4764 1440 4820 in
1456 4781 1573 4838 corpore
1587 4781 1638 4823 suo
1653 4783 1734 4838 super
1747 4767 1805 4841 lig-

159 4867 257 4926 torum,
274 4858 302 4914 in
331 4858 532 4915 resurrectione
564 4859 620 4916 vita
645 4858 796 4928 justorum,
812 4856 839 4911 in
861 4870 957 4910 ascen·
1006 4869 1082 4922 num,
1102 4853 1130 4910 in
1145 4855 1224 4924 cadus
1238 4854 1341 4926 peccati
1365 4863 1392 4911 ει
1416 4855 1513 4911 mortis
1527 4853 1618 4929 ligura
1645 4855 1728 4912 etiam
1746 4857 1805 4913 ilo-

158 4948 235 5004 sione
257 4945 396 5020 proiectus
421 4947 620 5020 perlectorum,
635 4947 663 5002 in
678 4963 810 5004 consessu
833 4945 867 5001 ad
886 4944 957 5000 dex·
1006 4959 1052 4998 ses
1066 4943 1094 4998 in
1110 4959 1203 5000 eremo
1210 4959 1294 5015 super
1305 4943 1412 5017 lignum
1421 4941 1548 5000 exaltarit
1557 4951 1713 5016 serpentem
1724 4961 1732 5011 ;
1743 4961 1806 5016 pen

157 5045 245 5093 teram
263 5036 351 5110 gloria
371 5037 523 5101 beatorum.
554 5019 618 5093 ilaec
645 5045 809 5094 autemnon
838 5034 957 5091 soluma
1006 5031 1135 5089 suasione
1157 5031 1259 5105 quippe
1281 5031 1431 5103 serpentis,
1451 5033 1534 5088 homo
1552 5033 1581 5088 in
1601 5033 1806 5089 damnationem

158 5126 237 5184 nobis
265 5125 350 5201 exigit
378 5127 502 5182 cbristus
528 5126 557 5181 in
595 5133 766 5182 sacramento
802 5124 954 5198 passionis,
1005 5121 1102 5178 mortis
1111 5120 1214 5178 incidit.
1230 5121 1325 5194 ltaque
1343 5137 1466 5194 serpens,
1482 5121 1518 5178 nd
1537 5119 1746 5196 significationis
1760 5121 1804 5195 ip-

192 5299 263 5366 (toa)
282 5301 570 5368 inaestimabilem.
1040 5295 1113 5366 (160)
1132 5299 1375 5366 lumiminum.
1389 5311 1458 5365 perr.
