<?xml version="1.0" encoding="UTF-8"?>
<!DOCTYPE html PUBLIC "-//W3C//DTD XHTML 1.0 Transitional//EN"
    "http://www.w3.org/TR/xhtml1/DTD/xhtml1-transitional.dtd">
<html xmlns="http://www.w3.org/1999/xhtml" xml:lang="en" lang="en">
 <head>
  <title>
</title>
<meta http-equiv="Content-Type" content="text/html;charset=utf-8" />
  <meta name='ocr-system' content='tesseract 3.04.00' />
  <meta name='ocr-capabilities' content='ocr_page ocr_carea ocr_par ocr_line ocrx_word'/>
</head>
<body>
  <div class='ocr_page' id='page_1' title='image "./patrologiaecurs122unkngoog/patrologiaecurs122unkngoog_0722.png"; bbox 0 0 3906 6056; ppageno 0'>
   <div class='ocr_carea' id='block_1_1' title="bbox 175 140 1832 210">
    <p class='ocr_par' dir='ltr' id='par_1_1' title="bbox 175 140 1832 210">
     <span class='ocr_line' id='line_1_1' title="bbox 175 140 1832 210; baseline -0.008 -2"><span class='ocrx_word' id='word_1_1' title='bbox 175 155 245 210; x_wconf 83' lang='lat' dir='ltr'>ttae</span> <span class='ocrx_word' id='word_1_2' title='bbox 701 140 704 148; x_wconf 75' lang='lat'>&#39;</span> <span class='ocrx_word' id='word_1_3' title='bbox 848 145 952 203; x_wconf 75' lang='lat' dir='ltr'>amnt</span> <span class='ocrx_word' id='word_1_4' title='bbox 965 141 1146 200; x_wconf 73' lang='lat' dir='ltr'>conatam</span> <span class='ocrx_word' id='word_1_5' title='bbox 1754 143 1832 196; x_wconf 82' lang='lat' dir='ltr'>riso</span> 
     </span>
    </p>
   </div>
   <div class='ocr_carea' id='block_1_2' title="bbox 129 264 1834 4054">
    <p class='ocr_par' dir='ltr' id='par_1_2' title="bbox 174 264 1833 521">
     <span class='ocr_line' id='line_1_2' title="bbox 174 264 1832 347; baseline -0.004 -22"><span class='ocrx_word' id='word_1_6' title='bbox 174 299 185 325; x_wconf 75' lang='lat' dir='ltr'>a</span> <span class='ocrx_word' id='word_1_7' title='bbox 204 273 350 347; x_wconf 88' lang='lat' dir='ltr'>prudentia</span> <span class='ocrx_word' id='word_1_8' title='bbox 364 281 455 330; x_wconf 87' lang='lat' dir='ltr'>autem</span> <span class='ocrx_word' id='word_1_9' title='bbox 479 271 601 345; x_wconf 85' lang='lat' dir='ltr'>spiritus,</span> <span class='ocrx_word' id='word_1_10' title='bbox 626 270 682 328; x_wconf 85' lang='lat' dir='ltr'>rita</span> <span class='ocrx_word' id='word_1_11' title='bbox 705 278 733 327; x_wconf 94' lang='grc' dir='ltr'>ει</span> <span class='ocrx_word' id='word_1_12' title='bbox 754 286 818 342; x_wconf 83' lang='lat' dir='ltr'>pax,</span> <span class='ocrx_word' id='word_1_13' title='bbox 843 269 1009 342; x_wconf 79' lang='lat' dir='ltr'>quoniamA</span> <span class='ocrx_word' id='word_1_14' title='bbox 1023 265 1395 338; x_wconf 81' lang='lat' dir='ltr'>ctantur‚lteoplorereraon</span> <span class='ocrx_word' id='word_1_15' title='bbox 1409 268 1538 337; x_wconf 74' lang='lat' dir='ltr'>porram.</span> <span class='ocrx_word' id='word_1_16' title='bbox 1554 264 1720 322; x_wconf 76' lang='lat' dir='ltr'>Voconiam.</span> <span class='ocrx_word' id='word_1_17' title='bbox 1732 264 1832 322; x_wconf 76' lang='lat' dir='ltr'>Verbo</span> 
     </span>
     <span class='ocr_line' id='line_1_3' title="bbox 175 353 1828 436; baseline -0.005 -19"><span class='ocrx_word' id='word_1_18' title='bbox 175 385 186 410; x_wconf 78' lang='lat' dir='ltr'>r</span> <span class='ocrx_word' id='word_1_19' title='bbox 203 363 337 436; x_wconf 89' lang='lat' dir='ltr'>sapientia</span> <span class='ocrx_word' id='word_1_20' title='bbox 351 361 443 419; x_wconf 87' lang='lat' dir='ltr'>caruis</span> <span class='ocrx_word' id='word_1_21' title='bbox 466 361 576 419; x_wconf 89' lang='lat' dir='ltr'>inimica</span> <span class='ocrx_word' id='word_1_22' title='bbox 598 367 640 417; x_wconf 88' lang='lat' dir='ltr'>est</span> <span class='ocrx_word' id='word_1_23' title='bbox 662 362 731 416; x_wconf 88' lang='lat' dir='ltr'>Deo.</span> <span class='ocrx_word' id='word_1_24' title='bbox 756 359 822 432; x_wconf 78' lang='lat' dir='ltr'>Legi</span> <span class='ocrx_word' id='word_1_25' title='bbox 836 358 909 416; x_wconf 91' lang='lat' dir='ltr'>enim</span> <span class='ocrx_word' id='word_1_26' title='bbox 924 357 975 414; x_wconf 89' lang='lat' dir='ltr'>Dei</span> <span class='ocrx_word' id='word_1_27' title='bbox 1025 355 1060 410; x_wconf 89' lang='lat' dir='ltr'>od</span> <span class='ocrx_word' id='word_1_28' title='bbox 1075 355 1150 427; x_wconf 90' lang='lat' dir='ltr'>ipsos</span> <span class='ocrx_word' id='word_1_29' title='bbox 1164 355 1301 411; x_wconf 80' lang='lat' dir='ltr'>humanos</span> <span class='ocrx_word' id='word_1_30' title='bbox 1324 353 1467 420; x_wconf 85' lang='lat' dir='ltr'>convertit,</span> <span class='ocrx_word' id='word_1_31' title='bbox 1483 361 1509 410; x_wconf 90' lang='lat' dir='ltr'>ct</span> <span class='ocrx_word' id='word_1_32' title='bbox 1522 353 1594 425; x_wconf 88' lang='lat' dir='ltr'>quod</span> <span class='ocrx_word' id='word_1_33' title='bbox 1609 369 1671 410; x_wconf 84' lang='lat' dir='ltr'>ease</span> <span class='ocrx_word' id='word_1_34' title='bbox 1685 353 1714 408; x_wconf 92' lang='lat' dir='ltr'>in</span> <span class='ocrx_word' id='word_1_35' title='bbox 1728 368 1828 420; x_wconf 84' lang='lat' dir='ltr'>carne,</span> 
     </span>
     <span class='ocr_line' id='line_1_4' title="bbox 175 429 1833 521; baseline -0.006 -15"><span class='ocrx_word' id='word_1_36' title='bbox 175 472 186 499; x_wconf 76' lang='grc' dir='ltr'><strong>ι</strong></span> <span class='ocrx_word' id='word_1_37' title='bbox 204 465 259 506; x_wconf 92' lang='lat' dir='ltr'>uon</span> <span class='ocrx_word' id='word_1_38' title='bbox 274 458 315 508; x_wconf 88' lang='lat' dir='ltr'>est</span> <span class='ocrx_word' id='word_1_39' title='bbox 329 429 461 521; x_wconf 75' lang='lat' dir='ltr'>subjecte,</span> <span class='ocrx_word' id='word_1_40' title='bbox 478 467 529 508; x_wconf 89' lang='lat' dir='ltr'>neo</span> <span class='ocrx_word' id='word_1_41' title='bbox 547 449 621 507; x_wconf 88' lang='lat' dir='ltr'>enim</span> <span class='ocrx_word' id='word_1_42' title='bbox 634 456 734 521; x_wconf 88' lang='lat' dir='ltr'>potest.</span> <span class='ocrx_word' id='word_1_43' title='bbox 752 471 764 497; x_wconf 76' lang='lat' dir='ltr'>r</span> <span class='ocrx_word' id='word_1_44' title='bbox 1024 459 1079 500; x_wconf 92' lang='lat' dir='ltr'>non</span> <span class='ocrx_word' id='word_1_45' title='bbox 1094 444 1158 512; x_wconf 88' lang='lat' dir='ltr'>vita,</span> <span class='ocrx_word' id='word_1_46' title='bbox 1174 443 1223 500; x_wconf 89' lang='lat' dir='ltr'>sed</span> <span class='ocrx_word' id='word_1_47' title='bbox 1237 442 1301 499; x_wconf 89' lang='lat' dir='ltr'>vitio</span> <span class='ocrx_word' id='word_1_48' title='bbox 1325 441 1496 508; x_wconf 76' lang='lat' dir='ltr'>intellexerit,</span> <span class='ocrx_word' id='word_1_49' title='bbox 1517 441 1644 498; x_wconf 78' lang='lat' dir='ltr'>ostendit.</span> <span class='ocrx_word' id='word_1_50' title='bbox 1670 440 1758 510; x_wconf 85' lang='lat' dir='ltr'>Quasi</span> <span class='ocrx_word' id='word_1_51' title='bbox 1785 441 1833 496; x_wconf 91' lang='lat' dir='ltr'>di-</span> 
     </span>
    </p>

    <p class='ocr_par' dir='ltr' id='par_1_3' title="bbox 129 530 1834 4054">
     <span class='ocr_line' id='line_1_5' title="bbox 208 530 1831 613; baseline -0.006 -17"><span class='ocrx_word' id='word_1_52' title='bbox 208 540 279 596; x_wconf 87' lang='lat' dir='ltr'>Nom</span> <span class='ocrx_word' id='word_1_53' title='bbox 293 539 453 613; x_wconf 79' lang='lat' dir='ltr'>prudentio</span> <span class='ocrx_word' id='word_1_54' title='bbox 462 540 567 596; x_wconf 68' lang='lat' dir='ltr'>camb.</span> <span class='ocrx_word' id='word_1_55' title='bbox 580 537 665 606; x_wconf 85' lang='lat' dir='ltr'>Quasi</span> <span class='ocrx_word' id='word_1_56' title='bbox 673 537 746 594; x_wconf 88' lang='lat' dir='ltr'>dicat</span> <span class='ocrx_word' id='word_1_57' title='bbox 762 555 769 592; x_wconf 93' lang='lat'><strong>:</strong></span> <span class='ocrx_word' id='word_1_58' title='bbox 786 537 857 592; x_wconf 87' lang='lat' dir='ltr'>Vere</span> <span class='ocrx_word' id='word_1_59' title='bbox 868 536 914 592; x_wconf 87' lang='lat' dir='ltr'>ille</span> <span class='ocrx_word' id='word_1_60' title='bbox 929 534 975 608; x_wconf 92' lang='lat' dir='ltr'>qui</span> <span class='ocrx_word' id='word_1_61' title='bbox 1025 540 1069 589; x_wconf 89' lang='lat' dir='ltr'>cat</span> <span class='ocrx_word' id='word_1_62' title='bbox 1084 549 1091 587; x_wconf 76' lang='grc' dir='ltr'>ι</span> <span class='ocrx_word' id='word_1_63' title='bbox 1107 531 1160 601; x_wconf 82' lang='lat' dir='ltr'>Qui</span> <span class='ocrx_word' id='word_1_64' title='bbox 1173 531 1201 587; x_wconf 92' lang='lat' dir='ltr'>in</span> <span class='ocrx_word' id='word_1_65' title='bbox 1215 547 1299 588; x_wconf 89' lang='lat' dir='ltr'>came</span> <span class='ocrx_word' id='word_1_66' title='bbox 1313 538 1385 596; x_wconf 86' lang='lat' dir='ltr'>suut,</span> <span class='ocrx_word' id='word_1_67' title='bbox 1396 545 1452 586; x_wconf 91' lang='lat' dir='ltr'>uon</span> <span class='ocrx_word' id='word_1_68' title='bbox 1460 530 1569 600; x_wconf 84' lang='lat' dir='ltr'>placent</span> <span class='ocrx_word' id='word_1_69' title='bbox 1577 531 1645 598; x_wconf 87' lang='lat' dir='ltr'>Deo,</span> <span class='ocrx_word' id='word_1_70' title='bbox 1657 546 1702 588; x_wconf 84' lang='lat' dir='ltr'>voa</span> <span class='ocrx_word' id='word_1_71' title='bbox 1713 535 1831 596; x_wconf 79' lang='lat' dir='ltr'>cotem,</span> 
     </span>
     <span class='ocr_line' id='line_1_6' title="bbox 173 617 1834 700; baseline -0.005 -19"><span class='ocrx_word' id='word_1_72' title='bbox 173 627 242 698; x_wconf 91' lang='lat' dir='ltr'>sapit</span> <span class='ocrx_word' id='word_1_73' title='bbox 257 643 289 684; x_wconf 90' lang='lat' dir='ltr'>ea</span> <span class='ocrx_word' id='word_1_74' title='bbox 304 645 365 700; x_wconf 87' lang='lat' dir='ltr'>quae</span> <span class='ocrx_word' id='word_1_75' title='bbox 378 628 471 685; x_wconf 89' lang='lat' dir='ltr'>camis</span> <span class='ocrx_word' id='word_1_76' title='bbox 485 635 557 697; x_wconf 89' lang='lat' dir='ltr'>suut,</span> <span class='ocrx_word' id='word_1_77' title='bbox 573 642 628 683; x_wconf 90' lang='lat' dir='ltr'>non</span> <span class='ocrx_word' id='word_1_78' title='bbox 642 635 684 683; x_wconf 89' lang='grc' dir='ltr'>εει</span> <span class='ocrx_word' id='word_1_79' title='bbox 695 627 794 696; x_wconf 87' lang='lat' dir='ltr'>justus.</span> <span class='ocrx_word' id='word_1_80' title='bbox 811 627 882 682; x_wconf 84' lang='lat' dir='ltr'>Nom</span> <span class='ocrx_word' id='word_1_81' title='bbox 903 641 974 698; x_wconf 84' lang='lat' dir='ltr'>pru-</span> <span class='ocrx_word' id='word_1_82' title='bbox 1025 637 1041 677; x_wconf 95' lang='lat' dir='ltr'>o</span> <span class='ocrx_word' id='word_1_83' title='bbox 1057 620 1181 686; x_wconf 84' lang='lat' dir='ltr'>Romani,</span> <span class='ocrx_word' id='word_1_84' title='bbox 1198 636 1257 676; x_wconf 81' lang='lat' dir='ltr'>nort</span> <span class='ocrx_word' id='word_1_85' title='bbox 1272 621 1339 676; x_wconf 83' lang='lat' dir='ltr'>ertia</span> <span class='ocrx_word' id='word_1_86' title='bbox 1349 619 1380 674; x_wconf 83' lang='lat' dir='ltr'>io</span> <span class='ocrx_word' id='word_1_87' title='bbox 1390 634 1487 685; x_wconf 82' lang='lat' dir='ltr'>corne,</span> <span class='ocrx_word' id='word_1_88' title='bbox 1503 617 1531 673; x_wconf 93' lang='lat' dir='ltr'>id</span> <span class='ocrx_word' id='word_1_89' title='bbox 1545 625 1587 674; x_wconf 98' lang='grc' dir='ltr'>εει</span> <span class='ocrx_word' id='word_1_90' title='bbox 1599 634 1654 675; x_wconf 89' lang='lat' dir='ltr'>non</span> <span class='ocrx_word' id='word_1_91' title='bbox 1664 617 1754 675; x_wconf 83' lang='lat' dir='ltr'>facitis</span> <span class='ocrx_word' id='word_1_92' title='bbox 1761 634 1834 689; x_wconf 90' lang='lat' dir='ltr'>ope·</span> 
     </span>
     <span class='ocr_line' id='line_1_7' title="bbox 172 706 1834 786; baseline -0.006 -15"><span class='ocrx_word' id='word_1_93' title='bbox 172 715 272 772; x_wconf 82' lang='lat' dir='ltr'>dontio</span> <span class='ocrx_word' id='word_1_94' title='bbox 286 719 383 774; x_wconf 84' lang='lat' dir='ltr'>cornia</span> <span class='ocrx_word' id='word_1_95' title='bbox 393 720 435 772; x_wconf 83' lang='lat' dir='ltr'>ert</span> <span class='ocrx_word' id='word_1_96' title='bbox 448 732 524 773; x_wconf 83' lang='lat' dir='ltr'>mors</span> <span class='ocrx_word' id='word_1_97' title='bbox 533 723 643 782; x_wconf 86' lang='lat' dir='ltr'>aeteme,</span> <span class='ocrx_word' id='word_1_98' title='bbox 654 714 682 769; x_wconf 89' lang='lat' dir='ltr'>id</span> <span class='ocrx_word' id='word_1_99' title='bbox 691 721 732 769; x_wconf 90' lang='lat' dir='ltr'>est</span> <span class='ocrx_word' id='word_1_100' title='bbox 741 714 840 786; x_wconf 84' lang='lat' dir='ltr'>diguus</span> <span class='ocrx_word' id='word_1_101' title='bbox 851 720 892 768; x_wconf 89' lang='lat' dir='ltr'>est</span> <span class='ocrx_word' id='word_1_102' title='bbox 901 727 975 768; x_wconf 91' lang='lat' dir='ltr'>mor·</span> <span class='ocrx_word' id='word_1_103' title='bbox 1025 727 1056 767; x_wconf 91' lang='lat' dir='ltr'>ra</span> <span class='ocrx_word' id='word_1_104' title='bbox 1070 709 1171 767; x_wconf 89' lang='lat' dir='ltr'>caruis.</span> <span class='ocrx_word' id='word_1_105' title='bbox 1198 706 1379 782; x_wconf 78' lang='lat' dir='ltr'>[Ambrosius]</span> <span class='ocrx_word' id='word_1_106' title='bbox 1394 706 1477 778; x_wconf 85' lang='lat' dir='ltr'>Quasi</span> <span class='ocrx_word' id='word_1_107' title='bbox 1492 706 1562 763; x_wconf 89' lang='lat' dir='ltr'>dicat</span> <span class='ocrx_word' id='word_1_108' title='bbox 1578 722 1585 762; x_wconf 92' lang='lat'>:</span> <span class='ocrx_word' id='word_1_109' title='bbox 1599 707 1661 763; x_wconf 90' lang='lat' dir='ltr'>Non</span> <span class='ocrx_word' id='word_1_110' title='bbox 1679 723 1732 778; x_wconf 87' lang='lat' dir='ltr'>pro</span> <span class='ocrx_word' id='word_1_111' title='bbox 1746 707 1834 762; x_wconf 78' lang='lat' dir='ltr'>vobis</span> 
     </span>
     <span class='ocr_line' id='line_1_8' title="bbox 174 793 1833 877; baseline -0.005 -18"><span class='ocrx_word' id='word_1_112' title='bbox 174 810 200 860; x_wconf 91' lang='grc' dir='ltr'>ιε</span> <span class='ocrx_word' id='word_1_113' title='bbox 218 811 329 872; x_wconf 66' lang='lat' dir='ltr'>aemma,</span> <span class='ocrx_word' id='word_1_114' title='bbox 354 805 400 877; x_wconf 88' lang='lat' dir='ltr'>qui</span> <span class='ocrx_word' id='word_1_115' title='bbox 423 805 504 862; x_wconf 87' lang='lat' dir='ltr'>habet</span> <span class='ocrx_word' id='word_1_116' title='bbox 526 803 695 876; x_wconf 78' lang='lat' dir='ltr'>prudentiam</span> <span class='ocrx_word' id='word_1_117' title='bbox 715 802 823 869; x_wconf 79' lang='lat' dir='ltr'>ccmis3</span> <span class='ocrx_word' id='word_1_118' title='bbox 839 800 910 874; x_wconf 92' lang='lat' dir='ltr'>quod</span> <span class='ocrx_word' id='word_1_119' title='bbox 934 808 975 856; x_wconf 97' lang='grc' dir='ltr'>εει</span> <span class='ocrx_word' id='word_1_120' title='bbox 1025 799 1128 856; x_wconf 90' lang='lat' dir='ltr'>dictum</span> <span class='ocrx_word' id='word_1_121' title='bbox 1141 797 1209 853; x_wconf 93' lang='lat' dir='ltr'>illud</span> <span class='ocrx_word' id='word_1_122' title='bbox 1224 805 1266 852; x_wconf 89' lang='grc' dir='ltr'>εει</span> <span class='ocrx_word' id='word_1_123' title='bbox 1280 796 1414 868; x_wconf 87' lang='lat' dir='ltr'>superius,</span> <span class='ocrx_word' id='word_1_124' title='bbox 1431 793 1557 852; x_wconf 80' lang='grc' dir='ltr'><strong>εεειεειιε</strong></span> <span class='ocrx_word' id='word_1_125' title='bbox 1571 797 1727 868; x_wconf 81' lang='lat' dir='ltr'>inspiritu,</span> <span class='ocrx_word' id='word_1_126' title='bbox 1739 795 1771 850; x_wconf 93' lang='lat' dir='ltr'>id</span> <span class='ocrx_word' id='word_1_127' title='bbox 1787 803 1833 850; x_wconf 89' lang='grc' dir='ltr'>εει</span> 
     </span>
     <span class='ocr_line' id='line_1_9' title="bbox 173 883 1832 964; baseline -0.006 -16"><span class='ocrx_word' id='word_1_128' title='bbox 173 906 234 948; x_wconf 90' lang='lat' dir='ltr'>cum</span> <span class='ocrx_word' id='word_1_129' title='bbox 250 892 390 949; x_wconf 86' lang='lat' dir='ltr'>studiosus</span> <span class='ocrx_word' id='word_1_130' title='bbox 405 887 511 964; x_wconf 87' lang='lat' dir='ltr'>&#39;implet</span> <span class='ocrx_word' id='word_1_131' title='bbox 534 909 594 964; x_wconf 86' lang='lat' dir='ltr'>quae</span> <span class='ocrx_word' id='word_1_132' title='bbox 616 891 705 946; x_wconf 88' lang='lat' dir='ltr'>carnis</span> <span class='ocrx_word' id='word_1_133' title='bbox 726 897 799 959; x_wconf 88' lang='lat' dir='ltr'>sunt,</span> <span class='ocrx_word' id='word_1_134' title='bbox 822 889 975 961; x_wconf 88' lang='lat' dir='ltr'>appetendo</span> <span class='ocrx_word' id='word_1_135' title='bbox 1025 887 1052 942; x_wconf 90' lang='lat' dir='ltr'>in</span> <span class='ocrx_word' id='word_1_136' title='bbox 1068 887 1110 942; x_wconf 94' lang='lat' dir='ltr'>his</span> <span class='ocrx_word' id='word_1_137' title='bbox 1127 903 1188 958; x_wconf 79' lang='lat' dir='ltr'>quae</span> <span class='ocrx_word' id='word_1_138' title='bbox 1202 884 1297 940; x_wconf 81' lang='lat' dir='ltr'>suadet</span> <span class='ocrx_word' id='word_1_139' title='bbox 1311 883 1390 951; x_wconf 88' lang='lat' dir='ltr'>ratio,</span> <span class='ocrx_word' id='word_1_140' title='bbox 1405 883 1443 940; x_wconf 86' lang='lat' dir='ltr'>ita</span> <span class='ocrx_word' id='word_1_141' title='bbox 1458 887 1555 940; x_wconf 81' lang='lat' dir='ltr'>tomen</span> <span class='ocrx_word' id='word_1_142' title='bbox 1569 883 1622 939; x_wconf 90' lang='lat' dir='ltr'>hoc</span> <span class='ocrx_word' id='word_1_143' title='bbox 1635 883 1707 953; x_wconf 88' lang='lat' dir='ltr'>dico,</span> <span class='ocrx_word' id='word_1_144' title='bbox 1723 884 1750 940; x_wconf 77' lang='lat' dir='ltr'>ci</span> <span class='ocrx_word' id='word_1_145' title='bbox 1763 885 1832 955; x_wconf 81' lang='lat' dir='ltr'>api-</span> 
     </span>
     <span class='ocr_line' id='line_1_10' title="bbox 174 971 1831 1053; baseline -0.004 -18"><span class='ocrx_word' id='word_1_146' title='bbox 174 979 247 1035; x_wconf 91' lang='lat' dir='ltr'>boua</span> <span class='ocrx_word' id='word_1_147' title='bbox 261 980 433 1053; x_wconf 86' lang='lat' dir='ltr'>temporalia,</span> <span class='ocrx_word' id='word_1_148' title='bbox 450 988 476 1036; x_wconf 89' lang='grc' dir='ltr'>ει</span> <span class='ocrx_word' id='word_1_149' title='bbox 496 979 626 1052; x_wconf 81' lang='lat' dir='ltr'>fugiendo</span> <span class='ocrx_word' id='word_1_150' title='bbox 640 978 730 1046; x_wconf 82' lang='lat' dir='ltr'>mala;</span> <span class='ocrx_word' id='word_1_151' title='bbox 746 986 774 1033; x_wconf 91' lang='grc' dir='ltr'>ει</span> <span class='ocrx_word' id='word_1_152' title='bbox 787 993 849 1034; x_wconf 86' lang='lat' dir='ltr'>eum</span> <span class='ocrx_word' id='word_1_153' title='bbox 864 984 975 1033; x_wconf 89' lang='lat' dir='ltr'>naturas</span> <span class='ocrx_word' id='word_1_154' title='bbox 1025 975 1100 1032; x_wconf 82' lang='lat' dir='ltr'>ritus</span> <span class='ocrx_word' id='word_1_155' title='bbox 1110 975 1161 1030; x_wconf 89' lang='lat' dir='ltr'>Dei</span> <span class='ocrx_word' id='word_1_156' title='bbox 1175 975 1287 1030; x_wconf 81' lang='lat' dir='ltr'>habitat</span> <span class='ocrx_word' id='word_1_157' title='bbox 1299 973 1330 1028; x_wconf 84' lang='lat' dir='ltr'>io</span> <span class='ocrx_word' id='word_1_158' title='bbox 1351 973 1433 1029; x_wconf 73' lang='lat' dir='ltr'>vote.</span> <span class='ocrx_word' id='word_1_159' title='bbox 1451 974 1523 1028; x_wconf 88' lang='lat' dir='ltr'>Ecce</span> <span class='ocrx_word' id='word_1_160' title='bbox 1536 973 1580 1028; x_wconf 88' lang='lat' dir='ltr'>hic</span> <span class='ocrx_word' id='word_1_161' title='bbox 1595 972 1674 1028; x_wconf 89' lang='lat' dir='ltr'>docet</span> <span class='ocrx_word' id='word_1_162' title='bbox 1686 971 1831 1043; x_wconf 84' lang='lat' dir='ltr'>quomodo</span> 
     </span>
     <span class='ocr_line' id='line_1_11' title="bbox 175 1059 1833 1140; baseline -0.005 -17"><span class='ocrx_word' id='word_1_163' title='bbox 175 1084 267 1124; x_wconf 86' lang='lat' dir='ltr'>rerum</span> <span class='ocrx_word' id='word_1_164' title='bbox 284 1077 388 1125; x_wconf 89' lang='lat' dir='ltr'>tantum</span> <span class='ocrx_word' id='word_1_165' title='bbox 413 1068 556 1140; x_wconf 60' lang='lat' dir='ltr'>aequitum</span> <span class='ocrx_word' id='word_1_166' title='bbox 571 1067 643 1139; x_wconf 89' lang='lat' dir='ltr'>quod</span> <span class='ocrx_word' id='word_1_167' title='bbox 657 1075 698 1122; x_wconf 92' lang='lat' dir='ltr'>est</span> <span class='ocrx_word' id='word_1_168' title='bbox 712 1081 798 1140; x_wconf 79' lang='lat' dir='ltr'>grave</span> <span class='ocrx_word' id='word_1_169' title='bbox 820 1074 973 1138; x_wconf 86' lang='lat' dir='ltr'>peccatum.</span> <span class='ocrx_word' id='word_1_170' title='bbox 1025 1063 1085 1135; x_wconf 85' lang='lat' dir='ltr'>quis</span> <span class='ocrx_word' id='word_1_171' title='bbox 1100 1062 1219 1118; x_wconf 89' lang='lat' dir='ltr'>ambulet</span> <span class='ocrx_word' id='word_1_172' title='bbox 1234 1061 1383 1118; x_wconf 88' lang='lat' dir='ltr'>secundum</span> <span class='ocrx_word' id='word_1_173' title='bbox 1406 1059 1541 1131; x_wconf 88' lang='lat' dir='ltr'>spiritum,</span> <span class='ocrx_word' id='word_1_174' title='bbox 1566 1059 1669 1116; x_wconf 90' lang='lat' dir='ltr'>scilicet</span> <span class='ocrx_word' id='word_1_175' title='bbox 1682 1059 1706 1114; x_wconf 93' lang='lat' dir='ltr'>si</span> <span class='ocrx_word' id='word_1_176' title='bbox 1724 1060 1833 1115; x_wconf 80' lang='lat' dir='ltr'>babeat</span> 
     </span>
     <span class='ocr_line' id='line_1_12' title="bbox 175 1147 1832 1222; baseline -0.007 -8"><span class='ocrx_word' id='word_1_177' title='bbox 175 1157 335 1214; x_wconf 75' lang='lat' dir='ltr'>Prudentia</span> <span class='ocrx_word' id='word_1_178' title='bbox 357 1160 455 1214; x_wconf 84' lang='lat' dir='ltr'>autem</span> <span class='ocrx_word' id='word_1_179' title='bbox 476 1157 539 1212; x_wconf 91' lang='lat' dir='ltr'>ideo</span> <span class='ocrx_word' id='word_1_180' title='bbox 560 1156 668 1222; x_wconf 91' lang='lat' dir='ltr'>dicitur,</span> <span class='ocrx_word' id='word_1_181' title='bbox 691 1170 752 1212; x_wconf 90' lang='lat' dir='ltr'>cum</span> <span class='ocrx_word' id='word_1_182' title='bbox 772 1171 817 1211; x_wconf 89' lang='lat' dir='ltr'>res</span> <span class='ocrx_word' id='word_1_183' title='bbox 837 1155 915 1210; x_wconf 90' lang='lat' dir='ltr'>stulta</span> <span class='ocrx_word' id='word_1_184' title='bbox 930 1153 974 1222; x_wconf 89' lang='lat' dir='ltr'>sit,</span> <span class='ocrx_word' id='word_1_185' title='bbox 1025 1151 1149 1222; x_wconf 86' lang='lat' dir='ltr'>spiritum</span> <span class='ocrx_word' id='word_1_186' title='bbox 1164 1149 1224 1206; x_wconf 89' lang='lat' dir='ltr'>Dei.</span> <span class='ocrx_word' id='word_1_187' title='bbox 1244 1150 1280 1204; x_wconf 89' lang='lat' dir='ltr'>Et</span> <span class='ocrx_word' id='word_1_188' title='bbox 1293 1157 1359 1205; x_wconf 88' lang='lat' dir='ltr'>nota</span> <span class='ocrx_word' id='word_1_189' title='bbox 1373 1149 1446 1221; x_wconf 87' lang='lat' dir='ltr'>quod</span> <span class='ocrx_word' id='word_1_190' title='bbox 1460 1148 1589 1221; x_wconf 77' lang='lat' dir='ltr'>ambigue</span> <span class='ocrx_word' id='word_1_191' title='bbox 1603 1147 1669 1202; x_wconf 86' lang='lat' dir='ltr'>dixit</span> <span class='ocrx_word' id='word_1_192' title='bbox 1681 1149 1744 1213; x_wconf 85' lang='lat' dir='ltr'>boo,</span> <span class='ocrx_word' id='word_1_193' title='bbox 1760 1149 1832 1220; x_wconf 77' lang='lat' dir='ltr'>quia</span> 
     </span>
     <span class='ocr_line' id='line_1_13' title="bbox 175 1235 1830 1315; baseline -0.002 -19"><span class='ocrx_word' id='word_1_194' title='bbox 175 1243 240 1315; x_wconf 87' lang='grc' dir='ltr'><strong>εειε</strong></span> <span class='ocrx_word' id='word_1_195' title='bbox 253 1243 289 1298; x_wconf 88' lang='lat' dir='ltr'>ita</span> <span class='ocrx_word' id='word_1_196' title='bbox 309 1243 417 1300; x_wconf 86' lang='lat' dir='ltr'>ridetur</span> <span class='ocrx_word' id='word_1_197' title='bbox 440 1244 619 1302; x_wconf 78' lang='lat' dir='ltr'>secularibus</span> <span class='ocrx_word' id='word_1_198' title='bbox 640 1243 806 1298; x_wconf 90' lang='lat' dir='ltr'>bominibus.</span> <span class='ocrx_word' id='word_1_199' title='bbox 831 1241 977 1298; x_wconf 80' lang='lat' dir='ltr'>Prudentia</span> <span class='ocrx_word' id='word_1_200' title='bbox 1025 1239 1053 1294; x_wconf 92' lang='lat' dir='ltr'>iu</span> <span class='ocrx_word' id='word_1_201' title='bbox 1068 1240 1158 1311; x_wconf 79' lang='lat' dir='ltr'>legem</span> <span class='ocrx_word' id='word_1_202' title='bbox 1177 1237 1279 1294; x_wconf 91' lang='lat' dir='ltr'>inducti</span> <span class='ocrx_word' id='word_1_203' title='bbox 1300 1236 1420 1292; x_wconf 89' lang='lat' dir='ltr'>nondum</span> <span class='ocrx_word' id='word_1_204' title='bbox 1442 1235 1571 1308; x_wconf 68' lang='lat' dir='ltr'>perlecta</span> <span class='ocrx_word' id='word_1_205' title='bbox 1594 1243 1671 1292; x_wconf 84' lang='lat' dir='ltr'>erant</span> <span class='ocrx_word' id='word_1_206' title='bbox 1685 1235 1757 1301; x_wconf 88' lang='lat' dir='ltr'>fidei,</span> <span class='ocrx_word' id='word_1_207' title='bbox 1777 1238 1830 1292; x_wconf 83' lang='lat' dir='ltr'>sed</span> 
     </span>
     <span class='ocr_line' id='line_1_14' title="bbox 176 1324 1832 1401; baseline -0.001 -19"><span class='ocrx_word' id='word_1_208' title='bbox 176 1327 268 1382; x_wconf 81' lang='lat' dir='ltr'>carnia</span> <span class='ocrx_word' id='word_1_209' title='bbox 283 1335 325 1382; x_wconf 91' lang='lat' dir='ltr'>est</span> <span class='ocrx_word' id='word_1_210' title='bbox 337 1343 420 1384; x_wconf 90' lang='lat' dir='ltr'>mors.</span> <span class='ocrx_word' id='word_1_211' title='bbox 438 1330 705 1385; x_wconf 80' lang='lat' dir='ltr'>Prudentiooutcm</span> <span class='ocrx_word' id='word_1_212' title='bbox 718 1328 919 1400; x_wconf 63' lang='lat' dir='ltr'>spiritusque</span> <span class='ocrx_word' id='word_1_213' title='bbox 934 1333 977 1381; x_wconf 90' lang='lat' dir='ltr'>est</span> <span class='ocrx_word' id='word_1_214' title='bbox 1026 1343 1090 1401; x_wconf 83' lang='lat' dir='ltr'>spes</span> <span class='ocrx_word' id='word_1_215' title='bbox 1104 1335 1145 1383; x_wconf 91' lang='lat' dir='ltr'>est</span> <span class='ocrx_word' id='word_1_216' title='bbox 1159 1325 1329 1398; x_wconf 86' lang='lat' dir='ltr'>proficiendi.</span> <span class='ocrx_word' id='word_1_217' title='bbox 1347 1327 1377 1382; x_wconf 87' lang='lat' dir='ltr'>Si</span> <span class='ocrx_word' id='word_1_218' title='bbox 1390 1325 1452 1399; x_wconf 82' lang='lat' dir='ltr'>qaia</span> <span class='ocrx_word' id='word_1_219' title='bbox 1465 1328 1573 1382; x_wconf 82' lang='lat' dir='ltr'>aciem.</span> <span class='ocrx_word' id='word_1_220' title='bbox 1589 1324 1672 1393; x_wconf 86' lang='lat' dir='ltr'>Quasi</span> <span class='ocrx_word' id='word_1_221' title='bbox 1686 1325 1758 1382; x_wconf 88' lang='lat' dir='ltr'>dicat</span> <span class='ocrx_word' id='word_1_222' title='bbox 1774 1342 1782 1381; x_wconf 93' lang='lat'>:</span> <span class='ocrx_word' id='word_1_223' title='bbox 1801 1325 1832 1380; x_wconf 86' lang='lat' dir='ltr'>st</span> 
     </span>
     <span class='ocr_line' id='line_1_15' title="bbox 175 1412 1831 1489; baseline 0.001 -19"><span class='ocrx_word' id='word_1_224' title='bbox 175 1428 235 1470; x_wconf 90' lang='lat' dir='ltr'>cum</span> <span class='ocrx_word' id='word_1_225' title='bbox 262 1415 383 1472; x_wconf 86' lang='lat' dir='ltr'>studiose</span> <span class='ocrx_word' id='word_1_226' title='bbox 407 1416 468 1488; x_wconf 91' lang='lat' dir='ltr'>quis</span> <span class='ocrx_word' id='word_1_227' title='bbox 490 1417 547 1489; x_wconf 76' lang='lat' dir='ltr'>agit</span> <span class='ocrx_word' id='word_1_228' title='bbox 565 1415 726 1488; x_wconf 87' lang='lat' dir='ltr'>spiritualia,</span> <span class='ocrx_word' id='word_1_229' title='bbox 752 1423 793 1471; x_wconf 87' lang='lat' dir='ltr'>est</span> <span class='ocrx_word' id='word_1_230' title='bbox 808 1417 877 1481; x_wconf 85' lang='lat' dir='ltr'>vito,</span> <span class='ocrx_word' id='word_1_231' title='bbox 892 1414 919 1469; x_wconf 88' lang='lat' dir='ltr'>id</span> <span class='ocrx_word' id='word_1_232' title='bbox 934 1420 977 1470; x_wconf 89' lang='lat' dir='ltr'>est</span> <span class='ocrx_word' id='word_1_233' title='bbox 1025 1416 1086 1488; x_wconf 88' lang='lat' dir='ltr'>quis</span> <span class='ocrx_word' id='word_1_234' title='bbox 1106 1415 1187 1470; x_wconf 91' lang='lat' dir='ltr'>habet</span> <span class='ocrx_word' id='word_1_235' title='bbox 1210 1413 1333 1486; x_wconf 91' lang='lat' dir='ltr'>spiritum</span> <span class='ocrx_word' id='word_1_236' title='bbox 1357 1413 1416 1480; x_wconf 86' lang='lat' dir='ltr'>Dei,</span> <span class='ocrx_word' id='word_1_237' title='bbox 1439 1419 1552 1469; x_wconf 87' lang='lat' dir='ltr'>nonest</span> <span class='ocrx_word' id='word_1_238' title='bbox 1572 1412 1702 1469; x_wconf 85' lang='lat' dir='ltr'>incarne.</span> <span class='ocrx_word' id='word_1_239' title='bbox 1719 1414 1831 1486; x_wconf 76' lang='lat' dir='ltr'>siquis</span> 
     </span>
     <span class='ocr_line' id='line_1_16' title="bbox 175 1500 1830 1578; baseline -0.001 -20"><span class='ocrx_word' id='word_1_240' title='bbox 175 1517 257 1558; x_wconf 88' lang='lat' dir='ltr'>causa</span> <span class='ocrx_word' id='word_1_241' title='bbox 271 1503 333 1560; x_wconf 88' lang='lat' dir='ltr'>vitae</span> <span class='ocrx_word' id='word_1_242' title='bbox 347 1505 375 1559; x_wconf 94' lang='lat' dir='ltr'>in</span> <span class='ocrx_word' id='word_1_243' title='bbox 387 1504 487 1572; x_wconf 78' lang='lat' dir='ltr'>futuro,</span> <span class='ocrx_word' id='word_1_244' title='bbox 504 1508 533 1560; x_wconf 85' lang='lat' dir='ltr'>ct</span> <span class='ocrx_word' id='word_1_245' title='bbox 551 1504 596 1561; x_wconf 91' lang='lat' dir='ltr'>bic</span> <span class='ocrx_word' id='word_1_246' title='bbox 610 1521 670 1578; x_wconf 78' lang='lat' dir='ltr'>pon</span> <span class='ocrx_word' id='word_1_247' title='bbox 685 1504 792 1572; x_wconf 87' lang='lat' dir='ltr'>mentia,</span> <span class='ocrx_word' id='word_1_248' title='bbox 810 1503 853 1560; x_wconf 89' lang='lat' dir='ltr'>val</span> <span class='ocrx_word' id='word_1_249' title='bbox 867 1511 909 1559; x_wconf 89' lang='grc' dir='ltr'>εει</span> <span class='ocrx_word' id='word_1_250' title='bbox 922 1501 976 1558; x_wconf 90' lang='lat' dir='ltr'>vita</span> <span class='ocrx_word' id='word_1_251' title='bbox 1026 1509 1123 1561; x_wconf 85' lang='lat' dir='ltr'>cutem</span> <span class='ocrx_word' id='word_1_252' title='bbox 1137 1521 1195 1562; x_wconf 85' lang='lat' dir='ltr'>non</span> <span class='ocrx_word' id='word_1_253' title='bbox 1209 1503 1292 1560; x_wconf 79' lang='lat' dir='ltr'>tutet</span> <span class='ocrx_word' id='word_1_254' title='bbox 1304 1503 1440 1574; x_wconf 72' lang='lat' dir='ltr'>spiritam</span> <span class='ocrx_word' id='word_1_255' title='bbox 1456 1500 1570 1570; x_wconf 80' lang='lat' dir='ltr'>Christi,</span> <span class='ocrx_word' id='word_1_256' title='bbox 1586 1501 1614 1556; x_wconf 90' lang='lat' dir='ltr'>id</span> <span class='ocrx_word' id='word_1_257' title='bbox 1628 1509 1670 1558; x_wconf 88' lang='grc' dir='ltr'>εει</span> <span class='ocrx_word' id='word_1_258' title='bbox 1684 1501 1746 1566; x_wconf 89' lang='lat' dir='ltr'>Dei,</span> <span class='ocrx_word' id='word_1_259' title='bbox 1762 1502 1830 1573; x_wconf 84' lang='lat' dir='ltr'>qnia</span> 
     </span>
     <span class='ocr_line' id='line_1_17' title="bbox 176 1588 1830 1684; baseline 0 -38"><span class='ocrx_word' id='word_1_260' title='bbox 176 1597 203 1646; x_wconf 93' lang='lat' dir='ltr'>et</span> <span class='ocrx_word' id='word_1_261' title='bbox 216 1606 280 1661; x_wconf 88' lang='lat' dir='ltr'>pax,</span> <span class='ocrx_word' id='word_1_262' title='bbox 296 1591 325 1647; x_wconf 91' lang='lat' dir='ltr'>id</span> <span class='ocrx_word' id='word_1_263' title='bbox 339 1600 381 1648; x_wconf 89' lang='lat' dir='ltr'>est</span> <span class='ocrx_word' id='word_1_264' title='bbox 394 1593 449 1648; x_wconf 88' lang='lat' dir='ltr'>rita</span> <span class='ocrx_word' id='word_1_265' title='bbox 463 1607 602 1664; x_wconf 86' lang='lat' dir='ltr'>cumpace</span> <span class='ocrx_word' id='word_1_266' title='bbox 617 1609 678 1665; x_wconf 81' lang='lat' dir='ltr'>quse</span> <span class='ocrx_word' id='word_1_267' title='bbox 692 1591 745 1648; x_wconf 91' lang='lat' dir='ltr'>erit</span> <span class='ocrx_word' id='word_1_268' title='bbox 753 1592 780 1646; x_wconf 94' lang='lat' dir='ltr'>in</span> <span class='ocrx_word' id='word_1_269' title='bbox 794 1590 893 1648; x_wconf 82' lang='lat' dir='ltr'>tuturo.</span> <span class='ocrx_word' id='word_1_270' title='bbox 904 1592 974 1646; x_wconf 86' lang='lat' dir='ltr'>Verc</span> <span class='ocrx_word' id='word_1_271' title='bbox 989 1592 1106 1684; x_wconf 80' lang='lat' dir='ltr'>Batiam</span> <span class='ocrx_word' id='word_1_272' title='bbox 1120 1592 1194 1648; x_wconf 89' lang='lat' dir='ltr'>idem</span> <span class='ocrx_word' id='word_1_273' title='bbox 1216 1598 1258 1646; x_wconf 93' lang='lat' dir='ltr'>est</span> <span class='ocrx_word' id='word_1_274' title='bbox 1282 1589 1392 1662; x_wconf 91' lang='lat' dir='ltr'>spiritus</span> <span class='ocrx_word' id='word_1_275' title='bbox 1414 1588 1465 1645; x_wconf 90' lang='lat' dir='ltr'>Dei</span> <span class='ocrx_word' id='word_1_276' title='bbox 1490 1596 1516 1644; x_wconf 89' lang='lat' dir='ltr'>et</span> <span class='ocrx_word' id='word_1_277' title='bbox 1530 1588 1639 1660; x_wconf 81' lang='lat' dir='ltr'>spiritua</span> <span class='ocrx_word' id='word_1_278' title='bbox 1653 1589 1763 1654; x_wconf 88' lang='lat' dir='ltr'>Christi,</span> <span class='ocrx_word' id='word_1_279' title='bbox 1781 1591 1830 1646; x_wconf 84' lang='lat' dir='ltr'>hio</span> 
     </span>
     <span class='ocr_line' id='line_1_18' title="bbox 176 1677 1833 1754; baseline 0 -20"><span class='ocrx_word' id='word_1_280' title='bbox 176 1679 321 1751; x_wconf 87' lang='lat' dir='ltr'>prudentia</span> <span class='ocrx_word' id='word_1_281' title='bbox 345 1681 434 1737; x_wconf 73' lang='lat' dir='ltr'>mmis</span> <span class='ocrx_word' id='word_1_282' title='bbox 455 1688 496 1737; x_wconf 91' lang='lat' dir='ltr'>est</span> <span class='ocrx_word' id='word_1_283' title='bbox 516 1697 602 1748; x_wconf 91' lang='lat' dir='ltr'>mors,</span> <span class='ocrx_word' id='word_1_284' title='bbox 627 1682 694 1754; x_wconf 82' lang='lat' dir='ltr'>quio</span> <span class='ocrx_word' id='word_1_285' title='bbox 714 1681 856 1754; x_wconf 78' lang='lat' dir='ltr'>rapientia</span> <span class='ocrx_word' id='word_1_286' title='bbox 866 1682 974 1748; x_wconf 84' lang='lat' dir='ltr'>cornia,</span> <span class='ocrx_word' id='word_1_287' title='bbox 1027 1698 1086 1738; x_wconf 80' lang='lat' dir='ltr'>nort</span> <span class='ocrx_word' id='word_1_288' title='bbox 1100 1685 1142 1738; x_wconf 81' lang='lat' dir='ltr'>est</span> <span class='ocrx_word' id='word_1_289' title='bbox 1157 1682 1227 1752; x_wconf 81' lang='lat' dir='ltr'>ejrcr,</span> <span class='ocrx_word' id='word_1_290' title='bbox 1243 1679 1322 1736; x_wconf 88' lang='lat' dir='ltr'>idest</span> <span class='ocrx_word' id='word_1_291' title='bbox 1335 1677 1434 1734; x_wconf 82' lang='lat' dir='ltr'>Christi</span> <span class='ocrx_word' id='word_1_292' title='bbox 1446 1678 1609 1734; x_wconf 82' lang='lat' dir='ltr'>membrum.</span> <span class='ocrx_word' id='word_1_293' title='bbox 1620 1678 1776 1734; x_wconf 86' lang='lat' dir='ltr'>Ecceunde</span> <span class='ocrx_word' id='word_1_294' title='bbox 1787 1687 1833 1734; x_wconf 88' lang='grc' dir='ltr'>εει</span> 
     </span>
     <span class='ocr_line' id='line_1_19' title="bbox 180 1765 1831 1840; baseline 0.001 -20"><span class='ocrx_word' id='word_1_295' title='bbox 180 1766 284 1824; x_wconf 85' lang='grc' dir='ltr'><strong>εειιιεει</strong></span> <span class='ocrx_word' id='word_1_296' title='bbox 307 1783 366 1840; x_wconf 89' lang='lat' dir='ltr'>quaa</span> <span class='ocrx_word' id='word_1_297' title='bbox 385 1770 454 1825; x_wconf 91' lang='lat' dir='ltr'>adeo</span> <span class='ocrx_word' id='word_1_298' title='bbox 471 1769 585 1825; x_wconf 87' lang='lat' dir='ltr'>intendit</span> <span class='ocrx_word' id='word_1_299' title='bbox 607 1769 772 1836; x_wconf 89' lang='lat' dir='ltr'>carnalibus,</span> <span class='ocrx_word' id='word_1_300' title='bbox 791 1769 911 1825; x_wconf 83' lang='lat' dir='ltr'>inimico</span> <span class='ocrx_word' id='word_1_301' title='bbox 936 1773 979 1826; x_wconf 86' lang='lat' dir='ltr'>cst</span> <span class='ocrx_word' id='word_1_302' title='bbox 1027 1769 1179 1826; x_wconf 88' lang='lat' dir='ltr'>secundum</span> <span class='ocrx_word' id='word_1_303' title='bbox 1202 1783 1315 1826; x_wconf 87' lang='lat' dir='ltr'>caruem</span> <span class='ocrx_word' id='word_1_304' title='bbox 1337 1766 1485 1833; x_wconf 87' lang='lat' dir='ltr'>ambulare,</span> <span class='ocrx_word' id='word_1_305' title='bbox 1510 1781 1544 1820; x_wconf 86' lang='lat' dir='ltr'>ex</span> <span class='ocrx_word' id='word_1_306' title='bbox 1570 1781 1604 1821; x_wconf 89' lang='lat' dir='ltr'>eo</span> <span class='ocrx_word' id='word_1_307' title='bbox 1626 1765 1729 1822; x_wconf 88' lang='lat' dir='ltr'>scilicet</span> <span class='ocrx_word' id='word_1_308' title='bbox 1754 1767 1831 1838; x_wconf 83' lang='lat' dir='ltr'>quod</span> 
     </span>
     <span class='ocr_line' id='line_1_20' title="bbox 177 1853 1833 1930; baseline -0.001 -19"><span class='ocrx_word' id='word_1_309' title='bbox 177 1854 243 1924; x_wconf 85' lang='lat' dir='ltr'>Deo,</span> <span class='ocrx_word' id='word_1_310' title='bbox 259 1855 287 1910; x_wconf 91' lang='lat' dir='ltr'>id</span> <span class='ocrx_word' id='word_1_311' title='bbox 310 1865 352 1912; x_wconf 90' lang='lat' dir='ltr'>est</span> <span class='ocrx_word' id='word_1_312' title='bbox 376 1857 423 1930; x_wconf 89' lang='lat' dir='ltr'>qui</span> <span class='ocrx_word' id='word_1_313' title='bbox 445 1858 516 1929; x_wconf 90' lang='lat' dir='ltr'>sapit</span> <span class='ocrx_word' id='word_1_314' title='bbox 538 1857 689 1914; x_wconf 90' lang='lat' dir='ltr'>seeundum</span> <span class='ocrx_word' id='word_1_315' title='bbox 711 1873 830 1924; x_wconf 90' lang='lat' dir='ltr'>caruem,</span> <span class='ocrx_word' id='word_1_316' title='bbox 853 1855 978 1913; x_wconf 88' lang='lat' dir='ltr'>inimicus</span> <span class='ocrx_word' id='word_1_317' title='bbox 1028 1858 1088 1930; x_wconf 90' lang='lat' dir='ltr'>quis</span> <span class='ocrx_word' id='word_1_318' title='bbox 1104 1873 1159 1914; x_wconf 93' lang='lat' dir='ltr'>non</span> <span class='ocrx_word' id='word_1_319' title='bbox 1174 1857 1256 1913; x_wconf 86' lang='lat' dir='ltr'>habet</span> <span class='ocrx_word' id='word_1_320' title='bbox 1280 1855 1402 1927; x_wconf 89' lang='lat' dir='ltr'>spiritum</span> <span class='ocrx_word' id='word_1_321' title='bbox 1416 1853 1527 1921; x_wconf 87' lang='lat' dir='ltr'>Christi,</span> <span class='ocrx_word' id='word_1_322' title='bbox 1543 1853 1616 1925; x_wconf 88' lang='lat' dir='ltr'>quod</span> <span class='ocrx_word' id='word_1_323' title='bbox 1628 1863 1670 1910; x_wconf 91' lang='grc' dir='ltr'>εει</span> <span class='ocrx_word' id='word_1_324' title='bbox 1683 1855 1750 1909; x_wconf 90' lang='lat' dir='ltr'>dum</span> <span class='ocrx_word' id='word_1_325' title='bbox 1762 1855 1833 1912; x_wconf 84' lang='lat' dir='ltr'>virit</span> 
     </span>
     <span class='ocr_line' id='line_1_21' title="bbox 179 1942 1831 2018; baseline -0.001 -19"><span class='ocrx_word' id='word_1_326' title='bbox 179 1950 221 1999; x_wconf 91' lang='lat' dir='ltr'>est</span> <span class='ocrx_word' id='word_1_327' title='bbox 244 1944 313 2014; x_wconf 90' lang='lat' dir='ltr'>Deo,</span> <span class='ocrx_word' id='word_1_328' title='bbox 336 1961 417 2017; x_wconf 89' lang='lat' dir='ltr'>quem</span> <span class='ocrx_word' id='word_1_329' title='bbox 431 1946 483 2001; x_wconf 91' lang='lat' dir='ltr'>sibi</span> <span class='ocrx_word' id='word_1_330' title='bbox 505 1944 586 2001; x_wconf 86' lang='lat' dir='ltr'>tinem</span> <span class='ocrx_word' id='word_1_331' title='bbox 610 1961 665 2002; x_wconf 92' lang='lat' dir='ltr'>non</span> <span class='ocrx_word' id='word_1_332' title='bbox 685 1945 832 2012; x_wconf 89' lang='lat' dir='ltr'>constituit,</span> <span class='ocrx_word' id='word_1_333' title='bbox 857 1945 901 2001; x_wconf 84' lang='lat' dir='ltr'>rel</span> <span class='ocrx_word' id='word_1_334' title='bbox 916 1945 978 2018; x_wconf 86' lang='lat' dir='ltr'>quia</span> <span class='ocrx_word' id='word_1_335' title='bbox 1027 1945 1176 2003; x_wconf 87' lang='lat' dir='ltr'>secundum</span> <span class='ocrx_word' id='word_1_336' title='bbox 1192 1960 1302 2001; x_wconf 86' lang='lat' dir='ltr'>sensum</span> <span class='ocrx_word' id='word_1_337' title='bbox 1325 1943 1426 2010; x_wconf 86' lang='lat' dir='ltr'>camis,</span> <span class='ocrx_word' id='word_1_338' title='bbox 1447 1942 1490 1998; x_wconf 91' lang='lat' dir='ltr'>rel</span> <span class='ocrx_word' id='word_1_339' title='bbox 1504 1942 1653 2000; x_wconf 89' lang='lat' dir='ltr'>secundum</span> <span class='ocrx_word' id='word_1_340' title='bbox 1666 1949 1748 2016; x_wconf 74' lang='lat' dir='ltr'>gesta</span> <span class='ocrx_word' id='word_1_341' title='bbox 1761 1959 1831 2000; x_wconf 88' lang='lat' dir='ltr'>car-</span> 
     </span>
     <span class='ocr_line' id='line_1_22' title="bbox 175 2030 1831 2105; baseline 0.001 -19"><span class='ocrx_word' id='word_1_342' title='bbox 175 2030 213 2086; x_wconf 92' lang='lat' dir='ltr'>nil</span> <span class='ocrx_word' id='word_1_343' title='bbox 227 2039 301 2103; x_wconf 89' lang='lat' dir='ltr'>putat</span> <span class='ocrx_word' id='word_1_344' title='bbox 323 2034 410 2089; x_wconf 89' lang='lat' dir='ltr'>Deum</span> <span class='ocrx_word' id='word_1_345' title='bbox 430 2049 512 2105; x_wconf 86' lang='lat' dir='ltr'>posse</span> <span class='ocrx_word' id='word_1_346' title='bbox 526 2041 627 2105; x_wconf 79' lang='lat' dir='ltr'>praeter</span> <span class='ocrx_word' id='word_1_347' title='bbox 640 2033 715 2105; x_wconf 87' lang='lat' dir='ltr'>quod</span> <span class='ocrx_word' id='word_1_348' title='bbox 728 2033 756 2088; x_wconf 93' lang='lat' dir='ltr'>iu</span> <span class='ocrx_word' id='word_1_349' title='bbox 771 2033 874 2088; x_wconf 85' lang='lat' dir='ltr'>naturis</span> <span class='ocrx_word' id='word_1_350' title='bbox 887 2049 978 2090; x_wconf 89' lang='lat' dir='ltr'>rerum</span> <span class='ocrx_word' id='word_1_351' title='bbox 1027 2035 1080 2101; x_wconf 88' lang='lat' dir='ltr'>uis,</span> <span class='ocrx_word' id='word_1_352' title='bbox 1095 2034 1180 2090; x_wconf 83' lang='lat' dir='ltr'>idest</span> <span class='ocrx_word' id='word_1_353' title='bbox 1195 2034 1260 2088; x_wconf 91' lang='lat' dir='ltr'>dum</span> <span class='ocrx_word' id='word_1_354' title='bbox 1274 2040 1364 2090; x_wconf 89' lang='lat' dir='ltr'>mente</span> <span class='ocrx_word' id='word_1_355' title='bbox 1375 2031 1509 2088; x_wconf 87' lang='lat' dir='ltr'>consentit</span> <span class='ocrx_word' id='word_1_356' title='bbox 1523 2030 1608 2100; x_wconf 87' lang='lat' dir='ltr'>corni,</span> <span class='ocrx_word' id='word_1_357' title='bbox 1624 2031 1668 2087; x_wconf 88' lang='lat' dir='ltr'>rel</span> <span class='ocrx_word' id='word_1_358' title='bbox 1683 2032 1743 2100; x_wconf 77' lang='lat' dir='ltr'>cius</span> <span class='ocrx_word' id='word_1_359' title='bbox 1757 2047 1831 2103; x_wconf 89' lang='lat' dir='ltr'>ope-</span> 
     </span>
     <span class='ocr_line' id='line_1_23' title="bbox 182 2118 1830 2196; baseline 0.002 -22"><span class='ocrx_word' id='word_1_360' title='bbox 182 2118 288 2176; x_wconf 82' lang='lat' dir='ltr'>ridetur</span> <span class='ocrx_word' id='word_1_361' title='bbox 302 2120 493 2196; x_wconf 74' lang='lat' dir='ltr'>[Ambrosius]¹</span> <span class='ocrx_word' id='word_1_362' title='bbox 515 2123 551 2178; x_wconf 88' lang='grc' dir='ltr'>Ει</span> <span class='ocrx_word' id='word_1_363' title='bbox 572 2139 637 2179; x_wconf 87' lang='lat' dir='ltr'>rere</span> <span class='ocrx_word' id='word_1_364' title='bbox 659 2121 769 2178; x_wconf 90' lang='lat' dir='ltr'>inimica</span> <span class='ocrx_word' id='word_1_365' title='bbox 783 2130 824 2177; x_wconf 89' lang='lat' dir='ltr'>est</span> <span class='ocrx_word' id='word_1_366' title='bbox 838 2123 907 2188; x_wconf 89' lang='lat' dir='ltr'>Deo,</span> <span class='ocrx_word' id='word_1_367' title='bbox 924 2123 979 2194; x_wconf 74' lang='lat' dir='ltr'>ispi</span> <span class='ocrx_word' id='word_1_368' title='bbox 1028 2140 1056 2178; x_wconf 92' lang='lat' dir='ltr'>ra</span> <span class='ocrx_word' id='word_1_369' title='bbox 1070 2131 1160 2179; x_wconf 91' lang='lat' dir='ltr'>actum</span> <span class='ocrx_word' id='word_1_370' title='bbox 1175 2122 1276 2193; x_wconf 87' lang='lat' dir='ltr'>explet.</span> <span class='ocrx_word' id='word_1_371' title='bbox 1300 2119 1455 2177; x_wconf 89' lang='lat' dir='ltr'>Secundum</span> <span class='ocrx_word' id='word_1_372' title='bbox 1479 2135 1540 2192; x_wconf 76' lang='lat' dir='ltr'>quae</span> <span class='ocrx_word' id='word_1_373' title='bbox 1560 2119 1615 2175; x_wconf 90' lang='lat' dir='ltr'>duo</span> <span class='ocrx_word' id='word_1_374' title='bbox 1630 2136 1711 2191; x_wconf 88' lang='lat' dir='ltr'>supra</span> <span class='ocrx_word' id='word_1_375' title='bbox 1725 2120 1830 2177; x_wconf 88' lang='lat' dir='ltr'>distin·</span> 
     </span>
     <span class='ocr_line' id='line_1_24' title="bbox 177 2208 1830 2283; baseline -0.001 -19"><span class='ocrx_word' id='word_1_376' title='bbox 177 2208 255 2264; x_wconf 83' lang='lat' dir='ltr'>enim</span> <span class='ocrx_word' id='word_1_377' title='bbox 269 2211 320 2268; x_wconf 84' lang='lat' dir='ltr'>Dei</span> <span class='ocrx_word' id='word_1_378' title='bbox 331 2227 388 2267; x_wconf 81' lang='lat' dir='ltr'>noc</span> <span class='ocrx_word' id='word_1_379' title='bbox 398 2213 584 2283; x_wconf 82' lang='lat' dir='ltr'>estaubjccto,</span> <span class='ocrx_word' id='word_1_380' title='bbox 597 2211 702 2269; x_wconf 89' lang='lat' dir='ltr'>scilicet</span> <span class='ocrx_word' id='word_1_381' title='bbox 711 2210 978 2282; x_wconf 86' lang='lat' dir='ltr'>eapieussecundum</span> <span class='ocrx_word' id='word_1_382' title='bbox 1028 2219 1100 2268; x_wconf 88' lang='lat' dir='ltr'>ctum</span> <span class='ocrx_word' id='word_1_383' title='bbox 1117 2219 1168 2277; x_wconf 88' lang='lat' dir='ltr'>est,</span> <span class='ocrx_word' id='word_1_384' title='bbox 1183 2209 1255 2266; x_wconf 89' lang='lat' dir='ltr'>inter</span> <span class='ocrx_word' id='word_1_385' title='bbox 1269 2209 1407 2266; x_wconf 85' lang='lat' dir='ltr'>ambulare</span> <span class='ocrx_word' id='word_1_386' title='bbox 1421 2208 1572 2266; x_wconf 89' lang='lat' dir='ltr'>secuudum</span> <span class='ocrx_word' id='word_1_387' title='bbox 1586 2223 1705 2275; x_wconf 88' lang='lat' dir='ltr'>caruem,</span> <span class='ocrx_word' id='word_1_388' title='bbox 1721 2217 1750 2264; x_wconf 89' lang='lat' dir='ltr'>et</span> <span class='ocrx_word' id='word_1_389' title='bbox 1764 2225 1830 2266; x_wconf 85' lang='lat' dir='ltr'>esse</span> 
     </span>
     <span class='ocr_line' id='line_1_25' title="bbox 178 2295 1829 2370; baseline -0.001 -16"><span class='ocrx_word' id='word_1_390' title='bbox 178 2310 298 2366; x_wconf 76' lang='lat' dir='ltr'>carnem,</span> <span class='ocrx_word' id='word_1_391' title='bbox 315 2298 394 2354; x_wconf 92' lang='lat' dir='ltr'>bonis</span> <span class='ocrx_word' id='word_1_392' title='bbox 410 2299 623 2357; x_wconf 88' lang='lat' dir='ltr'>institutionibus</span> <span class='ocrx_word' id='word_1_393' title='bbox 636 2300 687 2356; x_wconf 89' lang='lat' dir='ltr'>Dei</span> <span class='ocrx_word' id='word_1_394' title='bbox 710 2314 765 2355; x_wconf 90' lang='lat' dir='ltr'>non</span> <span class='ocrx_word' id='word_1_395' title='bbox 785 2299 878 2354; x_wconf 89' lang='lat' dir='ltr'>obedit</span> <span class='ocrx_word' id='word_1_396' title='bbox 891 2301 977 2370; x_wconf 75' lang='lat'>(230).</span> <span class='ocrx_word' id='word_1_397' title='bbox 1028 2299 1178 2356; x_wconf 87' lang='lat' dir='ltr'>secundum</span> <span class='ocrx_word' id='word_1_398' title='bbox 1192 2313 1311 2356; x_wconf 88' lang='lat' dir='ltr'>caruem.</span> <span class='ocrx_word' id='word_1_399' title='bbox 1328 2298 1358 2354; x_wconf 87' lang='lat' dir='ltr'>st</span> <span class='ocrx_word' id='word_1_400' title='bbox 1372 2300 1480 2354; x_wconf 84' lang='lat' dir='ltr'>oatcm.</span> <span class='ocrx_word' id='word_1_401' title='bbox 1496 2295 1580 2365; x_wconf 81' lang='lat' dir='ltr'>Quasi</span> <span class='ocrx_word' id='word_1_402' title='bbox 1593 2296 1664 2353; x_wconf 89' lang='lat' dir='ltr'>dicat</span> <span class='ocrx_word' id='word_1_403' title='bbox 1680 2315 1687 2352; x_wconf 93' lang='lat'><strong>:</strong></span> <span class='ocrx_word' id='word_1_404' title='bbox 1703 2295 1757 2367; x_wconf 84' lang='lat' dir='ltr'>Qui</span> <span class='ocrx_word' id='word_1_405' title='bbox 1771 2314 1829 2354; x_wconf 90' lang='lat' dir='ltr'>non</span> 
     </span>
     <span class='ocr_line' id='line_1_26' title="bbox 177 2384 1829 2459; baseline 0.002 -19"><span class='ocrx_word' id='word_1_406' title='bbox 177 2384 249 2440; x_wconf 89' lang='lat' dir='ltr'>Nota</span> <span class='ocrx_word' id='word_1_407' title='bbox 263 2387 336 2459; x_wconf 85' lang='lat' dir='ltr'>quod</span> <span class='ocrx_word' id='word_1_408' title='bbox 351 2390 409 2444; x_wconf 81' lang='lat' dir='ltr'>haec</span> <span class='ocrx_word' id='word_1_409' title='bbox 416 2389 585 2445; x_wconf 77' lang='lat' dir='ltr'>numerando</span> <span class='ocrx_word' id='word_1_410' title='bbox 595 2390 714 2445; x_wconf 88' lang='lat' dir='ltr'>deterret</span> <span class='ocrx_word' id='word_1_411' title='bbox 723 2404 738 2443; x_wconf 88' lang='lat' dir='ltr'>a</span> <span class='ocrx_word' id='word_1_412' title='bbox 747 2388 838 2445; x_wconf 85' lang='lat' dir='ltr'>carnis</span> <span class='ocrx_word' id='word_1_413' title='bbox 848 2387 979 2444; x_wconf 85' lang='lat' dir='ltr'>obedian-</span> <span class='ocrx_word' id='word_1_414' title='bbox 1028 2389 1112 2444; x_wconf 88' lang='lat' dir='ltr'>habet</span> <span class='ocrx_word' id='word_1_415' title='bbox 1126 2387 1249 2459; x_wconf 89' lang='lat' dir='ltr'>spiritum</span> <span class='ocrx_word' id='word_1_416' title='bbox 1263 2385 1372 2450; x_wconf 84' lang='lat' dir='ltr'>Christi,</span> <span class='ocrx_word' id='word_1_417' title='bbox 1387 2392 1496 2441; x_wconf 89' lang='lat' dir='ltr'>nonest</span> <span class='ocrx_word' id='word_1_418' title='bbox 1511 2385 1578 2454; x_wconf 86' lang='lat' dir='ltr'>ejus,</span> <span class='ocrx_word' id='word_1_419' title='bbox 1595 2385 1644 2442; x_wconf 89' lang='lat' dir='ltr'>sed</span> <span class='ocrx_word' id='word_1_420' title='bbox 1658 2385 1684 2442; x_wconf 85' lang='lat' dir='ltr'>ai</span> <span class='ocrx_word' id='word_1_421' title='bbox 1699 2384 1829 2443; x_wconf 78' lang='lat' dir='ltr'>Christos</span> 
     </span>
     <span class='ocr_line' id='line_1_27' title="bbox 177 2471 1828 2550; baseline 0.002 -22"><span class='ocrx_word' id='word_1_422' title='bbox 177 2471 222 2542; x_wconf 81' lang='lat' dir='ltr'>tia,</span> <span class='ocrx_word' id='word_1_423' title='bbox 238 2481 265 2529; x_wconf 93' lang='lat' dir='ltr'>et</span> <span class='ocrx_word' id='word_1_424' title='bbox 278 2491 404 2532; x_wconf 84' lang='lat' dir='ltr'>rerenou</span> <span class='ocrx_word' id='word_1_425' title='bbox 414 2485 456 2533; x_wconf 89' lang='grc' dir='ltr'>εει</span> <span class='ocrx_word' id='word_1_426' title='bbox 465 2478 588 2546; x_wconf 87' lang='lat' dir='ltr'>subjecta</span> <span class='ocrx_word' id='word_1_427' title='bbox 604 2477 728 2550; x_wconf 83' lang='lat' dir='ltr'>legiDei,</span> <span class='ocrx_word' id='word_1_428' title='bbox 737 2493 789 2534; x_wconf 82' lang='lat' dir='ltr'>nco</span> <span class='ocrx_word' id='word_1_429' title='bbox 799 2479 877 2533; x_wconf 83' lang='lat' dir='ltr'>enim</span> <span class='ocrx_word' id='word_1_430' title='bbox 886 2480 979 2548; x_wconf 83' lang='lat' dir='ltr'>potest</span> <span class='ocrx_word' id='word_1_431' title='bbox 1028 2479 1060 2534; x_wconf 83' lang='lat' dir='ltr'>irc</span> <span class='ocrx_word' id='word_1_432' title='bbox 1074 2477 1146 2534; x_wconf 79' lang='lat' dir='ltr'>uobis</span> <span class='ocrx_word' id='word_1_433' title='bbox 1160 2479 1212 2541; x_wconf 82' lang='lat' dir='ltr'>cat,</span> <span class='ocrx_word' id='word_1_434' title='bbox 1224 2473 1270 2547; x_wconf 88' lang='lat' dir='ltr'>qui</span> <span class='ocrx_word' id='word_1_435' title='bbox 1284 2482 1326 2530; x_wconf 87' lang='lat' dir='ltr'>est</span> <span class='ocrx_word' id='word_1_436' title='bbox 1341 2473 1413 2530; x_wconf 91' lang='lat' dir='ltr'>idem</span> <span class='ocrx_word' id='word_1_437' title='bbox 1427 2489 1489 2531; x_wconf 86' lang='lat' dir='ltr'>oum</span> <span class='ocrx_word' id='word_1_438' title='bbox 1507 2472 1609 2544; x_wconf 87' lang='lat' dir='ltr'>Spiritu</span> <span class='ocrx_word' id='word_1_439' title='bbox 1625 2481 1729 2530; x_wconf 88' lang='lat' dir='ltr'>sancto.</span> <span class='ocrx_word' id='word_1_440' title='bbox 1746 2473 1828 2543; x_wconf 86' lang='lat' dir='ltr'>Quod</span> 
     </span>
     <span class='ocr_line' id='line_1_28' title="bbox 129 2561 1828 2644; baseline 0.003 -29"><span class='ocrx_word' id='word_1_441' title='bbox 129 2637 135 2644; x_wconf 28' lang='grc' dir='ltr'>ι</span> <span class='ocrx_word' id='word_1_442' title='bbox 177 2574 239 2617; x_wconf 88' lang='grc' dir='ltr'><strong>εεεε</strong></span> <span class='ocrx_word' id='word_1_443' title='bbox 254 2563 385 2632; x_wconf 84' lang='lat' dir='ltr'>subjecta.</span> <span class='ocrx_word' id='word_1_444' title='bbox 406 2564 477 2634; x_wconf 85' lang='lat' dir='ltr'>Quid</span> <span class='ocrx_word' id='word_1_445' title='bbox 500 2572 609 2622; x_wconf 91' lang='lat' dir='ltr'>estnon</span> <span class='ocrx_word' id='word_1_446' title='bbox 629 2565 741 2637; x_wconf 77' lang='lat' dir='ltr'>potest?</span> <span class='ocrx_word' id='word_1_447' title='bbox 753 2564 815 2620; x_wconf 89' lang='lat' dir='ltr'>Non</span> <span class='ocrx_word' id='word_1_448' title='bbox 831 2566 911 2620; x_wconf 91' lang='lat' dir='ltr'>homo</span> <span class='ocrx_word' id='word_1_449' title='bbox 925 2581 979 2636; x_wconf 89' lang='lat' dir='ltr'>po·</span> <span class='ocrx_word' id='word_1_450' title='bbox 1029 2573 1071 2622; x_wconf 90' lang='lat' dir='ltr'>est</span> <span class='ocrx_word' id='word_1_451' title='bbox 1095 2563 1185 2622; x_wconf 84' lang='lat' dir='ltr'>dicere</span> <span class='ocrx_word' id='word_1_452' title='bbox 1202 2563 1253 2620; x_wconf 91' lang='lat' dir='ltr'>:Si</span> <span class='ocrx_word' id='word_1_453' title='bbox 1272 2563 1382 2635; x_wconf 88' lang='lat' dir='ltr'>spiritus</span> <span class='ocrx_word' id='word_1_454' title='bbox 1405 2562 1505 2618; x_wconf 86' lang='lat' dir='ltr'>Christi</span> <span class='ocrx_word' id='word_1_455' title='bbox 1524 2561 1552 2616; x_wconf 90' lang='lat' dir='ltr'>iu</span> <span class='ocrx_word' id='word_1_456' title='bbox 1566 2563 1709 2630; x_wconf 67' lang='lat' dir='ltr'>vellicant,</span> <span class='ocrx_word' id='word_1_457' title='bbox 1724 2580 1828 2636; x_wconf 72' lang='lat' dir='ltr'>corpor</span> 
     </span>
     <span class='ocr_line' id='line_1_29' title="bbox 177 2649 1826 2728; baseline 0.004 -26"><span class='ocrx_word' id='word_1_458' title='bbox 177 2649 251 2703; x_wconf 80' lang='lat' dir='ltr'>testi</span> <span class='ocrx_word' id='word_1_459' title='bbox 264 2665 320 2706; x_wconf 92' lang='lat' dir='ltr'>non</span> <span class='ocrx_word' id='word_1_460' title='bbox 342 2652 432 2708; x_wconf 89' lang='lat' dir='ltr'>anima</span> <span class='ocrx_word' id='word_1_461' title='bbox 453 2653 566 2724; x_wconf 81' lang='lat' dir='ltr'>potest?</span> <span class='ocrx_word' id='word_1_462' title='bbox 585 2669 640 2709; x_wconf 93' lang='lat' dir='ltr'>nou</span> <span class='ocrx_word' id='word_1_463' title='bbox 664 2653 724 2724; x_wconf 87' lang='lat' dir='ltr'>ipsa</span> <span class='ocrx_word' id='word_1_464' title='bbox 742 2669 815 2719; x_wconf 90' lang='lat' dir='ltr'>caro,</span> <span class='ocrx_word' id='word_1_465' title='bbox 840 2669 902 2725; x_wconf 80' lang='lat' dir='ltr'>quae</span> <span class='ocrx_word' id='word_1_466' title='bbox 929 2651 980 2708; x_wconf 89' lang='lat' dir='ltr'>Dei</span> <span class='ocrx_word' id='word_1_467' title='bbox 1029 2653 1140 2728; x_wconf 80' lang='lat' dir='ltr'>quidem</span> <span class='ocrx_word' id='word_1_468' title='bbox 1149 2651 1751 2725; x_wconf 79' lang='lat' dir='ltr'>mortuamestpropterpeccotum‚rpiriiur</span> <span class='ocrx_word' id='word_1_469' title='bbox 1763 2667 1826 2709; x_wconf 84' lang='lat' dir='ltr'>uero</span> 
     </span>
     <span class='ocr_line' id='line_1_30' title="bbox 180 2738 1829 2814; baseline 0.004 -23"><span class='ocrx_word' id='word_1_470' title='bbox 180 2743 304 2792; x_wconf 91' lang='lat' dir='ltr'>creatura</span> <span class='ocrx_word' id='word_1_471' title='bbox 327 2741 390 2795; x_wconf 77' lang='lat' dir='ltr'>esti</span> <span class='ocrx_word' id='word_1_472' title='bbox 411 2747 500 2811; x_wconf 88' lang='lat' dir='ltr'>potest</span> <span class='ocrx_word' id='word_1_473' title='bbox 523 2740 615 2812; x_wconf 88' lang='lat' dir='ltr'>ntique</span> <span class='ocrx_word' id='word_1_474' title='bbox 632 2757 639 2796; x_wconf 77' lang='lat' dir='ltr'>z</span> <span class='ocrx_word' id='word_1_475' title='bbox 656 2740 705 2796; x_wconf 90' lang='lat' dir='ltr'>sed</span> <span class='ocrx_word' id='word_1_476' title='bbox 724 2741 868 2812; x_wconf 90' lang='lat' dir='ltr'>pmdentia</span> <span class='ocrx_word' id='word_1_477' title='bbox 890 2740 980 2798; x_wconf 87' lang='lat' dir='ltr'>carnis</span> <span class='ocrx_word' id='word_1_478' title='bbox 1028 2741 1475 2814; x_wconf 63' lang='lat' dir='ltr'>vivitprrptnjoatificotiocem,</span> <span class='ocrx_word' id='word_1_479' title='bbox 1487 2738 1829 2813; x_wconf 87' lang='lat' dir='ltr'>idestlicethocsitquod</span> 
     </span>
     <span class='ocr_line' id='line_1_31' title="bbox 182 2826 1827 2903; baseline 0.003 -26"><span class='ocrx_word' id='word_1_480' title='bbox 182 2837 236 2878; x_wconf 94' lang='lat' dir='ltr'>non</span> <span class='ocrx_word' id='word_1_481' title='bbox 251 2833 359 2895; x_wconf 89' lang='lat' dir='ltr'>potest;</span> <span class='ocrx_word' id='word_1_482' title='bbox 374 2827 402 2883; x_wconf 91' lang='lat' dir='ltr'>id</span> <span class='ocrx_word' id='word_1_483' title='bbox 416 2837 458 2884; x_wconf 86' lang='grc' dir='ltr'>εει</span> <span class='ocrx_word' id='word_1_484' title='bbox 472 2836 566 2883; x_wconf 87' lang='lat' dir='ltr'>natura</span> <span class='ocrx_word' id='word_1_485' title='bbox 579 2835 679 2900; x_wconf 88' lang='lat' dir='ltr'>potest,</span> <span class='ocrx_word' id='word_1_486' title='bbox 699 2827 792 2884; x_wconf 88' lang='lat' dir='ltr'>vitium</span> <span class='ocrx_word' id='word_1_487' title='bbox 811 2844 866 2884; x_wconf 91' lang='lat' dir='ltr'>non</span> <span class='ocrx_word' id='word_1_488' title='bbox 879 2836 979 2900; x_wconf 89' lang='lat' dir='ltr'>potest.</span> <span class='ocrx_word' id='word_1_489' title='bbox 1030 2845 1129 2902; x_wconf 91' lang='lat' dir='ltr'>corpus</span> <span class='ocrx_word' id='word_1_490' title='bbox 1144 2837 1186 2885; x_wconf 89' lang='grc' dir='ltr'>εει</span> <span class='ocrx_word' id='word_1_491' title='bbox 1200 2836 1451 2897; x_wconf 85' lang='lat' dir='ltr'>mortuum,·tamen</span> <span class='ocrx_word' id='word_1_492' title='bbox 1465 2827 1575 2899; x_wconf 88' lang='lat' dir='ltr'>spiritus</span> <span class='ocrx_word' id='word_1_493' title='bbox 1593 2827 1669 2884; x_wconf 84' lang='lat' dir='ltr'>vivit.</span> <span class='ocrx_word' id='word_1_494' title='bbox 1686 2826 1827 2903; x_wconf 75' lang='lat' dir='ltr'>[August]</span> 
     </span>
     <span class='ocr_line' id='line_1_32' title="bbox 180 2911 1828 2990; baseline 0.003 -24"><span class='ocrx_word' id='word_1_495' title='bbox 180 2911 234 2967; x_wconf 90' lang='lat' dir='ltr'>Sed</span> <span class='ocrx_word' id='word_1_496' title='bbox 257 2914 380 2971; x_wconf 89' lang='lat' dir='ltr'>medicus</span> <span class='ocrx_word' id='word_1_497' title='bbox 403 2916 437 2972; x_wconf 90' lang='lat' dir='ltr'>ad</span> <span class='ocrx_word' id='word_1_498' title='bbox 458 2917 511 2973; x_wconf 91' lang='lat' dir='ltr'>hoc</span> <span class='ocrx_word' id='word_1_499' title='bbox 535 2917 609 2974; x_wconf 89' lang='lat' dir='ltr'>venit</span> <span class='ocrx_word' id='word_1_500' title='bbox 630 2923 659 2974; x_wconf 89' lang='lat' dir='ltr'>ut</span> <span class='ocrx_word' id='word_1_501' title='bbox 680 2916 764 2988; x_wconf 90' lang='lat' dir='ltr'>pellat</span> <span class='ocrx_word' id='word_1_502' title='bbox 781 2917 884 2974; x_wconf 90' lang='lat' dir='ltr'>vitium.</span> <span class='ocrx_word' id='word_1_503' title='bbox 900 2918 981 2974; x_wconf 82' lang='lat' dir='ltr'>Venit</span> <span class='ocrx_word' id='word_1_504' title='bbox 1029 2919 1101 2974; x_wconf 89' lang='lat' dir='ltr'>Nota</span> <span class='ocrx_word' id='word_1_505' title='bbox 1122 2917 1196 2990; x_wconf 85' lang='lat' dir='ltr'>quod</span> <span class='ocrx_word' id='word_1_506' title='bbox 1217 2932 1274 2973; x_wconf 91' lang='lat' dir='ltr'>non</span> <span class='ocrx_word' id='word_1_507' title='bbox 1286 2917 1323 2972; x_wconf 92' lang='lat' dir='ltr'>ait</span> <span class='ocrx_word' id='word_1_508' title='bbox 1337 2916 1461 2983; x_wconf 85' lang='lat' dir='ltr'>mortale,</span> <span class='ocrx_word' id='word_1_509' title='bbox 1477 2915 1527 2972; x_wconf 90' lang='lat' dir='ltr'>sed</span> <span class='ocrx_word' id='word_1_510' title='bbox 1541 2923 1698 2981; x_wconf 69' lang='lat' dir='ltr'>mortuum</span> <span class='ocrx_word' id='word_1_511' title='bbox 1713 2916 1828 2972; x_wconf 87' lang='lat' dir='ltr'>mortale</span> 
     </span>
     <span class='ocr_line' id='line_1_33' title="bbox 178 2976 1826 3079; baseline 0.005 -25"><span class='ocrx_word' id='word_1_512' title='bbox 178 2999 251 3055; x_wconf 89' lang='lat' dir='ltr'>enim</span> <span class='ocrx_word' id='word_1_513' title='bbox 265 3002 391 3060; x_wconf 83' lang='lat' dir='ltr'>Salvator</span> <span class='ocrx_word' id='word_1_514' title='bbox 411 3005 447 3060; x_wconf 90' lang='lat' dir='ltr'>ad</span> <span class='ocrx_word' id='word_1_515' title='bbox 470 3021 561 3078; x_wconf 79' lang='lat' dir='ltr'>genus</span> <span class='ocrx_word' id='word_1_516' title='bbox 581 3007 737 3072; x_wconf 88' lang='lat' dir='ltr'>humanum,</span> <span class='ocrx_word' id='word_1_517' title='bbox 761 3006 864 3062; x_wconf 92' lang='lat' dir='ltr'>nullum</span> <span class='ocrx_word' id='word_1_518' title='bbox 878 3021 976 3062; x_wconf 87' lang='lat' dir='ltr'>senum</span> <span class='ocrx_word' id='word_1_519' title='bbox 990 2976 1013 3038; x_wconf 71' lang='lat'>0</span> <span class='ocrx_word' id='word_1_520' title='bbox 1026 3007 1135 3079; x_wconf 90' lang='lat' dir='ltr'>quidem</span> <span class='ocrx_word' id='word_1_521' title='bbox 1150 3005 1200 3060; x_wconf 82' lang='lat' dir='ltr'>tuit</span> <span class='ocrx_word' id='word_1_522' title='bbox 1213 3013 1276 3062; x_wconf 89' lang='lat' dir='ltr'>ante</span> <span class='ocrx_word' id='word_1_523' title='bbox 1290 3012 1444 3077; x_wconf 86' lang='lat' dir='ltr'>peccatum,</span> <span class='ocrx_word' id='word_1_524' title='bbox 1459 3004 1487 3060; x_wconf 90' lang='lat' dir='ltr'>id</span> <span class='ocrx_word' id='word_1_525' title='bbox 1501 3011 1543 3061; x_wconf 88' lang='grc' dir='ltr'>εει</span> <span class='ocrx_word' id='word_1_526' title='bbox 1560 3012 1658 3076; x_wconf 85' lang='lat' dir='ltr'>potens</span> <span class='ocrx_word' id='word_1_527' title='bbox 1671 3005 1742 3062; x_wconf 89' lang='lat' dir='ltr'>mori</span> <span class='ocrx_word' id='word_1_528' title='bbox 1753 3023 1762 3071; x_wconf 90' lang='lat'>;</span> <span class='ocrx_word' id='word_1_529' title='bbox 1775 3005 1826 3062; x_wconf 83' lang='lat' dir='ltr'>scd</span> 
     </span>
     <span class='ocr_line' id='line_1_34' title="bbox 176 3085 1827 3167; baseline 0.004 -25"><span class='ocrx_word' id='word_1_530' title='bbox 176 3085 289 3156; x_wconf 86' lang='lat' dir='ltr'>invenit,</span> <span class='ocrx_word' id='word_1_531' title='bbox 305 3091 332 3146; x_wconf 90' lang='lat' dir='ltr'>id</span> <span class='ocrx_word' id='word_1_532' title='bbox 348 3101 390 3148; x_wconf 89' lang='lat' dir='ltr'>est</span> <span class='ocrx_word' id='word_1_533' title='bbox 403 3109 519 3167; x_wconf 82' lang='lat' dir='ltr'>magnus</span> <span class='ocrx_word' id='word_1_534' title='bbox 532 3094 656 3151; x_wconf 87' lang='lat' dir='ltr'>medicus</span> <span class='ocrx_word' id='word_1_535' title='bbox 670 3094 753 3161; x_wconf 78' lang='lat' dir='ltr'>venit,</span> <span class='ocrx_word' id='word_1_536' title='bbox 774 3095 975 3151; x_wconf 79' lang='lat' dir='ltr'>adstruendum</span> <span class='ocrx_word' id='word_1_537' title='bbox 1024 3103 1085 3167; x_wconf 88' lang='lat' dir='ltr'>post</span> <span class='ocrx_word' id='word_1_538' title='bbox 1107 3103 1248 3166; x_wconf 87' lang='lat' dir='ltr'>peecatum</span> <span class='ocrx_word' id='word_1_539' title='bbox 1269 3093 1320 3150; x_wconf 84' lang='lat' dir='ltr'>fuit</span> <span class='ocrx_word' id='word_1_540' title='bbox 1349 3100 1495 3162; x_wconf 87' lang='lat' dir='ltr'>mortuum,</span> <span class='ocrx_word' id='word_1_541' title='bbox 1520 3093 1604 3149; x_wconf 86' lang='lat' dir='ltr'>idest</span> <span class='ocrx_word' id='word_1_542' title='bbox 1623 3093 1729 3149; x_wconf 88' lang='lat' dir='ltr'>habens</span> <span class='ocrx_word' id='word_1_543' title='bbox 1747 3093 1777 3148; x_wconf 92' lang='lat' dir='ltr'>in</span> <span class='ocrx_word' id='word_1_544' title='bbox 1795 3109 1827 3150; x_wconf 88' lang='lat' dir='ltr'>se</span> 
     </span>
     <span class='ocr_line' id='line_1_35' title="bbox 179 3175 1829 3255; baseline 0.005 -25"><span class='ocrx_word' id='word_1_545' title='bbox 179 3175 282 3245; x_wconf 88' lang='lat' dir='ltr'>vitium,</span> <span class='ocrx_word' id='word_1_546' title='bbox 298 3196 352 3252; x_wconf 90' lang='lat' dir='ltr'>quo</span> <span class='ocrx_word' id='word_1_547' title='bbox 376 3190 480 3249; x_wconf 89' lang='lat' dir='ltr'>sancto,</span> <span class='ocrx_word' id='word_1_548' title='bbox 504 3191 628 3253; x_wconf 88' lang='lat' dir='ltr'>reparata</span> <span class='ocrx_word' id='word_1_549' title='bbox 652 3190 693 3238; x_wconf 89' lang='lat' dir='ltr'>est</span> <span class='ocrx_word' id='word_1_550' title='bbox 713 3190 818 3250; x_wconf 88' lang='lat' dir='ltr'>natura,</span> <span class='ocrx_word' id='word_1_551' title='bbox 839 3183 976 3239; x_wconf 89' lang='lat' dir='ltr'>etdicitur</span> <span class='ocrx_word' id='word_1_552' title='bbox 1024 3183 1214 3240; x_wconf 79' lang='lat' dir='ltr'>nenessitatem</span> <span class='ocrx_word' id='word_1_553' title='bbox 1229 3182 1372 3239; x_wconf 88' lang='lat' dir='ltr'>moriendi.</span> <span class='ocrx_word' id='word_1_554' title='bbox 1389 3181 1746 3255; x_wconf 76' lang='lat' dir='ltr'>Etideocongrucaddidit,</span> <span class='ocrx_word' id='word_1_555' title='bbox 1761 3197 1829 3253; x_wconf 81' lang='lat' dir='ltr'>pm·</span> 
     </span>
     <span class='ocr_line' id='line_1_36' title="bbox 178 3264 1828 3344; baseline 0.004 -24"><span class='ocrx_word' id='word_1_556' title='bbox 178 3264 232 3323; x_wconf 89' lang='lat' dir='ltr'>boe</span> <span class='ocrx_word' id='word_1_557' title='bbox 254 3275 349 3323; x_wconf 87' lang='lat' dir='ltr'>contra</span> <span class='ocrx_word' id='word_1_558' title='bbox 371 3270 536 3328; x_wconf 82' lang='lat' dir='ltr'>hlanichaeos</span> <span class='ocrx_word' id='word_1_559' title='bbox 556 3271 602 3342; x_wconf 97' lang='grc' dir='ltr'>εει</span> <span class='ocrx_word' id='word_1_560' title='bbox 626 3271 752 3327; x_wconf 84' lang='lat' dir='ltr'>volebant</span> <span class='ocrx_word' id='word_1_561' title='bbox 781 3271 859 3325; x_wconf 90' lang='lat' dir='ltr'>aliam</span> <span class='ocrx_word' id='word_1_562' title='bbox 882 3279 976 3328; x_wconf 92' lang='lat' dir='ltr'>contra</span> <span class='ocrx_word' id='word_1_563' title='bbox 1023 3279 1083 3343; x_wconf 89' lang='lat' dir='ltr'>pter</span> <span class='ocrx_word' id='word_1_564' title='bbox 1096 3279 1247 3344; x_wconf 87' lang='lat' dir='ltr'>peccatum,</span> <span class='ocrx_word' id='word_1_565' title='bbox 1263 3271 1366 3328; x_wconf 77' lang='lat' dir='ltr'>sedicet</span> <span class='ocrx_word' id='word_1_566' title='bbox 1379 3270 1523 3344; x_wconf 78' lang='lat' dir='ltr'>originale.</span> <span class='ocrx_word' id='word_1_567' title='bbox 1539 3271 1617 3327; x_wconf 90' lang='lat' dir='ltr'>Unde</span> <span class='ocrx_word' id='word_1_568' title='bbox 1631 3271 1828 3328; x_wconf 77' lang='lat' dir='ltr'>estbaecmor·</span> 
     </span>
     <span class='ocr_line' id='line_1_37' title="bbox 179 3354 1829 3430; baseline 0.005 -23"><span class='ocrx_word' id='word_1_569' title='bbox 179 3354 267 3409; x_wconf 84' lang='lat' dir='ltr'>Deum</span> <span class='ocrx_word' id='word_1_570' title='bbox 289 3355 420 3414; x_wconf 88' lang='lat' dir='ltr'>inducere</span> <span class='ocrx_word' id='word_1_571' title='bbox 444 3365 570 3414; x_wconf 89' lang='lat' dir='ltr'>naturam</span> <span class='ocrx_word' id='word_1_572' title='bbox 591 3358 667 3427; x_wconf 86' lang='lat' dir='ltr'>mali,</span> <span class='ocrx_word' id='word_1_573' title='bbox 686 3361 740 3415; x_wconf 92' lang='lat' dir='ltr'>hoc</span> <span class='ocrx_word' id='word_1_574' title='bbox 753 3359 839 3415; x_wconf 89' lang='lat' dir='ltr'>verbo</span> <span class='ocrx_word' id='word_1_575' title='bbox 853 3360 976 3430; x_wconf 81' lang='lat' dir='ltr'>Apostoli</span> <span class='ocrx_word' id='word_1_576' title='bbox 1024 3361 1124 3428; x_wconf 89' lang='lat' dir='ltr'>talitas,</span> <span class='ocrx_word' id='word_1_577' title='bbox 1139 3361 1192 3427; x_wconf 84' lang='lat' dir='ltr'>rel,</span> <span class='ocrx_word' id='word_1_578' title='bbox 1209 3367 1345 3417; x_wconf 88' lang='lat' dir='ltr'>mortuum</span> <span class='ocrx_word' id='word_1_579' title='bbox 1370 3366 1411 3416; x_wconf 90' lang='grc' dir='ltr'>εει</span> <span class='ocrx_word' id='word_1_580' title='bbox 1425 3367 1538 3430; x_wconf 88' lang='lat' dir='ltr'>propter</span> <span class='ocrx_word' id='word_1_581' title='bbox 1551 3367 1705 3430; x_wconf 87' lang='lat' dir='ltr'>peccatum,</span> <span class='ocrx_word' id='word_1_582' title='bbox 1720 3360 1829 3416; x_wconf 86' lang='lat' dir='ltr'>scilicet</span> 
     </span>
     <span class='ocr_line' id='line_1_38' title="bbox 181 3442 1828 3521; baseline 0.006 -27"><span class='ocrx_word' id='word_1_583' title='bbox 181 3457 261 3497; x_wconf 88' lang='lat' dir='ltr'>suum</span> <span class='ocrx_word' id='word_1_584' title='bbox 275 3442 467 3501; x_wconf 83' lang='lat' dir='ltr'>confirmantes</span> <span class='ocrx_word' id='word_1_585' title='bbox 481 3461 613 3503; x_wconf 87' lang='lat' dir='ltr'>errorem.</span> <span class='ocrx_word' id='word_1_586' title='bbox 631 3447 685 3504; x_wconf 90' lang='lat' dir='ltr'>Sed</span> <span class='ocrx_word' id='word_1_587' title='bbox 695 3463 765 3502; x_wconf 90' lang='lat' dir='ltr'>unus</span> <span class='ocrx_word' id='word_1_588' title='bbox 774 3448 856 3504; x_wconf 91' lang='lat' dir='ltr'>bomo</span> <span class='ocrx_word' id='word_1_589' title='bbox 866 3449 976 3504; x_wconf 88' lang='lat' dir='ltr'>eadem·</span> <span class='ocrx_word' id='word_1_590' title='bbox 1025 3449 1175 3515; x_wconf 88' lang='lat' dir='ltr'>vitandum,</span> <span class='ocrx_word' id='word_1_591' title='bbox 1201 3455 1316 3521; x_wconf 89' lang='lat' dir='ltr'>propter</span> <span class='ocrx_word' id='word_1_592' title='bbox 1337 3448 1389 3504; x_wconf 89' lang='lat' dir='ltr'>boc</span> <span class='ocrx_word' id='word_1_593' title='bbox 1411 3447 1483 3503; x_wconf 89' lang='lat' dir='ltr'>enlm</span> <span class='ocrx_word' id='word_1_594' title='bbox 1505 3448 1564 3503; x_wconf 83' lang='lat' dir='ltr'>haec</span> <span class='ocrx_word' id='word_1_595' title='bbox 1577 3447 1721 3504; x_wconf 86' lang='lat' dir='ltr'>iufirmitas</span> <span class='ocrx_word' id='word_1_596' title='bbox 1734 3463 1828 3504; x_wconf 83' lang='lat' dir='ltr'>reser-</span> 
     </span>
     <span class='ocr_line' id='line_1_39' title="bbox 180 3533 1826 3612; baseline 0.005 -28"><span class='ocrx_word' id='word_1_597' title='bbox 180 3545 233 3601; x_wconf 89' lang='lat' dir='ltr'>que</span> <span class='ocrx_word' id='word_1_598' title='bbox 250 3539 355 3602; x_wconf 87' lang='lat' dir='ltr'>natura,</span> <span class='ocrx_word' id='word_1_599' title='bbox 369 3549 387 3588; x_wconf 92' lang='grc' dir='ltr'>ε</span> <span class='ocrx_word' id='word_1_600' title='bbox 401 3533 473 3590; x_wconf 93' lang='lat' dir='ltr'>bono</span> <span class='ocrx_word' id='word_1_601' title='bbox 489 3535 548 3590; x_wconf 86' lang='lat' dir='ltr'>Deo</span> <span class='ocrx_word' id='word_1_602' title='bbox 563 3535 671 3591; x_wconf 90' lang='lat' dir='ltr'>condita</span> <span class='ocrx_word' id='word_1_603' title='bbox 685 3535 764 3601; x_wconf 86' lang='lat' dir='ltr'>boue,</span> <span class='ocrx_word' id='word_1_604' title='bbox 782 3552 842 3606; x_wconf 78' lang='lat' dir='ltr'>quae</span> <span class='ocrx_word' id='word_1_605' title='bbox 855 3535 915 3592; x_wconf 94' lang='lat' dir='ltr'>beri</span> <span class='ocrx_word' id='word_1_606' title='bbox 930 3553 976 3591; x_wconf 88' lang='lat' dir='ltr'>sa-</span> <span class='ocrx_word' id='word_1_607' title='bbox 1025 3545 1111 3606; x_wconf 88' lang='lat' dir='ltr'>vatur,</span> <span class='ocrx_word' id='word_1_608' title='bbox 1126 3545 1156 3593; x_wconf 92' lang='lat' dir='ltr'>ut</span> <span class='ocrx_word' id='word_1_609' title='bbox 1169 3553 1219 3608; x_wconf 89' lang='lat' dir='ltr'>per</span> <span class='ocrx_word' id='word_1_610' title='bbox 1237 3538 1307 3593; x_wconf 87' lang='lat' dir='ltr'>banc</span> <span class='ocrx_word' id='word_1_611' title='bbox 1325 3552 1434 3608; x_wconf 89' lang='lat' dir='ltr'>poenam</span> <span class='ocrx_word' id='word_1_612' title='bbox 1455 3552 1537 3608; x_wconf 89' lang='lat' dir='ltr'>quam</span> <span class='ocrx_word' id='word_1_613' title='bbox 1560 3536 1651 3604; x_wconf 87' lang='lat' dir='ltr'>sentit,</span> <span class='ocrx_word' id='word_1_614' title='bbox 1675 3536 1766 3612; x_wconf 65' lang='lat' dir='ltr'>magis</span> <span class='ocrx_word' id='word_1_615' title='bbox 1788 3537 1826 3593; x_wconf 89' lang='lat' dir='ltr'>ti·</span> 
     </span>
     <span class='ocr_line' id='line_1_40' title="bbox 179 3617 1826 3698; baseline 0.007 -27"><span class='ocrx_word' id='word_1_616' title='bbox 179 3617 271 3689; x_wconf 89' lang='lat' dir='ltr'>piebat</span> <span class='ocrx_word' id='word_1_617' title='bbox 299 3621 447 3678; x_wconf 88' lang='lat' dir='ltr'>secundum</span> <span class='ocrx_word' id='word_1_618' title='bbox 468 3638 590 3693; x_wconf 89' lang='lat' dir='ltr'>carnem,</span> <span class='ocrx_word' id='word_1_619' title='bbox 615 3624 696 3680; x_wconf 88' lang='lat' dir='ltr'>bodie</span> <span class='ocrx_word' id='word_1_620' title='bbox 721 3625 870 3681; x_wconf 88' lang='lat' dir='ltr'>secuudum</span> <span class='ocrx_word' id='word_1_621' title='bbox 894 3625 977 3696; x_wconf 90' lang='lat' dir='ltr'>spiri·</span> <span class='ocrx_word' id='word_1_622' title='bbox 1024 3634 1096 3682; x_wconf 85' lang='lat' dir='ltr'>meat</span> <span class='ocrx_word' id='word_1_623' title='bbox 1108 3641 1236 3698; x_wconf 89' lang='lat' dir='ltr'>peccare.</span> <span class='ocrx_word' id='word_1_624' title='bbox 1251 3623 1435 3698; x_wconf 74' lang='lat' dir='ltr'>[Ambrosius]</span> <span class='ocrx_word' id='word_1_625' title='bbox 1450 3625 1500 3681; x_wconf 81' lang='lat' dir='ltr'>Vel</span> <span class='ocrx_word' id='word_1_626' title='bbox 1516 3625 1625 3682; x_wconf 91' lang='lat' dir='ltr'>nomine</span> <span class='ocrx_word' id='word_1_627' title='bbox 1640 3627 1765 3698; x_wconf 89' lang='lat' dir='ltr'>corporis</span> <span class='ocrx_word' id='word_1_628' title='bbox 1780 3634 1826 3682; x_wconf 90' lang='lat' dir='ltr'>to-</span> 
     </span>
     <span class='ocr_line' id='line_1_41' title="bbox 180 3709 1828 3786; baseline 0.007 -26"><span class='ocrx_word' id='word_1_629' title='bbox 180 3713 236 3760; x_wconf 92' lang='lat' dir='ltr'>tum</span> <span class='ocrx_word' id='word_1_630' title='bbox 252 3709 333 3779; x_wconf 87' lang='lat' dir='ltr'>sapit,</span> <span class='ocrx_word' id='word_1_631' title='bbox 349 3726 409 3781; x_wconf 81' lang='lat' dir='ltr'>quae</span> <span class='ocrx_word' id='word_1_632' title='bbox 430 3711 495 3767; x_wconf 90' lang='lat' dir='ltr'>dum</span> <span class='ocrx_word' id='word_1_633' title='bbox 518 3712 611 3768; x_wconf 77' lang='lat' dir='ltr'>vidum</span> <span class='ocrx_word' id='word_1_634' title='bbox 632 3712 715 3768; x_wconf 84' lang='lat' dir='ltr'>babet</span> <span class='ocrx_word' id='word_1_635' title='bbox 738 3728 794 3768; x_wconf 93' lang='lat' dir='ltr'>uon</span> <span class='ocrx_word' id='word_1_636' title='bbox 806 3721 897 3784; x_wconf 83' lang='lat' dir='ltr'>potest</span> <span class='ocrx_word' id='word_1_637' title='bbox 911 3714 976 3768; x_wconf 92' lang='lat' dir='ltr'>sub·</span> <span class='ocrx_word' id='word_1_638' title='bbox 1025 3723 1082 3770; x_wconf 91' lang='lat' dir='ltr'>tum</span> <span class='ocrx_word' id='word_1_639' title='bbox 1096 3714 1234 3770; x_wconf 89' lang='lat' dir='ltr'>bominem</span> <span class='ocrx_word' id='word_1_640' title='bbox 1250 3712 1394 3786; x_wconf 81' lang='lat' dir='ltr'>siguificat,</span> <span class='ocrx_word' id='word_1_641' title='bbox 1411 3713 1481 3769; x_wconf 89' lang='lat' dir='ltr'>sicut</span> <span class='ocrx_word' id='word_1_642' title='bbox 1491 3713 1623 3784; x_wconf 90' lang='lat' dir='ltr'>propbeta</span> <span class='ocrx_word' id='word_1_643' title='bbox 1638 3713 1784 3782; x_wconf 85' lang='lat' dir='ltr'>Ezechiel,</span> <span class='ocrx_word' id='word_1_644' title='bbox 1810 3733 1828 3772; x_wconf 89' lang='grc' dir='ltr'>ε</span> 
     </span>
     <span class='ocr_line' id='line_1_42' title="bbox 177 3793 1825 3875; baseline 0.007 -27"><span class='ocrx_word' id='word_1_645' title='bbox 177 3793 224 3863; x_wconf 87' lang='lat' dir='ltr'>jici</span> <span class='ocrx_word' id='word_1_646' title='bbox 248 3795 303 3868; x_wconf 78' lang='lat' dir='ltr'>legi</span> <span class='ocrx_word' id='word_1_647' title='bbox 329 3798 389 3865; x_wconf 87' lang='lat' dir='ltr'>Dei,</span> <span class='ocrx_word' id='word_1_648' title='bbox 410 3798 480 3856; x_wconf 86' lang='lat' dir='ltr'>sicut</span> <span class='ocrx_word' id='word_1_649' title='bbox 502 3799 663 3857; x_wconf 80' lang='lat' dir='ltr'>claudicatio</span> <span class='ocrx_word' id='word_1_650' title='bbox 691 3816 747 3856; x_wconf 89' lang='lat' dir='ltr'>non</span> <span class='ocrx_word' id='word_1_651' title='bbox 769 3808 857 3872; x_wconf 91' lang='lat' dir='ltr'>potest</span> <span class='ocrx_word' id='word_1_652' title='bbox 881 3801 977 3870; x_wconf 88' lang='lat' dir='ltr'>subjici</span> <span class='ocrx_word' id='word_1_653' title='bbox 1025 3817 1159 3860; x_wconf 89' lang='lat' dir='ltr'>converso</span> <span class='ocrx_word' id='word_1_654' title='bbox 1174 3810 1257 3859; x_wconf 91' lang='lat' dir='ltr'>totum</span> <span class='ocrx_word' id='word_1_655' title='bbox 1271 3801 1410 3858; x_wconf 91' lang='lat' dir='ltr'>hominem</span> <span class='ocrx_word' id='word_1_656' title='bbox 1424 3800 1825 3875; x_wconf 68' lang='lat' dir='ltr'>animaenomineeigaibcarit</span> 
     </span>
     <span class='ocr_line' id='line_1_43' title="bbox 179 3887 1824 3964; baseline 0.006 -25"><span class='ocrx_word' id='word_1_657' title='bbox 179 3891 263 3941; x_wconf 76' lang='lat' dir='ltr'>rectae</span> <span class='ocrx_word' id='word_1_658' title='bbox 296 3887 484 3943; x_wconf 84' lang='lat' dir='ltr'>ambulationi.</span> <span class='ocrx_word' id='word_1_659' title='bbox 521 3889 597 3946; x_wconf 86' lang='lat' dir='ltr'>Tolle</span> <span class='ocrx_word' id='word_1_660' title='bbox 641 3905 706 3946; x_wconf 89' lang='lat' dir='ltr'>vero</span> <span class='ocrx_word' id='word_1_661' title='bbox 742 3889 975 3958; x_wconf 85' lang='lat' dir='ltr'>claudicationem,</span> <span class='ocrx_word' id='word_1_662' title='bbox 1025 3891 1824 3964; x_wconf 62' lang='lat' dir='ltr'>dicens:lrrimoquacpeccaueritipaomorieturffizcch.</span> 
     </span>
     <span class='ocr_line' id='line_1_44' title="bbox 178 3972 1824 4054; baseline 0.005 -26"><span class='ocrx_word' id='word_1_663' title='bbox 178 3980 205 4028; x_wconf 88' lang='lat' dir='ltr'>et</span> <span class='ocrx_word' id='word_1_664' title='bbox 219 3972 325 4029; x_wconf 90' lang='lat' dir='ltr'>videbis</span> <span class='ocrx_word' id='word_1_665' title='bbox 348 3983 448 4032; x_wconf 87' lang='lat' dir='ltr'>rectam</span> <span class='ocrx_word' id='word_1_666' title='bbox 469 3976 690 4034; x_wconf 88' lang='lat' dir='ltr'>ambulationem.</span> <span class='ocrx_word' id='word_1_667' title='bbox 716 3979 756 4033; x_wconf 91' lang='lat' dir='ltr'>lta</span> <span class='ocrx_word' id='word_1_668' title='bbox 775 3977 885 4034; x_wconf 86' lang='lat' dir='ltr'>excluso</span> <span class='ocrx_word' id='word_1_669' title='bbox 899 3978 974 4048; x_wconf 90' lang='lat' dir='ltr'>vitio,</span> <span class='ocrx_word' id='word_1_670' title='bbox 1025 3981 1116 4054; x_wconf 87' lang='lat' dir='ltr'>xrur).</span> <span class='ocrx_word' id='word_1_671' title='bbox 1133 3979 1186 4050; x_wconf 83' lang='lat' dir='ltr'>Qui</span> <span class='ocrx_word' id='word_1_672' title='bbox 1209 3987 1300 4036; x_wconf 87' lang='lat' dir='ltr'>autem</span> <span class='ocrx_word' id='word_1_673' title='bbox 1320 3978 1488 4050; x_wconf 86' lang='lat' dir='ltr'>inpeccatis</span> <span class='ocrx_word' id='word_1_674' title='bbox 1510 3987 1634 4036; x_wconf 89' lang='lat' dir='ltr'>mortuus</span> <span class='ocrx_word' id='word_1_675' title='bbox 1656 3979 1730 4051; x_wconf 86' lang='lat' dir='ltr'>prius</span> <span class='ocrx_word' id='word_1_676' title='bbox 1753 3989 1824 4047; x_wconf 76' lang='lat' dir='ltr'>erat,</span> 
     </span>
    </p>
   </div>
   <div class='ocr_carea' id='block_1_3' title="bbox 180 4059 1931 4139">
    <p class='ocr_par' dir='ltr' id='par_1_4' title="bbox 180 4059 1931 4139">
     <span class='ocr_line' id='line_1_45' title="bbox 180 4059 1931 4139; baseline 0.001 -23"><span class='ocrx_word' id='word_1_677' title='bbox 180 4070 275 4118; x_wconf 83' lang='lat' dir='ltr'>sanata</span> <span class='ocrx_word' id='word_1_678' title='bbox 288 4069 329 4118; x_wconf 90' lang='lat' dir='ltr'>est</span> <span class='ocrx_word' id='word_1_679' title='bbox 353 4071 459 4119; x_wconf 91' lang='lat' dir='ltr'>natura.</span> <span class='ocrx_word' id='word_1_680' title='bbox 485 4062 557 4133; x_wconf 83' lang='lat' dir='ltr'>Quid</span> <span class='ocrx_word' id='word_1_681' title='bbox 578 4074 668 4122; x_wconf 87' lang='lat' dir='ltr'>autem</span> <span class='ocrx_word' id='word_1_682' title='bbox 689 4082 740 4138; x_wconf 91' lang='lat' dir='ltr'>per</span> <span class='ocrx_word' id='word_1_683' title='bbox 758 4065 866 4139; x_wconf 78' lang='lat' dir='ltr'>singula</span> <span class='ocrx_word' id='word_1_684' title='bbox 879 4066 976 4122; x_wconf 90' lang='lat' dir='ltr'>immo·</span> <span class='ocrx_word' id='word_1_685' title='bbox 1024 4081 1074 4138; x_wconf 89' lang='lat' dir='ltr'>per</span> <span class='ocrx_word' id='word_1_686' title='bbox 1088 4065 1205 4138; x_wconf 73' lang='lat' dir='ltr'>gratiam</span> <span class='ocrx_word' id='word_1_687' title='bbox 1218 4063 1329 4134; x_wconf 88' lang='lat' dir='ltr'>spiritus</span> <span class='ocrx_word' id='word_1_688' title='bbox 1349 4070 1445 4134; x_wconf 88' lang='lat' dir='ltr'>postea</span> <span class='ocrx_word' id='word_1_689' title='bbox 1457 4063 1533 4120; x_wconf 84' lang='lat' dir='ltr'>vivit.</span> <span class='ocrx_word' id='word_1_690' title='bbox 1551 4063 1586 4118; x_wconf 84' lang='lat' dir='ltr'>Et</span> <span class='ocrx_word' id='word_1_691' title='bbox 1601 4071 1641 4120; x_wconf 92' lang='lat' dir='ltr'>est</span> <span class='ocrx_word' id='word_1_692' title='bbox 1655 4079 1751 4120; x_wconf 85' lang='lat' dir='ltr'>sensus</span> <span class='ocrx_word' id='word_1_693' title='bbox 1768 4082 1776 4119; x_wconf 91' lang='lat'>:</span> <span class='ocrx_word' id='word_1_694' title='bbox 1795 4059 1826 4121; x_wconf 89' lang='lat' dir='ltr'>Si</span> <span class='ocrx_word' id='word_1_695' title='bbox 1930 4073 1931 4118; x_wconf 55' lang='grc' dir='ltr'>ξ</span> 
     </span>
    </p>
   </div>
   <div class='ocr_carea' id='block_1_4' title="bbox 178 4149 1827 5378">
    <p class='ocr_par' dir='ltr' id='par_1_5' title="bbox 178 4149 1826 4226">
     <span class='ocr_line' id='line_1_46' title="bbox 178 4149 1826 4226; baseline 0.001 -20"><span class='ocrx_word' id='word_1_696' title='bbox 178 4149 244 4206; x_wconf 81' lang='lat' dir='ltr'>rori</span> <span class='ocrx_word' id='word_1_697' title='bbox 1025 4154 1137 4226; x_wconf 91' lang='lat' dir='ltr'>spiritus</span> <span class='ocrx_word' id='word_1_698' title='bbox 1158 4152 1257 4207; x_wconf 87' lang='lat' dir='ltr'>Christi</span> <span class='ocrx_word' id='word_1_699' title='bbox 1280 4151 1308 4207; x_wconf 90' lang='lat' dir='ltr'>iu</span> <span class='ocrx_word' id='word_1_700' title='bbox 1330 4151 1409 4208; x_wconf 85' lang='lat' dir='ltr'>vobis</span> <span class='ocrx_word' id='word_1_701' title='bbox 1431 4158 1483 4220; x_wconf 91' lang='grc' dir='ltr'><strong>εει,</strong></span> <span class='ocrx_word' id='word_1_702' title='bbox 1498 4151 1561 4208; x_wconf 88' lang='lat' dir='ltr'>licet</span> <span class='ocrx_word' id='word_1_703' title='bbox 1575 4166 1675 4222; x_wconf 88' lang='lat' dir='ltr'>corpus</span> <span class='ocrx_word' id='word_1_704' title='bbox 1688 4160 1826 4208; x_wconf 88' lang='lat' dir='ltr'>mortuum</span> 
     </span>
    </p>

    <p class='ocr_par' dir='ltr' id='par_1_6' title="bbox 179 4238 1827 5200">
     <span class='ocr_line' id='line_1_47' title="bbox 216 4238 1823 4312; baseline 0.002 -19"><span class='ocrx_word' id='word_1_705' title='bbox 216 4238 301 4294; x_wconf 84' lang='lat' dir='ltr'>Vnus.</span> <span class='ocrx_word' id='word_1_706' title='bbox 318 4239 389 4295; x_wconf 87' lang='lat' dir='ltr'>8·tl.</span> <span class='ocrx_word' id='word_1_707' title='bbox 411 4270 446 4280; x_wconf 98' lang='lat'>-</span> <span class='ocrx_word' id='word_1_708' title='bbox 463 4262 474 4289; x_wconf 80' lang='lat' dir='ltr'>r</span> <span class='ocrx_word' id='word_1_709' title='bbox 501 4239 553 4309; x_wconf 85' lang='lat' dir='ltr'>Qui</span> <span class='ocrx_word' id='word_1_710' title='bbox 567 4249 658 4298; x_wconf 91' lang='lat' dir='ltr'>autem</span> <span class='ocrx_word' id='word_1_711' title='bbox 673 4242 700 4298; x_wconf 91' lang='lat' dir='ltr'>iu</span> <span class='ocrx_word' id='word_1_712' title='bbox 716 4257 798 4300; x_wconf 88' lang='lat' dir='ltr'>carue</span> <span class='ocrx_word' id='word_1_713' title='bbox 820 4251 892 4311; x_wconf 89' lang='lat' dir='ltr'>sunt,</span> <span class='ocrx_word' id='word_1_714' title='bbox 917 4244 976 4300; x_wconf 88' lang='lat' dir='ltr'>Deo</span> <span class='ocrx_word' id='word_1_715' title='bbox 1027 4249 1077 4310; x_wconf 90' lang='grc' dir='ltr'><strong>εει,</strong></span> <span class='ocrx_word' id='word_1_716' title='bbox 1094 4242 1122 4297; x_wconf 93' lang='lat' dir='ltr'>id</span> <span class='ocrx_word' id='word_1_717' title='bbox 1137 4249 1178 4297; x_wconf 88' lang='lat' dir='ltr'>est</span> <span class='ocrx_word' id='word_1_718' title='bbox 1192 4242 1275 4298; x_wconf 90' lang='lat' dir='ltr'>bomo</span> <span class='ocrx_word' id='word_1_719' title='bbox 1293 4249 1416 4296; x_wconf 90' lang='lat' dir='ltr'>mortuus</span> <span class='ocrx_word' id='word_1_720' title='bbox 1436 4239 1525 4310; x_wconf 81' lang='lat' dir='ltr'>fucrit,</span> <span class='ocrx_word' id='word_1_721' title='bbox 1541 4247 1654 4312; x_wconf 87' lang='lat' dir='ltr'>propter</span> <span class='ocrx_word' id='word_1_722' title='bbox 1672 4249 1823 4312; x_wconf 85' lang='lat' dir='ltr'>peccatum,</span> 
     </span>
     <span class='ocr_line' id='line_1_48' title="bbox 184 4326 1827 4402; baseline 0.005 -24"><span class='ocrx_word' id='word_1_723' title='bbox 184 4347 195 4378; x_wconf 80' lang='grc' dir='ltr'>ι</span> <span class='ocrx_word' id='word_1_724' title='bbox 211 4326 320 4398; x_wconf 89' lang='lat' dir='ltr'>placere</span> <span class='ocrx_word' id='word_1_725' title='bbox 334 4343 389 4384; x_wconf 91' lang='lat' dir='ltr'>nou</span> <span class='ocrx_word' id='word_1_726' title='bbox 410 4336 533 4400; x_wconf 89' lang='lat' dir='ltr'>possunt.</span> <span class='ocrx_word' id='word_1_727' title='bbox 549 4330 605 4386; x_wconf 83' lang='lat' dir='ltr'>Vos</span> <span class='ocrx_word' id='word_1_728' title='bbox 616 4337 706 4387; x_wconf 87' lang='lat' dir='ltr'>autem</span> <span class='ocrx_word' id='word_1_729' title='bbox 719 4331 746 4385; x_wconf 91' lang='lat' dir='ltr'>in</span> <span class='ocrx_word' id='word_1_730' title='bbox 762 4347 844 4388; x_wconf 87' lang='lat' dir='ltr'>cerne</span> <span class='ocrx_word' id='word_1_731' title='bbox 858 4347 913 4387; x_wconf 91' lang='lat' dir='ltr'>nou</span> <span class='ocrx_word' id='word_1_732' title='bbox 928 4337 1009 4398; x_wconf 84' lang='lat' dir='ltr'>es-l)</span> <span class='ocrx_word' id='word_1_733' title='bbox 1024 4331 1052 4386; x_wconf 90' lang='lat' dir='ltr'>id</span> <span class='ocrx_word' id='word_1_734' title='bbox 1065 4338 1107 4387; x_wconf 91' lang='lat' dir='ltr'>est</span> <span class='ocrx_word' id='word_1_735' title='bbox 1119 4331 1146 4384; x_wconf 93' lang='lat' dir='ltr'>iu</span> <span class='ocrx_word' id='word_1_736' title='bbox 1161 4329 1289 4402; x_wconf 89' lang='lat' dir='ltr'>peccatis,</span> <span class='ocrx_word' id='word_1_737' title='bbox 1306 4329 1416 4401; x_wconf 86' lang='lat' dir='ltr'>spiritus</span> <span class='ocrx_word' id='word_1_738' title='bbox 1432 4336 1531 4396; x_wconf 89' lang='lat' dir='ltr'>tamen,</span> <span class='ocrx_word' id='word_1_739' title='bbox 1554 4328 1583 4384; x_wconf 87' lang='lat' dir='ltr'>id</span> <span class='ocrx_word' id='word_1_740' title='bbox 1602 4337 1644 4386; x_wconf 91' lang='lat' dir='ltr'>est</span> <span class='ocrx_word' id='word_1_741' title='bbox 1658 4327 1749 4386; x_wconf 81' lang='lat' dir='ltr'>amma</span> <span class='ocrx_word' id='word_1_742' title='bbox 1764 4347 1827 4402; x_wconf 86' lang='lat' dir='ltr'>quae</span> 
     </span>
     <span class='ocr_line' id='line_1_49' title="bbox 182 4415 1826 4492; baseline 0.004 -24"><span class='ocrx_word' id='word_1_743' title='bbox 182 4415 256 4482; x_wconf 80' lang='lat' dir='ltr'>rtis,</span> <span class='ocrx_word' id='word_1_744' title='bbox 283 4417 331 4473; x_wconf 86' lang='lat' dir='ltr'>sed</span> <span class='ocrx_word' id='word_1_745' title='bbox 354 4417 381 4472; x_wconf 92' lang='lat' dir='ltr'>in</span> <span class='ocrx_word' id='word_1_746' title='bbox 396 4417 512 4489; x_wconf 86' lang='lat' dir='ltr'>spiritu;</span> <span class='ocrx_word' id='word_1_747' title='bbox 528 4418 551 4473; x_wconf 89' lang='lat' dir='ltr'>si</span> <span class='ocrx_word' id='word_1_748' title='bbox 564 4426 656 4475; x_wconf 90' lang='lat' dir='ltr'>tumen</span> <span class='ocrx_word' id='word_1_749' title='bbox 677 4419 787 4490; x_wconf 88' lang='lat' dir='ltr'>spiritus</span> <span class='ocrx_word' id='word_1_750' title='bbox 810 4419 861 4476; x_wconf 90' lang='lat' dir='ltr'>Dei</span> <span class='ocrx_word' id='word_1_751' title='bbox 873 4421 976 4476; x_wconf 88' lang='lat' dir='ltr'>habitet</span> <span class='ocrx_word' id='word_1_752' title='bbox 1025 4419 1115 4476; x_wconf 86' lang='lat' dir='ltr'>iuerat</span> <span class='ocrx_word' id='word_1_753' title='bbox 1137 4419 1230 4490; x_wconf 89' lang='lat' dir='ltr'>impia,</span> <span class='ocrx_word' id='word_1_754' title='bbox 1250 4417 1325 4486; x_wconf 76' lang='lat' dir='ltr'>risit,</span> <span class='ocrx_word' id='word_1_755' title='bbox 1353 4417 1415 4489; x_wconf 85' lang='lat' dir='ltr'>quia</span> <span class='ocrx_word' id='word_1_756' title='bbox 1438 4419 1507 4484; x_wconf 88' lang='lat' dir='ltr'>Deo,</span> <span class='ocrx_word' id='word_1_757' title='bbox 1527 4417 1574 4490; x_wconf 84' lang='lat' dir='ltr'>qui</span> <span class='ocrx_word' id='word_1_758' title='bbox 1595 4425 1636 4473; x_wconf 90' lang='grc' dir='ltr'>εει</span> <span class='ocrx_word' id='word_1_759' title='bbox 1655 4418 1720 4484; x_wconf 81' lang='lat' dir='ltr'>rita,</span> <span class='ocrx_word' id='word_1_760' title='bbox 1733 4419 1826 4492; x_wconf 72' lang='lat' dir='ltr'>jungi·</span> 
     </span>
     <span class='ocr_line' id='line_1_50' title="bbox 182 4504 1827 4579; baseline 0.004 -23"><span class='ocrx_word' id='word_1_761' title='bbox 182 4524 193 4555; x_wconf 80' lang='grc' dir='ltr'>ι</span> <span class='ocrx_word' id='word_1_762' title='bbox 210 4505 240 4559; x_wconf 83' lang='grc' dir='ltr'>ιε</span> <span class='ocrx_word' id='word_1_763' title='bbox 253 4505 341 4561; x_wconf 90' lang='lat' dir='ltr'>vobis.</span> <span class='ocrx_word' id='word_1_764' title='bbox 358 4505 463 4579; x_wconf 89' lang='lat' dir='ltr'>Siquis</span> <span class='ocrx_word' id='word_1_765' title='bbox 486 4515 577 4564; x_wconf 90' lang='lat' dir='ltr'>autem</span> <span class='ocrx_word' id='word_1_766' title='bbox 599 4507 723 4579; x_wconf 90' lang='lat' dir='ltr'>spiritum</span> <span class='ocrx_word' id='word_1_767' title='bbox 743 4507 844 4564; x_wconf 87' lang='lat' dir='ltr'>Christi</span> <span class='ocrx_word' id='word_1_768' title='bbox 860 4525 914 4564; x_wconf 93' lang='lat' dir='ltr'>uon</span> <span class='ocrx_word' id='word_1_769' title='bbox 929 4510 976 4563; x_wconf 88' lang='lat' dir='ltr'>ha·</span> <span class='ocrx_word' id='word_1_770' title='bbox 1026 4515 1079 4563; x_wconf 92' lang='lat' dir='ltr'>tur.</span> <span class='ocrx_word' id='word_1_771' title='bbox 1094 4509 1128 4564; x_wconf 83' lang='lat' dir='ltr'>Et</span> <span class='ocrx_word' id='word_1_772' title='bbox 1142 4507 1194 4562; x_wconf 91' lang='lat' dir='ltr'>boc</span> <span class='ocrx_word' id='word_1_773' title='bbox 1211 4514 1323 4578; x_wconf 88' lang='lat' dir='ltr'>propter</span> <span class='ocrx_word' id='word_1_774' title='bbox 1339 4504 1569 4576; x_wconf 73' lang='lat' dir='ltr'>iustificationem,</span> <span class='ocrx_word' id='word_1_775' title='bbox 1592 4505 1620 4561; x_wconf 92' lang='lat' dir='ltr'>id</span> <span class='ocrx_word' id='word_1_776' title='bbox 1635 4514 1677 4562; x_wconf 90' lang='grc' dir='ltr'>εει</span> <span class='ocrx_word' id='word_1_777' title='bbox 1695 4515 1827 4578; x_wconf 87' lang='lat' dir='ltr'>peccato-</span> 
     </span>
     <span class='ocr_line' id='line_1_51' title="bbox 182 4587 1824 4666; baseline 0.007 -26"><span class='ocrx_word' id='word_1_778' title='bbox 182 4587 265 4656; x_wconf 76' lang='lat' dir='ltr'>«bet,</span> <span class='ocrx_word' id='word_1_779' title='bbox 281 4589 393 4646; x_wconf 86' lang='lat' dir='ltr'>hicnon</span> <span class='ocrx_word' id='word_1_780' title='bbox 409 4591 533 4660; x_wconf 89' lang='lat' dir='ltr'>estejus.</span> <span class='ocrx_word' id='word_1_781' title='bbox 555 4591 687 4648; x_wconf 86' lang='lat' dir='ltr'>Sieutem</span> <span class='ocrx_word' id='word_1_782' title='bbox 710 4592 833 4648; x_wconf 85' lang='lat' dir='ltr'>Christus</span> <span class='ocrx_word' id='word_1_783' title='bbox 856 4593 883 4647; x_wconf 93' lang='lat' dir='ltr'>iu</span> <span class='ocrx_word' id='word_1_784' title='bbox 898 4593 975 4650; x_wconf 84' lang='lat' dir='ltr'>vobis</span> <span class='ocrx_word' id='word_1_785' title='bbox 1026 4613 1087 4652; x_wconf 92' lang='lat' dir='ltr'>rum</span> <span class='ocrx_word' id='word_1_786' title='bbox 1124 4594 1312 4652; x_wconf 85' lang='lat' dir='ltr'>remissionem</span> <span class='ocrx_word' id='word_1_787' title='bbox 1349 4611 1411 4666; x_wconf 82' lang='lat' dir='ltr'>quae</span> <span class='ocrx_word' id='word_1_788' title='bbox 1445 4601 1486 4650; x_wconf 91' lang='grc' dir='ltr'>εει</span> <span class='ocrx_word' id='word_1_789' title='bbox 1513 4610 1546 4650; x_wconf 84' lang='lat' dir='ltr'>ex</span> <span class='ocrx_word' id='word_1_790' title='bbox 1582 4594 1685 4666; x_wconf 90' lang='lat' dir='ltr'>Spiritu</span> <span class='ocrx_word' id='word_1_791' title='bbox 1720 4605 1824 4652; x_wconf 75' lang='lat' dir='ltr'>sancte</span> 
     </span>
     <span class='ocr_line' id='line_1_52' title="bbox 180 4679 1823 4755; baseline 0.002 -21"><span class='ocrx_word' id='word_1_792' title='bbox 180 4699 192 4725; x_wconf 73' lang='grc' dir='ltr'><strong>«ι</strong></span> <span class='ocrx_word' id='word_1_793' title='bbox 210 4685 261 4746; x_wconf 88' lang='grc' dir='ltr'><strong>εει,</strong></span> <span class='ocrx_word' id='word_1_794' title='bbox 277 4692 375 4749; x_wconf 91' lang='lat' dir='ltr'>corpus</span> <span class='ocrx_word' id='word_1_795' title='bbox 394 4679 504 4752; x_wconf 89' lang='lat' dir='ltr'>quidem</span> <span class='ocrx_word' id='word_1_796' title='bbox 524 4689 662 4737; x_wconf 89' lang='lat' dir='ltr'>mortuum</span> <span class='ocrx_word' id='word_1_797' title='bbox 686 4688 728 4737; x_wconf 89' lang='lat' dir='ltr'>est</span> <span class='ocrx_word' id='word_1_798' title='bbox 751 4689 862 4752; x_wconf 88' lang='lat' dir='ltr'>propter</span> <span class='ocrx_word' id='word_1_799' title='bbox 879 4697 977 4752; x_wconf 87' lang='lat' dir='ltr'>pecca·</span> <span class='ocrx_word' id='word_1_800' title='bbox 1030 4685 1105 4755; x_wconf 80' lang='lat' dir='ltr'>Quod</span> <span class='ocrx_word' id='word_1_801' title='bbox 1120 4684 1273 4755; x_wconf 82' lang='lat' dir='ltr'>siapiritoa</span> <span class='ocrx_word' id='word_1_802' title='bbox 1287 4691 1339 4740; x_wconf 87' lang='lat' dir='ltr'>etc.</span> <span class='ocrx_word' id='word_1_803' title='bbox 1351 4682 1436 4752; x_wconf 81' lang='lat' dir='ltr'>Quasi</span> <span class='ocrx_word' id='word_1_804' title='bbox 1446 4681 1518 4738; x_wconf 87' lang='lat' dir='ltr'>dicat</span> <span class='ocrx_word' id='word_1_805' title='bbox 1533 4700 1540 4737; x_wconf 94' lang='lat'><strong>:</strong></span> <span class='ocrx_word' id='word_1_806' title='bbox 1556 4683 1726 4753; x_wconf 84' lang='lat' dir='ltr'>llocjamest</span> <span class='ocrx_word' id='word_1_807' title='bbox 1735 4684 1823 4751; x_wconf 83' lang='lat' dir='ltr'>robis,</span> 
     </span>
     <span class='ocr_line' id='line_1_53' title="bbox 181 4765 1823 4844; baseline 0.007 -27"><span class='ocrx_word' id='word_1_808' title='bbox 181 4786 195 4817; x_wconf 77' lang='lat' dir='ltr'>r</span> <span class='ocrx_word' id='word_1_809' title='bbox 211 4774 287 4834; x_wconf 81' lang='lat' dir='ltr'>tum;</span> <span class='ocrx_word' id='word_1_810' title='bbox 305 4765 413 4838; x_wconf 89' lang='lat' dir='ltr'>spiritus</span> <span class='ocrx_word' id='word_1_811' title='bbox 432 4780 496 4828; x_wconf 85' lang='lat' dir='ltr'>vero</span> <span class='ocrx_word' id='word_1_812' title='bbox 518 4769 584 4826; x_wconf 83' lang='lat' dir='ltr'>vivit</span> <span class='ocrx_word' id='word_1_813' title='bbox 606 4777 718 4842; x_wconf 88' lang='lat' dir='ltr'>propter</span> <span class='ocrx_word' id='word_1_814' title='bbox 738 4768 972 4838; x_wconf 82' lang='lat' dir='ltr'>justificationem.</span> <span class='ocrx_word' id='word_1_815' title='bbox 1027 4773 1101 4844; x_wconf 88' lang='lat' dir='ltr'>quod</span> <span class='ocrx_word' id='word_1_816' title='bbox 1115 4773 1234 4844; x_wconf 88' lang='lat' dir='ltr'>spiritus,</span> <span class='ocrx_word' id='word_1_817' title='bbox 1250 4772 1280 4827; x_wconf 89' lang='lat' dir='ltr'>id</span> <span class='ocrx_word' id='word_1_818' title='bbox 1293 4779 1336 4828; x_wconf 90' lang='grc' dir='ltr'>εει</span> <span class='ocrx_word' id='word_1_819' title='bbox 1349 4771 1438 4827; x_wconf 84' lang='lat' dir='ltr'>anima</span> <span class='ocrx_word' id='word_1_820' title='bbox 1452 4771 1718 4842; x_wconf 84' lang='lat' dir='ltr'>rivitperjustitianr.</span> <span class='ocrx_word' id='word_1_821' title='bbox 1733 4771 1823 4841; x_wconf 82' lang='lat' dir='ltr'>Quod,</span> 
     </span>
     <span class='ocr_line' id='line_1_54' title="bbox 182 4852 1825 4934; baseline 0.005 -25"><span class='ocrx_word' id='word_1_822' title='bbox 182 4875 194 4907; x_wconf 82' lang='lat' dir='ltr'>r</span> <span class='ocrx_word' id='word_1_823' title='bbox 212 4852 291 4923; x_wconf 84' lang='lat' dir='ltr'>Quod</span> <span class='ocrx_word' id='word_1_824' title='bbox 305 4855 329 4911; x_wconf 90' lang='lat' dir='ltr'>si</span> <span class='ocrx_word' id='word_1_825' title='bbox 339 4855 450 4927; x_wconf 88' lang='lat' dir='ltr'>spiritus</span> <span class='ocrx_word' id='word_1_826' title='bbox 464 4856 582 4930; x_wconf 86' lang='lat' dir='ltr'>ejusqui</span> <span class='ocrx_word' id='word_1_827' title='bbox 601 4858 740 4916; x_wconf 86' lang='lat' dir='ltr'>suscitavit</span> <span class='ocrx_word' id='word_1_828' title='bbox 761 4858 855 4913; x_wconf 82' lang='lat' dir='ltr'>lesum</span> <span class='ocrx_word' id='word_1_829' title='bbox 876 4873 891 4912; x_wconf 91' lang='lat' dir='ltr'>a</span> <span class='ocrx_word' id='word_1_830' title='bbox 905 4873 977 4914; x_wconf 89' lang='lat' dir='ltr'>mor·</span> <span class='ocrx_word' id='word_1_831' title='bbox 1027 4860 1055 4916; x_wconf 91' lang='lat' dir='ltr'>id</span> <span class='ocrx_word' id='word_1_832' title='bbox 1069 4869 1110 4918; x_wconf 89' lang='lat' dir='ltr'>est</span> <span class='ocrx_word' id='word_1_833' title='bbox 1124 4861 1173 4916; x_wconf 89' lang='lat' dir='ltr'>sed</span> <span class='ocrx_word' id='word_1_834' title='bbox 1187 4863 1213 4918; x_wconf 84' lang='lat' dir='ltr'>ai</span> <span class='ocrx_word' id='word_1_835' title='bbox 1224 4860 1342 4934; x_wconf 81' lang='lat' dir='ltr'>spiritns</span> <span class='ocrx_word' id='word_1_836' title='bbox 1352 4861 1424 4932; x_wconf 75' lang='lat' dir='ltr'>ejas,</span> <span class='ocrx_word' id='word_1_837' title='bbox 1439 4859 1468 4916; x_wconf 88' lang='lat' dir='ltr'>id</span> <span class='ocrx_word' id='word_1_838' title='bbox 1483 4867 1525 4916; x_wconf 90' lang='grc' dir='ltr'>εει</span> <span class='ocrx_word' id='word_1_839' title='bbox 1539 4859 1590 4916; x_wconf 79' lang='lat' dir='ltr'>liei</span> <span class='ocrx_word' id='word_1_840' title='bbox 1604 4859 1700 4927; x_wconf 88' lang='lat' dir='ltr'>Patris,</span> <span class='ocrx_word' id='word_1_841' title='bbox 1715 4863 1763 4934; x_wconf 81' lang='grc' dir='ltr'>εει</span> <span class='ocrx_word' id='word_1_842' title='bbox 1773 4878 1825 4918; x_wconf 83' lang='lat' dir='ltr'>au·</span> 
     </span>
     <span class='ocr_line' id='line_1_55' title="bbox 181 4942 1824 5020; baseline 0.006 -25"><span class='ocrx_word' id='word_1_843' title='bbox 181 4942 268 5010; x_wconf 77' lang='lat' dir='ltr'>«tuis,</span> <span class='ocrx_word' id='word_1_844' title='bbox 283 4943 387 4999; x_wconf 91' lang='lat' dir='ltr'>habitat</span> <span class='ocrx_word' id='word_1_845' title='bbox 401 4944 429 4999; x_wconf 91' lang='lat' dir='ltr'>in</span> <span class='ocrx_word' id='word_1_846' title='bbox 439 4943 525 5014; x_wconf 87' lang='lat' dir='ltr'>vobis,</span> <span class='ocrx_word' id='word_1_847' title='bbox 536 4945 581 5017; x_wconf 91' lang='lat' dir='ltr'>qui</span> <span class='ocrx_word' id='word_1_848' title='bbox 592 4945 832 5002; x_wconf 84' lang='lat' dir='ltr'>suscitavitlesum</span> <span class='ocrx_word' id='word_1_849' title='bbox 842 4945 978 5002; x_wconf 89' lang='lat' dir='ltr'>Christum</span> <span class='ocrx_word' id='word_1_850' title='bbox 1027 4951 1142 5008; x_wconf 84' lang='lat' dir='ltr'>acitouit</span> <span class='ocrx_word' id='word_1_851' title='bbox 1158 4949 1302 5006; x_wconf 82' lang='lat' dir='ltr'>Christum</span> <span class='ocrx_word' id='word_1_852' title='bbox 1319 4949 1478 5007; x_wconf 67' lang='lat' dir='ltr'>amortuis.</span> <span class='ocrx_word' id='word_1_853' title='bbox 1495 4949 1560 5006; x_wconf 71' lang='lat' dir='ltr'>Herc</span> <span class='ocrx_word' id='word_1_854' title='bbox 1575 4955 1616 5004; x_wconf 89' lang='grc' dir='ltr'>εει</span> <span class='ocrx_word' id='word_1_855' title='bbox 1631 4964 1727 5016; x_wconf 77' lang='lat' dir='ltr'>musa,</span> <span class='ocrx_word' id='word_1_856' title='bbox 1739 4965 1824 5020; x_wconf 84' lang='lat' dir='ltr'>quare</span> 
     </span>
     <span class='ocr_line' id='line_1_56' title="bbox 179 5028 1826 5111; baseline 0.005 -25"><span class='ocrx_word' id='word_1_857' title='bbox 179 5031 352 5088; x_wconf 76' lang='lat' dir='ltr'>«amortuis</span> <span class='ocrx_word' id='word_1_858' title='bbox 375 5031 522 5089; x_wconf 84' lang='lat' dir='ltr'>vivificabit</span> <span class='ocrx_word' id='word_1_859' title='bbox 545 5041 571 5089; x_wconf 93' lang='lat' dir='ltr'>et</span> <span class='ocrx_word' id='word_1_860' title='bbox 592 5034 719 5090; x_wconf 88' lang='lat' dir='ltr'>mortalia</span> <span class='ocrx_word' id='word_1_861' title='bbox 736 5050 852 5106; x_wconf 89' lang='lat' dir='ltr'>corpora</span> <span class='ocrx_word' id='word_1_862' title='bbox 875 5028 975 5105; x_wconf 72' lang='lat' dir='ltr'>restra,</span> <span class='ocrx_word' id='word_1_863' title='bbox 1028 5039 1170 5095; x_wconf 86' lang='lat' dir='ltr'>suscitabit</span> <span class='ocrx_word' id='word_1_864' title='bbox 1183 5038 1262 5108; x_wconf 86' lang='lat' dir='ltr'>alios,</span> <span class='ocrx_word' id='word_1_865' title='bbox 1278 5037 1340 5111; x_wconf 86' lang='lat' dir='ltr'>quia</span> <span class='ocrx_word' id='word_1_866' title='bbox 1364 5037 1487 5093; x_wconf 88' lang='lat' dir='ltr'>Christus</span> <span class='ocrx_word' id='word_1_867' title='bbox 1508 5036 1655 5094; x_wconf 88' lang='lat' dir='ltr'>suscitatus</span> <span class='ocrx_word' id='word_1_868' title='bbox 1677 5045 1728 5092; x_wconf 92' lang='grc' dir='ltr'><strong>εει.</strong></span> <span class='ocrx_word' id='word_1_869' title='bbox 1743 5037 1826 5094; x_wconf 81' lang='lat' dir='ltr'>linbi-</span> 
     </span>
     <span class='ocr_line' id='line_1_57' title="bbox 182 5120 1826 5200; baseline 0.004 -26"><span class='ocrx_word' id='word_1_870' title='bbox 182 5141 193 5174; x_wconf 71' lang='grc' dir='ltr'>ι</span> <span class='ocrx_word' id='word_1_871' title='bbox 210 5127 321 5192; x_wconf 90' lang='lat' dir='ltr'>propter</span> <span class='ocrx_word' id='word_1_872' title='bbox 334 5120 528 5178; x_wconf 85' lang='lat' dir='ltr'>inhabitantem</span> <span class='ocrx_word' id='word_1_873' title='bbox 544 5121 668 5193; x_wconf 90' lang='lat' dir='ltr'>spiritum</span> <span class='ocrx_word' id='word_1_874' title='bbox 683 5123 741 5191; x_wconf 89' lang='lat' dir='ltr'>ejus</span> <span class='ocrx_word' id='word_1_875' title='bbox 756 5122 784 5178; x_wconf 92' lang='lat' dir='ltr'>iu</span> <span class='ocrx_word' id='word_1_876' title='bbox 798 5123 903 5180; x_wconf 74' lang='lat' dir='ltr'>vobis.»</span> <span class='ocrx_word' id='word_1_877' title='bbox 1030 5131 1073 5184; x_wconf 87' lang='lat' dir='ltr'>tot</span> <span class='ocrx_word' id='word_1_878' title='bbox 1097 5128 1129 5184; x_wconf 83' lang='lat' dir='ltr'>in</span> <span class='ocrx_word' id='word_1_879' title='bbox 1152 5128 1236 5194; x_wconf 81' lang='lat' dir='ltr'>uobis,</span> <span class='ocrx_word' id='word_1_880' title='bbox 1253 5126 1316 5184; x_wconf 93' lang='lat' dir='ltr'>dico</span> <span class='ocrx_word' id='word_1_881' title='bbox 1330 5125 1404 5199; x_wconf 87' lang='lat' dir='ltr'>quod</span> <span class='ocrx_word' id='word_1_882' title='bbox 1419 5125 1465 5198; x_wconf 87' lang='grc' dir='ltr'>εει</span> <span class='ocrx_word' id='word_1_883' title='bbox 1482 5126 1534 5183; x_wconf 92' lang='lat' dir='ltr'>hoc</span> <span class='ocrx_word' id='word_1_884' title='bbox 1548 5125 1644 5196; x_wconf 88' lang='lat' dir='ltr'>potuit,</span> <span class='ocrx_word' id='word_1_885' title='bbox 1660 5125 1763 5182; x_wconf 89' lang='lat' dir='ltr'>scilicet</span> <span class='ocrx_word' id='word_1_886' title='bbox 1777 5129 1826 5200; x_wconf 79' lang='grc' dir='ltr'>εει</span> 
     </span>
    </p>

    <p class='ocr_par' dir='ltr' id='par_1_7' title="bbox 180 5207 1827 5378">
     <span class='ocr_line' id='line_1_58' title="bbox 216 5207 1827 5284; baseline -0.003 -9"><span class='ocrx_word' id='word_1_887' title='bbox 216 5207 270 5275; x_wconf 80' lang='lat' dir='ltr'>Qus</span> <span class='ocrx_word' id='word_1_888' title='bbox 283 5209 424 5266; x_wconf 72' lang='lat' dir='ltr'>nnumin</span> <span class='ocrx_word' id='word_1_889' title='bbox 438 5226 524 5268; x_wconf 77' lang='lat' dir='ltr'>carne</span> <span class='ocrx_word' id='word_1_890' title='bbox 546 5214 630 5278; x_wconf 75' lang='lat' dir='ltr'>runt,</span> <span class='ocrx_word' id='word_1_891' title='bbox 646 5210 674 5266; x_wconf 86' lang='lat' dir='ltr'>id</span> <span class='ocrx_word' id='word_1_892' title='bbox 689 5218 729 5267; x_wconf 80' lang='lat' dir='ltr'>est</span> <span class='ocrx_word' id='word_1_893' title='bbox 743 5210 789 5284; x_wconf 87' lang='lat' dir='ltr'>qui</span> <span class='ocrx_word' id='word_1_894' title='bbox 803 5219 865 5283; x_wconf 83' lang='lat' dir='ltr'>rost</span> <span class='ocrx_word' id='word_1_895' title='bbox 878 5226 979 5270; x_wconf 84' lang='lat' dir='ltr'>concu—</span> <span class='ocrx_word' id='word_1_896' title='bbox 1028 5217 1180 5274; x_wconf 66' lang='lat' dir='ltr'>amittant</span> <span class='ocrx_word' id='word_1_897' title='bbox 1204 5216 1348 5273; x_wconf 66' lang='lat' dir='ltr'>comtum</span> <span class='ocrx_word' id='word_1_898' title='bbox 1375 5217 1510 5273; x_wconf 70' lang='lat' dir='ltr'>terame</span> <span class='ocrx_word' id='word_1_899' title='bbox 1538 5217 1670 5282; x_wconf 76' lang='lat' dir='ltr'>mortua,</span> <span class='ocrx_word' id='word_1_900' title='bbox 1702 5214 1771 5270; x_wconf 78' lang='lat' dir='ltr'>staur</span> <span class='ocrx_word' id='word_1_901' title='bbox 1785 5215 1827 5270; x_wconf 80' lang='lat' dir='ltr'>or-</span> 
     </span>
     <span class='ocr_line' id='line_1_59' title="bbox 180 5292 1826 5378; baseline 0.006 -26"><span class='ocrx_word' id='word_1_902' title='bbox 180 5292 326 5364; x_wconf 86' lang='lat' dir='ltr'>piscentiae</span> <span class='ocrx_word' id='word_1_903' title='bbox 340 5298 432 5354; x_wconf 85' lang='lat' dir='ltr'>carnis</span> <span class='ocrx_word' id='word_1_904' title='bbox 454 5307 528 5367; x_wconf 92' lang='lat' dir='ltr'>eunt,</span> <span class='ocrx_word' id='word_1_905' title='bbox 544 5307 571 5356; x_wconf 89' lang='lat' dir='ltr'>et</span> <span class='ocrx_word' id='word_1_906' title='bbox 592 5299 683 5355; x_wconf 89' lang='lat' dir='ltr'>carnis</span> <span class='ocrx_word' id='word_1_907' title='bbox 701 5300 886 5374; x_wconf 83' lang='lat' dir='ltr'>voluptatibus</span> <span class='ocrx_word' id='word_1_908' title='bbox 899 5300 977 5364; x_wconf 86' lang='lat' dir='ltr'>dele·</span> <span class='ocrx_word' id='word_1_909' title='bbox 1028 5313 1102 5370; x_wconf 89' lang='lat' dir='ltr'>ctum</span> <span class='ocrx_word' id='word_1_910' title='bbox 1127 5313 1179 5376; x_wconf 89' lang='lat' dir='ltr'>est,</span> <span class='ocrx_word' id='word_1_911' title='bbox 1208 5305 1373 5378; x_wconf 72' lang='lat' dir='ltr'>vivificabit,</span> <span class='ocrx_word' id='word_1_912' title='bbox 1403 5307 1447 5371; x_wconf 83' lang='lat' dir='ltr'>et,</span> <span class='ocrx_word' id='word_1_913' title='bbox 1476 5303 1503 5359; x_wconf 92' lang='lat' dir='ltr'>id</span> <span class='ocrx_word' id='word_1_914' title='bbox 1531 5311 1573 5363; x_wconf 90' lang='lat' dir='ltr'>est</span> <span class='ocrx_word' id='word_1_915' title='bbox 1600 5303 1693 5374; x_wconf 79' lang='lat' dir='ltr'>cham,</span> <span class='ocrx_word' id='word_1_916' title='bbox 1708 5317 1826 5376; x_wconf 84' lang='lat' dir='ltr'>corporo</span> 
     </span>
    </p>
   </div>
   <div class='ocr_carea' id='block_1_5' title="bbox 216 5471 735 5546">
    <p class='ocr_par' dir='ltr' id='par_1_8' title="bbox 216 5471 735 5546">
     <span class='ocr_line' id='line_1_60' title="bbox 216 5471 735 5546; baseline 0.008 -22"><span class='ocrx_word' id='word_1_917' title='bbox 216 5471 289 5542; x_wconf 73' lang='lat'><strong>(250)</strong></span> <span class='ocrx_word' id='word_1_918' title='bbox 308 5475 467 5543; x_wconf 70' lang='grc' dir='ltr'><strong>Λεεεειιεεε,</strong></span> <span class='ocrx_word' id='word_1_919' title='bbox 479 5479 514 5529; x_wconf 85' lang='lat' dir='ltr'>lte</span> <span class='ocrx_word' id='word_1_920' title='bbox 525 5477 608 5531; x_wconf 79' lang='lat' dir='ltr'>uerbis</span> <span class='ocrx_word' id='word_1_921' title='bbox 619 5478 735 5546; x_wconf 74' lang='lat' dir='ltr'>Apostoli.</span> 
     </span>
    </p>
   </div>
   <div class='ocr_carea' id='block_1_6' title="bbox 0 0 1958 6052">
    <p class='ocr_par' dir='ltr' id='par_1_9' title="bbox 0 0 1958 6052">
     <span class='ocr_line' id='line_1_61' title="bbox 0 0 1958 6052; baseline 0 0"><span class='ocrx_word' id='word_1_922' title='bbox 0 0 1958 6052; x_wconf 95' lang='lat' dir='ltr'> </span> 
     </span>
    </p>
   </div>
  </div>
 </body>
</html>
