3906 6056
113 175 182 230 ιι93
448 173 701 232 COLLEGTANEA
719 175 756 230 ut
774 173 884 230 EPIST.
901 175 939 230 D.
962 175 1075 231 PAULI.
1090 205 1125 218 -·
1140 177 1177 232 IN
1196 177 1251 233 ΕΡ.
1271 178 1318 234 AD
1338 176 1423 234 ROM.
1654 119 1657 136 Ι
1694 175 1763 234 ilbi

114 295 249 352 indicant.
268 294 457 371 [Augustinus]
477 299 538 370 lpse
561 315 638 365 vero,
662 299 690 354 id
709 304 751 354 εει
765 313 916 370 pronomen
929 297 1015 362 Ased
1029 299 1118 355 Deum
1132 307 1158 355 et
1170 299 1326 368 Dominmn,
1344 301 1417 374 quod
1431 299 1492 373 ipsa
1505 299 1622 357 Trinitas
1642 299 1697 357 dici
1711 315 1763 372 po-

114 385 258 457 repetitum
278 385 447 442 identitatem
471 387 628 444 substantiae
651 387 779 455 insinuat,
805 387 874 443 sicut
888 393 915 442 et
966 395 1027 456 test,
1045 387 1154 460 singula
1174 389 1271 444 horum
1291 389 1373 444 trium
1395 388 1489 446 referri
1509 389 1544 446 ad
1568 389 1691 462 singulos
1712 405 1764 445 vo·

114 473 182 530 illud
198 475 271 546 quod
285 474 386 544 subdit,
402 475 457 548 ipsi
471 476 572 546 plotio,
591 491 646 532 non
669 475 733 531 dicit
753 475 830 548 ipsis.
853 476 914 532 Nou
964 475 1022 546 luit,
1039 477 1161 532 subdens
1174 492 1208 532 ex
1223 477 1293 548 ipso.
1309 478 1383 548 (3ιι)
1403 477 1509 550 Religet
1533 493 1601 552 ergo
1624 493 1674 535 vos
1696 491 1763 534 vera

115 563 188 619 enim
204 562 283 630 duos,
299 569 345 618 ant
361 571 417 619 tres
432 562 589 620 docendos
613 564 750 620 Catholica
772 563 912 636 praedicat,
965 563 1064 638 religio
1091 565 1138 620 uni
1165 565 1343 636 omnipotenti
1367 567 1435 633 Deo,
1459 567 1522 638 quia
1551 565 1622 622 inter
1643 573 1763 622 mentem

114 651 165 707 sed
180 651 268 724 ipsam
281 651 451 720 Trinitatem,
467 669 550 708 unum
567 653 662 723 Deum,
686 668 742 708 non
765 660 792 708 ut
818 653 914 708 eadem
965 661 1153 725 nostramque
1171 653 1248 709 illurn
1271 653 1458 726 intelligimus,
1480 662 1586 726 patrem
1610 663 1637 710 ει
1659 654 1763 711 verita-

114 740 233 796 Trinitas
248 739 328 795 simul
343 739 429 811 possit
440 740 493 796 dici
510 740 656 813 aliquando
666 742 754 808 Pater,
766 741 913 813 aliquando

113 828 208 894 Filius,
224 828 370 900 aliquando
380 828 498 900 Spiritus
506 837 625 896 sanctus,
634 829 703 886 sicut
713 829 846 885 Sabellius
855 846 915 886 cre·

114 916 169 984 dit;
181 917 230 972 sed
240 924 269 972 ut
279 917 359 972 Pater
368 933 423 972 non
435 918 477 984 sit,
490 915 542 972 nisi
553 917 644 985 Pater;
656 925 682 973 ει
697 917 779 973 Filius
794 933 848 973 non
867 917 912 986 sit,

113 1005 166 1060 nisi
177 1005 260 1060 Filius
272 1025 279 1072 ;
296 1012 323 1061 ει
338 1005 452 1077 Spiritus
463 1013 583 1072 sanctuS,
595 1021 649 1061 non
659 1005 711 1060 nisi
721 1006 836 1078 Spiritus
847 1021 913 1061 san-

114 1102 184 1150 ctus,
195 1095 227 1149 Et
237 1094 295 1150 haec
303 1093 428 1162 Trinitas,
438 1110 493 1150 non
503 1093 555 1149 nisi
566 1111 636 1149 unus
646 1095 729 1149 Deus.
742 1095 819 1150 Hanc
829 1093 915 1149 Trini-

114 1189 198 1239 tatem
212 1181 360 1255 Apostolus
373 1183 494 1239 creditur
508 1181 670 1251 insinuasse,
696 1198 757 1239 curn
781 1183 855 1252 dicit,
879 1199 913 1238 cx

113 1271 186 1343 ipso,
200 1278 227 1326 ει
241 1287 291 1343 per
306 1271 406 1343 ipsum,
422 1271 491 1327 etin
505 1270 566 1342 ipso
577 1279 640 1326 sunt
648 1271 748 1327 omnia.
761 1271 836 1344 (338)
846 1271 912 1327 Cum

112 1361 237 1416 audimus
248 1359 338 1416 omnia
347 1375 409 1416 esse
420 1377 452 1416 ex
463 1360 530 1426 Deo,
541 1376 636 1416 omnes
647 1360 739 1434 utique
749 1368 861 1416 naturas
875 1359 913 1415 in·

113 1448 235 1521 telligere
246 1449 387 1517 debemus,
399 1457 425 1504 et
435 1448 526 1505 omnia
536 1466 596 1521 quae
606 1449 765 1505 naturaliter
774 1457 846 1504 sunt.
861 1451 914 1504 Ne·

113 1553 166 1609 que
182 1537 253 1592 enim
271 1553 303 1593 ex
325 1537 385 1609 ipso
406 1545 468 1592 sunt
492 1545 602 1608 peccata
626 1554 686 1610 quae
709 1546 833 1593 naturam
858 1552 912 1593 non

965 750 1030 809 tem,
1046 742 1074 797 id
1088 749 1130 797 est
1145 742 1233 798 iucem
1248 741 1415 811 interiorem,
1431 758 1577 814 perquam
1591 743 1667 798 illum
1680 743 1763 800 intel-

966 831 1076 905 liffl'mus
1105 831 1180 886 nulla
1206 831 1367 903 interposita
1395 839 1438 887 est
1464 838 1598 888 creature.
1624 831 1763 906 [August]

966 920 1057 990 Quare
1072 919 1161 992 ipsam
1175 935 1284 992 quoque
1298 920 1439 975 veritatem
1456 919 1531 976 nulla
1544 935 1576 975 ex
1590 927 1669 991 parte
1684 920 1763 975 dissi·

965 1008 1077 1074 milem;
1093 1007 1119 1062 in
1134 1008 1204 1079 ipso,
1220 1015 1246 1063 ει
1260 1023 1323 1064 cum
1338 1007 1397 1080 ipso
1412 1009 1489 1063 Patre
1502 1023 1664 1064 ueneremur
1681 1024 1687 1064 :
1704 1025 1765 1080 quoe

967 1095 1053 1152 torma
1067 1104 1109 1152 est
1124 1097 1255 1166 omnium,
1273 1113 1334 1168 quae
1348 1097 1383 1151 ab
1406 1112 1460 1152 unc
1487 1096 1559 1153 lacta
1583 1105 1653 1162 sunt,
1678 1105 1704 1152 et
1728 1096 1764 1153 ad

965 1201 1049 1240 unum
1064 1184 1231 1252 referuntur,
1254 1201 1315 1256 quae
1330 1193 1420 1240 tamen
1442 1185 1532 1241 omnia
1556 1201 1645 1256 neque
1669 1183 1764 1242 fierent

966 1289 982 1328 a
996 1274 1075 1330 Patre
1089 1289 1139 1345 per
1153 1274 1260 1342 Filium,
1275 1289 1364 1346 neque
1379 1273 1436 1328 suis
1452 1271 1550 1328 linibus
1572 1273 1647 1328 salva
1661 1281 1763 1340 essent,

967 1361 1020 1417 nisi
1034 1362 1108 1418 Deus
1123 1378 1228 1417 summe
1243 1362 1331 1417 bonus
1346 1369 1428 1429 esset,
1452 1362 1498 1434 qui
1521 1370 1547 1416 et
1569 1360 1636 1416 nulli
1661 1368 1764 1416 natrura

968 1467 1028 1522 que
1044 1451 1078 1506 ab
1093 1450 1154 1523 ipso
1168 1451 1241 1506 bona
1261 1457 1342 1518 esset,
1366 1449 1461 1506 inridit
1478 1458 1527 1505 :et
1549 1449 1577 1504 in
1599 1449 1659 1520 ipso
1680 1449 1762 1516 bono,

968 1539 1022 1595 alia
1049 1541 1179 1611 quantum
1207 1539 1317 1605 vellent,
1348 1538 1553 1610 alioquentem
1585 1545 1708 1610 possent,
1736 1545 1766 1594 ut

113 1633 230 1694 servant,
246 1625 295 1682 sed
310 1625 413 1694 vitiant,
430 1641 490 1698 quae
505 1634 616 1697 peccata
630 1626 664 1681 de
683 1626 822 1682 voluntate
843 1641 911 1698 pec·
927 1659 953 1722 B
967 1635 1125 1694 manerent,
1156 1628 1247 1694 dedit,
1274 1643 1359 1699 quare
1385 1627 1475 1699 ipsum
1502 1627 1603 1682 donum
1626 1627 1677 1682 Dei
1701 1643 1764 1684 cum

113 1715 231 1771 cantium
246 1722 402 1782 nascuntur,
419 1723 444 1770 ει
459 1729 520 1770 oum
535 1715 563 1768 in
579 1717 636 1771 Deo
661 1716 714 1770 sint
738 1716 829 1771 omnia
854 1731 913 1788 quse
966 1717 1046 1772 Patre
1063 1723 1088 1772 et
1112 1715 1179 1772 Filio
1202 1731 1279 1787 aque
1303 1713 1522 1771 incommutabile
1546 1714 1647 1782 colere,
1671 1723 1697 1771 ει
1720 1722 1764 1772 ιε-

113 1803 243 1870 condidit,
270 1809 438 1859 nontamen
464 1803 607 1874 inquinant
631 1819 692 1859 eum
721 1803 766 1876 qui
787 1811 911 1874 peccaut.
964 1821 1029 1861 nere
1059 1820 1109 1860 nos
1135 1805 1278 1872 convenit,
1313 1803 1394 1859 unius
1431 1803 1589 1859 substantiae
1616 1803 1763 1860 trinitatem

113 1891 243 1962 Decujus
263 1891 394 1963 sapientia
413 1891 510 1947 dicitur
537 1907 543 1946 :
567 1892 691 1965 Attiuptt
714 1893 810 1948 omnio
836 1893 911 1964 (Sap.
964 1895 1079 1949 Deume
1094 1909 1147 1965 quo
1162 1909 1266 1958 sumus,
1283 1907 1334 1964 per
1351 1908 1432 1964 quem
1456 1909 1560 1958 sumus,
1585 1892 1612 1947 in
1637 1907 1691 1964 quo
1715 1908 1764 1947 su-

112 1979 184 2052 vru),
208 1986 319 2052 propter
341 1995 418 2034 suam
441 1980 610 2044 munditiam,
634 1989 660 2036 et
681 1981 718 2035 nil
743 1980 913 2052 inquinatum
963 1998 1034 2047 mus,
1054 1981 1131 2037 55
1148 1997 1165 2036 a
1181 1996 1235 2053 quo
1252 1979 1439 2048 discessimus,
1465 1980 1508 2036 oui
1531 1980 1679 2036 dissimiles
1701 1978 1766 2036 lacti

112 2069 140 2125 in
156 2085 217 2125 eam
231 2068 353 2124 incurrit.
370 2069 569 2124 Attendendum
594 2069 674 2124 etiarn
697 2077 739 2124 est
762 2068 836 2142 quod
858 2084 913 2124 non
964 2085 1067 2136 sumus,
1082 2085 1098 2124 a
1114 2085 1167 2140 quo
1187 2069 1279 2140 perire
1302 2084 1359 2124 non
1381 2068 1507 2140 permissi
1531 2085 1635 2138 sumus,
1659 2067 1765 2141 princi-

113 2158 152 2215 ait
165 2158 199 2213 de
213 2157 282 2229 ipso,
300 2157 349 2214 sed
364 2173 397 2212 ex
411 2157 471 2229 ipso
486 2164 549 2213 sunt
566 2157 666 2214 omnia.
690 2159 731 2213 Ex
754 2158 816 2229 ipso
839 2158 912 2213 enirn
963 2158 1038 2230 pium
1054 2157 1090 2213 ad
1103 2158 1176 2229 quod
1191 2157 1363 2226 recurrimus,
1380 2165 1405 2212 et
1426 2157 1540 2213 sormam
1564 2173 1647 2229 quam
1670 2158 1764 2230 sequi-

112 2263 167 2303 non
182 2247 234 2302 boc
250 2244 385 2319 significat
398 2247 508 2319 penitus
523 2247 595 2319 quod
608 2247 643 2302 de
658 2247 727 2320 ipso.
745 2245 824 2316 Quod
840 2247 912 2302 enim
963 2263 1033 2314 mur,
1052 2253 1079 2302 et
1094 2247 1206 2318 gratiam
1221 2262 1272 2317 per
1286 2261 1367 2318 quam
1382 2246 1601 2313 reconciliamur,
1613 2261 1696 2301 unum
1711 2263 1765 2318 quo

112 2337 147 2391 de
161 2335 220 2407 ipso
236 2343 286 2404 est,
302 2341 392 2406 potest
407 2334 593 2407 diciexipso,
608 2336 726 2391 sednon
743 2351 824 2393 omne
839 2336 912 2408 quod
962 2343 1073 2392 auctore
1089 2335 1189 2391 conditi
1203 2351 1316 2401 sumus;
1343 2342 1370 2390 et
1394 2334 1599 2390 similitudinem
1622 2335 1690 2404 ejus,
1715 2350 1765 2407 per

111 2441 146 2480 ex
161 2424 221 2495 ipso
235 2430 286 2491 εει,
303 2431 393 2495 ροιεει
406 2423 460 2479 dici
474 2439 536 2479 esse
556 2440 589 2480 ex
611 2423 679 2496 ipso,
706 2424 768 2497 quia
792 2441 847 2480 non
871 2431 912 2480 est
962 2441 1044 2497 quam
1060 2425 1095 2480 ad
1110 2423 1241 2479 unitatem
1256 2422 1455 2491 reformamur,
1471 2429 1497 2479 ει
1511 2438 1617 2495 pacem,
1633 2438 1686 2495 qua
1706 2421 1766 2478 uni·

112 2513 148 2569 de
177 2513 326 2568 substantia
349 2529 407 2567 sua.
433 2513 474 2567 Ex
497 2512 557 2584 ipso
582 2513 654 2568 enim
679 2521 741 2568 sunt
763 2512 863 2570 coelum
886 2521 912 2568 et
962 2513 1008 2568 teti
1023 2515 1205 2582 adbaeremus,
1221 2512 1325 2568 scilicet
1349 2513 1446 2581 Deum,
1472 2512 1519 2583 qui
1543 2511 1610 2567 dixit
1627 2527 1633 2566 :
1649 2511 1723 2580 risu
1739 2520 1766 2569 ει

111 2609 196 2666 terra,
212 2601 274 2674 quia
289 2601 348 2672 ipse
363 2599 426 2657 iecit
439 2617 490 2669 ea;
506 2617 561 2657 non
579 2609 669 2657 autem
694 2602 728 2658 de
751 2601 820 2674 ιρεο,
848 2601 912 2674 quia
964 2603 1093 2669 Verbum,
1108 2617 1158 2672 per
1173 2601 1245 2673 quod
1260 2600 1362 2657 iactum
1377 2609 1417 2656 est
1431 2615 1513 2656 omne
1536 2600 1611 2673 quod
1631 2600 1762 2658 substan-

111 2705 165 2746 non
181 2690 215 2745 de
243 2690 396 2746 substantia
418 2705 477 2746 sua.
505 2689 693 2764 [Augustinus]
717 2691 791 2747 Sicut
814 2689 911 2763 aliquis
962 2690 1061 2747 tialiter
1075 2689 1277 2746 etnaturaiiter
1299 2688 1398 2746 lactum
1421 2697 1482 2757 est;
1510 2697 1537 2745 et
1560 2689 1662 2745 donum
1682 2689 1762 2745 beni-

109 2779 192 2834 homo
207 2779 230 2833 si
245 2779 339 2852 gignat
353 2777 436 2833 fllium
451 2787 477 2832 et
491 2777 571 2833 iaciat
586 2779 707 2846 domurn,
734 2795 766 2834 ex
789 2779 849 2851 ipso
871 2786 911 2834 est
962 2779 1074 2852 gnitatis
1087 2779 1146 2848 ejus
1161 2794 1212 2850 qua
1226 2778 1337 2850 placuit,
1355 2787 1382 2834 et
1398 2778 1570 2835 conciliatum
1592 2785 1632 2834 est
1655 2778 1762 2835 auctori

110 2867 217 2933 domus,
233 2867 340 2938 exipso
355 2873 396 2921 est
410 2865 514 2933 Filius;
535 2867 583 2922 sed
607 2865 679 2921 dilus
703 2867 738 2922 de
761 2867 830 2939 ipso,
859 2866 911 2922 do·
961 2883 1020 2935 suo,
1035 2875 1064 2922 ut
1079 2883 1134 2922 non
1149 2867 1273 2922 interiret
1296 2867 1370 2939 quod
1393 2868 1427 2922 ab
1451 2883 1484 2923 eo
1508 2867 1696 2939 perverbum
1719 2866 1761 2923 ta·

109 2972 169 3010 mus
184 2971 250 3011 vero
264 2955 298 3011 de
312 2955 399 3028 ligno,
417 2963 443 3010 et
465 2955 500 3010 de
521 2963 595 3010 terra
619 2963 670 3010 εει.
696 2955 770 3026 (333)
795 2955 910 3027 Oportet
961 2963 1034 3011 ctum
1049 2963 1100 3010 est.
1117 2957 1192 3026 (stt)
1208 2957 1241 3010 Et
1253 2957 1295 3011 hae
1310 2963 1373 3010 surnt
1386 2971 1432 3011 res
1443 2955 1542 3027 quibus
1552 2954 1697 3011 fruendum
1708 2964 1759 3023 est,

6 3067 7 3076 ι
107 3044 193 3116 igitur
207 3051 235 3099 ut
249 3044 416 3111 Creatorem,
433 3059 484 3115 per
497 3060 529 3099 ea
553 3060 613 3116 quae
635 3043 707 3099 iacta
730 3051 801 3110 sunt,
825 3043 907 3098 intel·
925 3015 1063 3098 Gscilicet
1077 3043 1156 3098 Peter
1171 3050 1198 3098 et
1211 3043 1296 3097 Filius
1311 3051 1337 3098 et
1359 3043 1476 3113 Spiritus
1499 3051 1619 3110 sanctus,
1645 3041 1760 3099 eadem-

6 3155 7 3164 *
107 3133 179 3188 lectu
203 3131 403 3204 conspicientes
425 3131 581 3188 Trinitatem
604 3131 806 3204 intelligamus,
831 3133 909 3202 cujus
959 3147 1012 3203 que
1025 3130 1152 3197 Trinitas,
1169 3147 1221 3185 une
1236 3131 1359 3202 quaedam
1376 3145 1483 3185 summa
1499 3146 1542 3185 res
1557 3138 1607 3198 εει,
1633 3146 1758 3187 commu-

6 3267 7 3276 ,
107 3221 247 3276 Trinitatis
275 3221 421 3294 vestigium
451 3221 480 3276 in
503 3221 636 3277 creaturis
660 3229 781 3292 apparet.
808 3221 837 3274 ln
861 3221 909 3276 illa
958 3220 1055 3292 nisque
1071 3219 1197 3276 omnibus
1219 3218 1371 3275 fruentibus
1397 3234 1448 3288 ea;
1474 3219 1497 3274 si
1521 3226 1613 3275 tamen
1636 3236 1680 3276 res
1704 3220 1759 3278 dici

6 3331 7 3366 t
107 3310 181 3366 enim
203 3309 332 3365 Trinitate
357 3325 465 3365 summa
494 3317 535 3366 est
558 3309 636 3384 origo
662 3309 784 3365 omnium
803 3326 905 3379 rerum,
958 3308 1067 3376 debeat,
1084 3316 1110 3364 et
1125 3324 1180 3364 non
1194 3324 1286 3364 rerum
1309 3308 1430 3364 omnium
1453 3323 1545 3376 causa,
1570 3308 1593 3364 si
1617 3316 1707 3364 tamma
1731 3317 1758 3366 et

107 3406 134 3454 et
149 3397 348 3470 perfectissima
362 3398 543 3470 pulchritudo,
561 3405 588 3454 ει
607 3397 762 3454 beatissima
786 3397 906 3454 dilectio.
958 3413 1050 3455 causa.
1066 3399 1127 3454 Non
1143 3397 1215 3454 enim
1230 3397 1310 3454 facile
1331 3413 1441 3464 nomen,
1467 3398 1537 3470 quod
1561 3404 1643 3455 tantae
1665 3399 1759 3454 excel·

6 3513 7 3544 r
108 3487 202 3558 ltaque
217 3487 262 3541 illa
276 3485 325 3541 tria
345 3503 359 3540 ε
382 3503 411 3542 εε
435 3487 551 3543 invicem
572 3487 746 3543 determinari
770 3487 905 3554 videntur,
957 3485 1047 3543 lentiae
1062 3487 1216 3553 conveniat,
1232 3486 1348 3542 inveniri
1367 3494 1466 3557 potest,
1490 3486 1542 3542 nisi
1566 3487 1639 3560 quod
1660 3487 1758 3543 melius

6 3603 7 3632 r
107 3575 176 3631 etin
192 3591 222 3632 se
237 3573 338 3630 inlinita
353 3582 425 3630 sunt.
441 3577 480 3630 ite
495 3583 522 3631 et
536 3576 644 3649 singula
658 3583 719 3631 sunt
733 3577 761 3630 in
780 3573 905 3649 singuiis,
957 3575 1065 3641 dicitur,
1081 3575 1117 3630 ita
1131 3575 1249 3631 Trinitas
1264 3575 1321 3632 baec
1334 3591 1403 3630 unus
1427 3575 1510 3636 Deus.
1536 3591 1569 3630 ex
1586 3591 1640 3647 quc
1655 3575 1755 3644 omnia,

6 3691 7 3700 2
107 3671 135 3720 et
150 3663 242 3719 omnia
255 3663 283 3718 in
296 3663 420 3736 singulis,
433 3671 459 3719 et
469 3663 576 3738 singula
591 3665 619 3718 iu
634 3665 770 3732 omnibus,
783 3673 809 3720 et
823 3681 907 3718 unum
956 3679 1006 3734 per
1017 3679 1099 3735 quem
1114 3663 1215 3729 omnia,
1232 3663 1328 3735 inquo
1343 3663 1443 3729 omnia,
1459 3663 1498 3718 ita
1517 3664 1599 3718 Pater
1621 3670 1648 3719 et
1670 3663 1755 3719 Filius

6 3785 7 3796 ,
107 3752 207 3809 omnia.
223 3753 284 3808 Non
300 3769 367 3826 ergo
382 3752 495 3808 contuse
509 3753 697 3823 accipiendum
720 3761 761 3808 est
784 3753 857 3825 quod
871 3753 907 3808 ait
956 3760 983 3808 et
996 3752 1111 3823 Spiritus
1135 3759 1253 3818 sanctus,
1279 3751 1404 3824 singulus
1428 3751 1542 3824 quisque
1564 3767 1658 3807 eorum
1681 3751 1755 3808 Deus

106 3841 294 3913 Apostolusex
306 3843 375 3912 ipso,
387 3849 413 3896 et
423 3841 580 3913 peripsum,
590 3849 616 3897 ει
626 3841 722 3913 inipso
734 3842 904 3898 suntomnie.
956 3849 1007 3911 cst,
1019 3848 1046 3896 et
1060 3840 1141 3895 simul
1155 3855 1261 3908 omnes,
1273 3855 1345 3895 unus
1360 3841 1449 3906 Deus;
1464 3846 1490 3895 et
1505 3839 1629 3912 singulus
1639 3840 1753 3912 quisque

6 3959 8 3994 r
105 3931 147 3985 Ex
155 3931 215 4001 ipso
225 3930 290 3986 dicit
298 3937 408 4002 propter
416 3930 575 3994 Patrem,et
584 3947 634 4002 per
645 3929 732 4002 ipsum
741 3937 853 4002 propter
862 3930 905 3986 Fi·
956 3929 1052 3984 borum
1074 3929 1156 4000 plena
1185 3935 1226 3983 est
1249 3927 1406 3995 substantia,
1430 3936 1457 3984 et
1478 3927 1559 3983 simul
1581 3943 1677 3984 omnes
1699 3945 1755 3985 una

6 4057 8 4086 ,
105 4018 170 4073 lium
187 4018 214 4073 in
224 4019 284 4091 ipso
294 4025 406 4090 propter
417 4018 547 4090 Spiritum
558 4027 692 4076 sanctum.
703 4021 765 4074 Non
775 4019 813 4074 eit
823 4035 855 4074 ex
865 4019 907 4091 ip-
955 4017 1115 4072 substantia.
1133 4018 1208 4088 (343)
1224 4017 1301 4072 Pater
1321 4031 1372 4072 nec
1391 4025 1431 4072 est
1446 4015 1539 4087 Filius,
1565 4032 1616 4073 nec
1639 4017 1755 4088 Spiritus

6 4123 8 4174 j
105 4107 154 4174 sis,
166 4124 216 4178 per
225 4108 309 4180 ipsos,
320 4115 345 4163 ει
355 4108 383 4162 in
392 4107 476 4179 ipsis3
493 4123 544 4164 nec
554 4108 591 4163 ait
600 4108 667 4179 ipsis
676 4107 771 4180 gloria,
784 4108 832 4163 sed
842 4107 903 4179 ipsi.
955 4115 1081 4173 sanctus3
1096 4105 1179 4160 Filius
1194 4121 1245 4162 nec
1260 4112 1302 4160 est
1315 4107 1401 4172 Pater,
1418 4120 1469 4162 nec
1483 4105 1597 4177 Spiritus
1620 4113 1751 4174 sanctus;

7 4243 8 4248 ,
106 4195 247 4252 Insinuare
262 4195 358 4252 volens
372 4195 441 4252 hanc
456 4196 616 4252 Trinitatem
631 4213 714 4252 unum
729 4198 814 4252 Deum
832 4213 902 4252 esse.
954 4194 1071 4265 Spiritus
1086 4200 1205 4261 sanctus,
1224 4209 1275 4250 nec
1298 4195 1386 4261 Pater,
1411 4210 1462 4250 nec
1483 4193 1576 4262 Filius,
1601 4195 1650 4252 sed
1673 4196 1753 4251 Pater

6 4347 7 4352 η
106 4283 246 4357 [August]
260 4285 328 4339 Illud
343 4300 408 4340 vero
422 4285 568 4358 vigilanter
581 4285 700 4356 intende,
723 4301 758 4341 ne
773 4285 837 4357 quia
852 4286 903 4341 Pa·
953 4289 1056 4337 tanturn
1071 4283 1161 4349 Pater,
1177 4290 1204 4338 et
1227 4281 1311 4338 Filius
1334 4290 1438 4338 tantum
1460 4283 1563 4350 Filius;
1586 4290 1613 4339 et
1634 4283 1751 4356 Spiritus

6 4409 8 4442 ,
106 4380 175 4428 trem
196 4372 292 4429 uolens
315 4373 438 4446 intelligi,
463 4373 529 4430 dicit
551 4390 583 4428 ex
608 4373 677 4445 ipso,
704 4373 744 4430 sic
767 4373 1073 4447 intelligastanctus,
1091 4378 1192 4426 tantum
1208 4371 1325 4442 Spiritus
1334 4379 1453 4428 sanctus.
1464 4372 1569 4427 Eadem
1578 4371 1752 4428 tribusaeter·

6 4499 7 4506 ,
105 4460 196 4518 omnia
211 4477 272 4516 esse
286 4477 319 4517 ex
334 4462 423 4530 Patre,
440 4469 468 4517 ut
484 4477 569 4534 neges
583 4462 673 4518 omnia
687 4479 749 4518 essa
773 4478 805 4517 ex
824 4461 901 4529 Filio,

6 4589 7 4592 η
104 4548 149 4605 vel
165 4565 198 4604 ex
212 4549 312 4621 Spiritu
327 4558 432 4618 sancto,
450 4565 511 4607 cum
526 4567 560 4606 ex
575 4551 662 4613 Patre,
681 4558 707 4606 ει
718 4567 769 4622 per
783 4552 901 4618 Patrem,

6 4683 7 4708 ,
104 4645 132 4694 ct
147 4637 174 4692 iu
190 4639 266 4692 Patre
280 4637 369 4693 omnia
384 4653 445 4694 εεεε
461 4654 527 4695 sane
542 4639 597 4695 dici
613 4639 709 4710 possit,
733 4639 857 4694 similiter
868 4638 903 4694 dc

105 4726 174 4781 Filio
190 4734 216 4782 ει
231 4725 329 4797 Spiritu
345 4735 438 4782 sancto
452 4727 507 4784 dici
519 4735 621 4799 potest.
640 4730 680 4784 Ac
700 4743 750 4800 per
769 4728 821 4783 boc
838 4727 902 4784 dum

104 4813 203 4870 dicitur
217 4830 250 4870 ex
264 4814 333 4887 ipso,
350 4822 377 4871 ει
391 4832 440 4887 per
454 4816 552 4888 ipsum,
569 4816 636 4873 etin
651 4816 711 4888 ipso
728 4823 790 4870 sunt
800 4815 901 4883 omnia,

6 4947 7 4980 ,
104 4901 165 4958 sine
178 4902 262 4959 dubio
276 4903 373 4974 Patris,
388 4912 414 4960 et
428 4905 497 4972 Filii,
514 4914 541 4960 et
556 4905 673 4978 Spiritus
690 4903 776 4961 sancti
790 4904 903 4959 demon-

104 4990 233 5046 strabitur
246 4992 395 5064 aequalitas.
412 4993 488 5066 (3ιθ)
505 4994 540 5048 Ει
563 4994 626 5066 quia
650 5009 703 5049 non
727 5001 788 5049 ente
812 4992 902 5048 norni-

6 5131 7 5158 ἒ
101 5088 216 5135 navarat
230 5081 348 5150 Patrem,
363 5081 407 5136 vel
424 5081 529 5149 Filium,
545 5081 590 5138 vel
614 5081 743 5154 Spiritum
767 5089 901 5154 sanctum,

134 5257 206 5324 (333)
224 5259 327 5322 August.
341 5260 376 5311 ita
388 5263 476 5312 nature
489 5259 556 5311 boni.

137 5326 205 5388 (333)
223 5325 327 5390 ld..,1tc
339 5326 471 5378 trinitate.

134 5391 207 5460 (330)
224 5391 273 5460 ta,
284 5392 311 5448 in
324 5393 420 5450 codam.

952 4459 1032 4530 nitas,
1062 4460 1158 4515 eadem
1185 4460 1456 4530 incommutabilitas,
1486 4461 1582 4516 eadem
1609 4461 1749 4530 majestas,

952 4548 1049 4604 eadem
1064 4555 1194 4619 potestas.
1211 4549 1242 4602 ln
1256 4549 1336 4605 Patre
1350 4549 1448 4615 unitas,
1464 4549 1491 4602 in
1508 4549 1575 4604 Filio
1598 4549 1749 4621 aequalitas,

952 4636 980 4691 in
1003 4637 1104 4708 Spiritu
1128 4645 1222 4692 sancto
1250 4637 1362 4693 unitatis
1390 4636 1605 4709 aequalitatisque
1633 4653 1750 4694 concor-

953 4725 1008 4782 dia.
1024 4727 1058 4781 Et
1073 4725 1124 4780 tric
1137 4727 1205 4792 hoec,
1222 4725 1338 4782 dicimus
1353 4742 1437 4781 unum
1449 4725 1541 4782 omnia
1560 4733 1672 4799 propter
1696 4727 1750 4782 Pa-

952 4822 1031 4881 trem,
1048 4814 1162 4887 aequalia
1178 4815 1269 4870 omnia
1282 4822 1392 4886 propter
1412 4813 1517 4884 Filium,
1544 4829 1665 4871 connexa
1688 4830 1750 4870 orn-

952 4903 997 4959 nia
1011 4910 1121 4974 propter
1136 4902 1266 4973 Spiritum
1281 4911 1423 4971 sanctum
1439 4911 1530 4958 tamen
1554 4921 1648 4971 uuum,
1673 4903 1751 4960 scili-

952 4999 995 5048 cet
1009 4991 1153 5046 Dominum
1166 5007 1228 5046 esse
1243 4991 1341 5058 solum,
1355 4991 1399 5048 cui
1414 4992 1531 5049 servitus
1554 4991 1600 5048 illa
1623 4992 1747 5062 debatur,

953 5095 1013 5152 quae
1025 5079 1106 5135 latria
1121 5078 1219 5136 Graeco
1233 5081 1366 5136 vocabulo
1379 5088 1560 5154 nuncupetur.
1578 5079 1661 5152 Patri,
1678 5081 1750 5140 euiru

987 5252 1059 5322 (3ιι)
1078 5255 1125 5320 td,
1138 5256 1173 5308 ita
1185 5267 1244 5306 uem
1256 5255 1382 5319 reltrdoue.

986 5323 1054 5383 (stat
1072 5321 1120 5386 ut,
1134 5323 1168 5374 lta
1179 5321 1292 5374 doctrina
1304 5321 1454 5375 christiana.

987 5387 1057 5457 tots)
1075 5389 1125 5455 ιιι,
1137 5391 1163 5441 lu
1173 5389 1218 5442 lib.
1230 5403 1265 5452 u,
1279 5391 1313 5442 lte
1323 5391 1393 5446 Trio.
