3870 6064
130 153 191 208 hii
602 149 885 209 coniunctionum
898 149 935 206 IN
950 149 1118 208 PSALIIOS.
1135 181 1170 194 -·
1185 152 1280 210 astu.
1296 153 1397 209 XXIII.
1737 154 1790 210 als

139 277 209 332 bam
224 277 327 342 Aaron,
344 283 371 332 et
386 275 413 330 in
429 289 508 331 ovam
530 275 615 331 restIs
637 275 696 344 ejus
719 275 809 345 (Psol.
835 273 947 343 cxxxu)
961 273 1051 341 Atur,
1077 273 1238 344 adiuvando.
1260 273 1345 344 Quasi
1368 275 1464 332 dicato
1485 277 1549 333 ilaeo
1569 275 1735 332 omnIamihi
1751 274 1794 331 ie·

139 365 179 420 Et
198 372 250 435 εει,
272 365 462 438 lmpiopaostt
483 368 571 440 caput
592 379 688 420 meum
710 365 743 418 ia
761 363 831 428 otoo,
855 361 883 417 id
906 369 948 417 est
997 363 1067 430 cisti,
1085 373 1111 418 et
1126 369 1187 434 post
1208 364 1266 419 haeo
1285 363 1387 429 omnia,
1402 366 1596 421 misericordia
1620 368 1670 420 tuo
1694 364 1792 420 subse-

60 509 62 512 .
139 452 280 508 ChrIstum
317 451 465 523 implevisti
507 450 643 523 spirituali
675 449 772 524 gratia,
806 449 841 505 de
869 449 947 518 cujus
998 458 1095 522 quotus·
1108 466 1162 522 me,
1183 451 1310 506 omnibus
1335 449 1518 508 diebusvitae
1546 468 1624 518 mese,
1648 467 1703 507 non
1729 458 1791 516 tuae,

137 540 313 612 plenitudiue
327 555 379 596 nos
392 539 549 610 accepimus
565 539 654 609 (Joan.
666 539 696 609 ι).
713 537 772 608 Vel,
789 543 869 608 caput
883 537 947 592 dicit
997 537 1144 611 [Cassiod]
1159 539 1237 594 idest
1252 539 1370 610 quandiu
1385 539 1451 595 vivit
1469 539 1496 593 in
1523 541 1575 595 hac
1602 538 1708 595 mortali
1727 539 1792 596 vita.

140 628 187 682 vit
199 627 290 697 justus
303 635 423 683 mentem
439 643 525 682 suam.
550 628 584 681 Et
598 635 650 692 est,
676 625 851 698 impinguasti
867 632 946 694 caput
996 625 1091 699 [hug]
1106 627 1167 682 Non
1182 628 1241 682 haeo
1256 628 1439 698 subsequatur
1461 643 1506 683 me
1528 627 1564 682 ad
1578 627 1711 684 servanda
1721 643 1794 697 pvae-

139 733 237 771 meum
264 716 292 771 in
316 716 387 783 oleo,
416 713 511 788 [Aug]
540 713 630 770 idest
658 711 800 769 letificasti
827 720 945 768 mentem
996 715 1131 783 cedenda,
1149 715 1304 780 sedetiam,

137 819 234 861 meam
249 803 384 876 spirituali
408 801 508 870 laetitia,
530 807 560 858 et
582 803 661 860 cotis
685 817 777 858 mom.
798 800 946 874 [Cassiod]
1033 802 1117 858 Vens,
1133 807 1159 858 9.
1175 833 1209 844 -
1230 824 1242 854 ι
1263 805 1297 857 Ει
1313 811 1341 858 ut
1365 803 1514 870 inhabitem
1527 802 1555 859 iu
1578 801 1659 859 domo
1674 801 1792 870 DomIni,

138 893 224 948 Nona
236 907 302 964 pars
326 891 372 947 ubi
396 898 507 947 notatur
527 905 600 947 nona
615 889 711 962 grstia,
728 905 789 962 quae
812 896 854 944 est
876 887 946 945 calix
998 911 1010 942 ε
1027 891 1054 946 in
1065 890 1262 964 longitudinem
1278 891 1393 947 dierum.
1410 910 1423 942 s

136 979 354 1048 benedictionis,
379 979 463 1034 idest
487 978 588 1034 Christi
616 977 738 1050 sanguis,
769 977 816 1049 qui
831 976 944 1033 sloine-
1031 978 1125 1052 [hug]
1140 981 1174 1035 at
1189 984 1223 1034 at
1237 980 1403 1047 inhabitem,
1429 980 1457 1035 in
1480 979 1568 1035 lutuno
1592 979 1621 1034 In
1644 980 1725 1035 domo
1740 981 1795 1035 Do-

135 1068 214 1122 briat
228 1075 256 1122 ut
275 1067 385 1123 sobrios
400 1067 505 1122 reddat.
522 1067 622 1122 lithos
638 1073 689 1132 est,
706 1066 787 1121 colia
802 1073 873 1131 tuus,
890 1063 943 1131 vel,
995 1067 1072 1135 mini,
1088 1083 1142 1123 noo
1158 1067 1319 1124 manufacta.
1346 1069 1380 1123 lit
1393 1067 1448 1136 hio,
1464 1069 1496 1126 ic
1511 1067 1719 1140 longitudiooem
1733 1069 1795 1124 die-

136 1173 240 1224 measo,
256 1163 320 1212 tuus
339 1155 402 1228 quia
412 1155 471 1220 das,
487 1171 564 1210 meus
578 1154 640 1226 quia
656 1153 771 1225 accipio,
788 1154 943 1220 inebrians,

134 1243 236 1317 [hug]
251 1243 281 1299 id
294 1251 336 1299 est
349 1244 418 1299 dans
447 1242 613 1300 obliuionem
634 1257 765 1297 vanarum
784 1241 944 1297 delectabo-

136 1348 218 1402 num,
228 1349 313 1405 quom
325 1333 483 1404 preclaros
496 1336 547 1388 est.
569 1329 717 1405 [Cassiod]
732 1331 785 1385 Dat
799 1329 870 1384 enlm
887 1329 944 1384 ola-

995 1173 1070 1222 vam,
1087 1155 1115 1210 id
1138 1163 1179 1210 est
1201 1155 1374 1210 eternaliter.
1390 1155 1521 1228 [nticula]
1537 1155 1585 1210 Vel
1610 1155 1691 1212 aliter
1705 1155 1794 1212 conti-

995 1252 1092 1299 nuetur
1113 1243 1158 1300 hio
1173 1259 1268 1300 versus
1282 1244 1316 1298 ad
1335 1244 1530 1314 praecedentia.
1557 1245 1647 1300 Potest
1662 1244 1734 1300 enim
1750 1244 1794 1299 hic

995 1347 1091 1388 versus
1107 1332 1160 1388 iste
1187 1332 1314 1388 omnibus
1336 1332 1521 1404 superioribus
1542 1332 1631 1405 jungi.
1653 1331 1738 1404 Quasi
1752 1333 1794 1388 di-

136 1420 252 1476 ritatem
281 1427 389 1475 aeternae
417 1419 489 1475 vitae.
514 1419 584 1474 Nota
606 1421 679 1490 quod
703 1417 825 1487 calicem,
851 1417 879 1473 id
902 1425 944 1472 εει
994 1428 1065 1476 εει;
1092 1419 1246 1488 Collocasti,
1271 1421 1403 1485 educasti,
1427 1419 1573 1486 deduxisti
1610 1429 1663 1477 eto.
1687 1421 1792 1477 lithos

136 1507 306 1580 sanguinem
320 1506 419 1562 Christi
434 1523 484 1578 per
500 1523 530 1562 se
554 1507 640 1578 ponit,
670 1505 747 1578 quasi
774 1505 854 1562 aliam
875 1521 943 1578 gra·
993 1507 1066 1575 ideo,
1083 1516 1111 1562 ut
1125 1508 1273 1564 inhabitem
1288 1508 1317 1562 in
1332 1508 1414 1564 domo
1424 1507 1532 1563 Domini
1547 1507 1673 1564 omnibus
1696 1508 1792 1564 diebus

134 1595 208 1650 tiam
218 1611 233 1650 a
245 1611 350 1660 mensa,
359 1595 388 1650 id
401 1603 443 1651 εει
457 1610 473 1648 a
487 1611 588 1662 aame3
618 1611 680 1651 oum
699 1602 789 1649 tamen
811 1609 862 1649 nec
880 1609 942 1649 caro
955 1633 982 1693 B
995 1596 1055 1651 vitae
1065 1611 1134 1652 mea
1148 1595 1175 1650 in
1191 1596 1389 1669 longitudinem
1403 1596 1523 1652 dierum.
1802 1591 1804 1598 ’

137 1684 202 1740 sine
217 1683 362 1757 sanguine,
386 1699 438 1739 neo
462 1683 573 1756 sanguis
591 1683 649 1738 sine
666 1699 749 1738 earne
768 1681 855 1752 possit
867 1697 937 1748 esse,
1028 1685 1155 1740 Cantetur
1176 1684 1228 1740 iste
1251 1683 1373 1756 psalmus
1401 1683 1429 1738 in
1443 1683 1580 1756 exsequiis
1603 1683 1790 1741 detunctorum

135 1771 181 1827 vel
197 1771 280 1836 sumi,
297 1787 349 1827 neo
363 1771 400 1826 ibi
423 1770 477 1826 sint
498 1772 553 1826 duo
575 1780 758 1836 sacramenta,
775 1770 824 1825 sed
846 1786 940 1825 unum.
990 1771 1120 1839 lidelium,
1134 1772 1196 1844 quia
1210 1789 1259 1843 per
1273 1772 1376 1844 gratias
1399 1772 1442 1827 hio
1465 1779 1639 1828 enumeratas
1654 1772 1727 1828 velut
1737 1787 1790 1843 per

133 1859 268 1932 [dicuinl.
285 1859 339 1914 Sed
354 1859 417 1931 quia
446 1875 497 1915 neo
524 1873 587 1914 caro
601 1867 643 1914 est
663 1858 785 1932 sanguis,
809 1873 860 1914 nec
875 1874 940 1912 sen·
990 1860 1124 1930 quasdam
1141 1860 1227 1914 dietas
1242 1859 1277 1914 ad
1293 1860 1376 1915 vitam
1400 1859 1557 1916 ascenditur
1576 1867 1712 1930 aeternem,
1728 1869 1788 1934 quae

133 1947 200 2019 guis
216 1955 259 2002 est
272 1963 358 2014 caro;
384 1955 411 2002 ει
427 1947 505 2019 panis
528 1947 556 2002 in
584 1963 696 2003 carnem
721 1947 897 2013 convertitur,
915 1954 941 2001 et

134 2035 273 2091 vinumin
287 2035 459 2108 sanguinem,
476 2043 502 2091 et
526 2051 581 2091 noo
598 2049 760 2102 econverso,
784 2042 809 2089 ot
825 2035 877 2089 sub
895 2034 939 2089 di-

133 2123 225 2178 versis
240 2123 385 2194 speciebus
400 2131 544 2196 utrumque
572 2123 708 2178 sumitur:
726 2123 788 2178 ideo
816 2138 939 2178 mensam

132 2219 159 2266 et
174 2211 292 2268 calicem
306 2211 351 2267 hio
365 2211 515 2284 distinguit,
532 2210 605 2267 velut
620 2211 741 2266 diversas
755 2211 866 2282 gratias.

169 2353 247 2408 Pras
261 2365 290 2418 x,
312 2367 392 2408 vans.
409 2357 434 2408 8.
450 2384 486 2393 -
502 2374 513 2403 ι
531 2353 565 2408 Ει
580 2351 767 2409 misericordia
778 2360 823 2407 tua
839 2353 937 2408 subse-

131 2464 143 2488 «
161 2449 266 2513 quetur
278 2457 322 2496 me
336 2441 461 2496 omnibus
476 2441 572 2496 diebus
587 2441 648 2496 vitae
663 2457 740 2496 meae.
756 2461 767 2490 ε

167 2565 205 2618 Ει
231 2563 431 2620 miserIcordit.
460 2563 609 2636 [Cassiod]
638 2562 751 2618 DeoIma
787 2579 860 2634 pars,
891 2563 937 2616 ubi

130 2658 208 2707 notet
227 2651 334 2709 decIma
351 2651 448 2724 gratia,
469 2668 530 2723 qum
559 2659 600 2707 est
628 2651 815 2707 misericordia
836 2651 936 2706 subse-

133 2755 224 2811 quens
236 2739 273 2794 ad
287 2739 451 2806 custodiam,
468 2755 529 2812 quae
542 2739 672 2811 praecedit
685 2739 721 2794 ad
736 2739 852 2810 gratIarn
875 2754 935 2794 oon·

132 2825 275 2883 lesendam
290 2827 359 2898 (st).
376 2828 453 2884 Unde
468 2827 656 2900 misericordia
672 2835 726 2894 tua,
746 2829 873 2895 Domine,
885 2843 935 2882 nos

133 2917 281 2986 preveniat
297 2924 323 2972 et
338 2923 478 2988 sequatur,
488 2915 818 2988 praveniotinspirsndo;
834 2931 934 2987 sequa-

989 1956 1054 2004 tuno
1063 1945 1188 2004 fidelibus
1202 1954 1312 2020 optatur
1326 1955 1352 2003 et
1367 1955 1462 2003 oratur

989 2085 1122 2126 coaaavto
1136 2087 1166 2126 tot
1198 2086 1328 2128 asama!
1356 2086 1417 2128 xxti
1434 2088 1471 2128 Η
1495 2087 1620 2128 nouimus
1640 2085 1723 2128 atium
1736 2087 1786 2138 11,

1307 2175 1343 2216 ΕΤ
1357 2175 1446 2216 ulula.
1465 2180 1477 2209 ²

1024 2265 1108 2320 vass.
1119 2269 1164 2322 hi.
1177 2293 1211 2306 —-
1228 2266 1310 2322 Catia
1320 2283 1400 2324 moos
1410 2267 1563 2332 inebrians,
1574 2281 1660 2340 paam
1667 2267 1788 2340 proeolc·

987 2352 1036 2391 ras
1052 2339 1103 2390 est.
1120 2335 1235 2392 Haebrrei
1246 2335 1346 2392 iaciunt
1358 2335 1440 2392 linem
1449 2352 1555 2406 versus,
1567 2337 1595 2391 in
1605 2352 1637 2393 eo
1650 2336 1721 2408 quod
1734 2345 1785 2404 est,

987 2406 1141 2472 inebrians,
1159 2406 1258 2462 deiude
1280 2407 1411 2478 incipiunt
1429 2415 1591 2478 sequentem
1605 2422 1722 2473 versum,
1740 2411 1786 2462 tc-

986 2477 1187 2542 mendositas,
1205 2484 1257 2532 eto.
1279 2477 1454 2549 Septuaginta
1482 2483 1575 2532 autem
1590 2476 1735 2544 junxerunt
1750 2477 1786 2530 ad

987 2547 1112 2600 eumdem
1125 2563 1234 2602 versum
1243 2557 1300 2607 :lto
1314 2559 1354 2632 'fo
1367 2563 1401 2602 ac
1415 2563 1468 2602 roa
1480 2547 1633 2618 presseram
1649 2561 1709 2602 oum
1721 2561 1783 2617 par·

986 2633 1067 2688 tioula
1082 2645 1139 2694 :lte
1154 2648 1207 2689 τοε
1222 2632 1358 2705 significet
1380 2635 1491 2700 bonum,
1506 2634 1660 2707 pulchrum,
1689 2641 1715 2689 et
1730 2648 1783 2688 no-

986 2712 1041 2757 tum
1053 2704 1086 2758 sit
1100 2704 1258 2776 psalterium
1273 2705 1358 2777 lyrico
1373 2705 1493 2761 carmine
1514 2721 1635 2770 currere,
1651 2712 1679 2759 ut
1700 2719 1783 2774 supra

986 2775 1071 2829 semel
1085 2784 1112 2830 et
1126 2775 1223 2832 iterum
1237 2783 1377 2832 ostensum
1392 2784 1443 2832 εει.
1454 2775 1680 2831 Bonitatomvero
1695 2780 1783 2840 sonat,

985 2845 1031 2899 ubi
1047 2853 1087 2900 est
1098 2862 1159 2902 cum
1175 2861 1225 2901 vsu
1239 2846 1320 2902 sured
1347 2847 1421 2919 quod
1442 2854 1547 2914 vocant,
1567 2863 1600 2902 ex
1614 2844 1702 2902 Rabbi
1726 2845 1784 2901 Da-

985 2915 1031 2970 vid
1044 2916 1073 2969 ln
1087 2915 1156 2972 libro
1171 2916 1292 2972 radicum
1302 2927 1358 2976 :m
1378 2933 1440 2972 vuu.

704 3123 989 3232 PSALMUS
1031 3123 1214 3234 XXIII.

131 3425 358 3468 asaaurrrruaus
369 3431 376 3468 ε
388 3431 399 3466 ι
412 3427 535 3469 esauuos
545 3429 630 3468 nsvin
645 3427 770 3469 rurnma
781 3428 929 3469 sannam.»
946 3397 1080 3460 Cdlcilffl'
1095 3416 1101 3456 ἓ
1119 3400 1215 3456 eidem
1229 3415 1291 3471 <1¹1ae
1305 3399 1364 3454 dies
1379 3398 1427 3454 [¹¹5²
1454 3399 1543 3470 lilim
1566 3397 1594 3452 11¹
1612 3396 1782 3468 Dli¹¹¹0¹¹diflli

155 3520 272 3575 Domini
281 3524 325 3576 est
335 3519 529 3576 torro.Titulus
541 3537 548 3576 ι
560 3521 691 3576 Psolmus
701 3520 829 3590 Decidio
838 3523 934 3594 primo

131 3607 254 3664 Sublati.
271 3607 360 3663 Prima
376 3608 486 3664 sabbati
500 3607 598 3665 dicitur
613 3609 672 3664 dies
686 3609 775 3679 prima
790 3616 853 3680 post
863 3609 933 3664 Sob-

131 3695 224 3750 batum
235 3697 303 3766 (58).
320 3696 429 3752 Hehraei
438 3711 557 3768 namque
567 3705 680 3768 propter
689 3697 850 3768 dignitatem
862 3697 932 3754 Sab-

131 3783 186 3838 bati
200 3798 299 3838 omnes
313 3783 373 3839 dies
388 3783 456 3839 alios
470 3785 606 3856 appellant
628 3784 737 3840 numine
753 3785 874 3852 Sabbati,
887 3785 931 3840 di-

131 3880 226 3927 oentes
240 3871 359 3943 primam
372 3872 493 3942 Sabbati,
510 3873 659 3929 secundam
675 3873 798 3939 Sabbati,
815 3882 841 3929 et
855 3874 932 3929 deiu-

131 3976 207 4031 ceps,
225 3959 296 4016 sicut
310 3960 427 4033 gentiles
442 3961 501 4018 sIIes
515 3961 688 4033 appellabant
703 3961 857 4017 homiuibus
872 3961 932 4033 pla·

131 4055 268 4114 netarum,
292 4049 415 4104 dicentes
441 4049 515 4105 diem
543 4050 635 4116 Lunae,
653 4050 725 4106 diem
748 4050 931 4117 llartis,diem

132 4136 267 4204 hiemum,
284 4144 337 4194 ειε.
359 4137 504 4194 Christiani
523 4153 589 4194 vero
612 4137 672 4194 dles
687 4138 823 4210 appellant
838 4137 929 4204 ferias,

131 4241 165 4282 eo
181 4225 256 4298 quod
270 4226 398 4281 omnibus
412 4226 509 4282 diebus
520 4241 537 4282 a
551 4224 642 4282 servili
652 4241 744 4298 opere,
756 4226 784 4281 id
792 4234 833 4282 εει
844 4243 858 4282 ε
870 4242 930 4298 pec·

101 4361 105 4366 .
131 4322 191 4370 osto
206 4329 319 4370 cessare
338 4314 480 4370 dehemus.
505 4313 659 4388 [Cassiod]
679 4315 710 4370 ln
723 4314 812 4386 prima
840 4322 930 4370 autem

984 3503 1074 3544 rerum
1089 3488 1253 3544 conditione.
1271 3487 1401 3562 [alcuin]
1426 3486 1576 3542 lotentione
1590 3494 1682 3542 monet
1695 3485 1782 3541 viato-

983 3593 1042 3632 rem
1057 3577 1191 3632 Christum
1207 3593 1269 3632 oum
1297 3576 1435 3647 triumpho
1459 3575 1600 3646 suscipere
1622 3572 1779 3647 [Cassiod.].

982 3664 1077 3719 Modus
1105 3664 1184 3730 talis;
1214 3663 1365 3735 tripartitus
1389 3671 1431 3718 est
1447 3661 1579 3734 psalmus.
1601 3661 1692 3717 Priuro
1716 3661 1781 3718 dicit

983 3758 1067 3806 totum
1082 3752 1175 3807 orbem
1192 3767 1254 3806 esse
1264 3752 1324 3818 Dei,
1344 3759 1373 3806 ut
1392 3751 1460 3806 sicut
1474 3749 1562 3806 nullus
1577 3749 1612 3804 ab
1622 3749 1680 3817 ejus
1690 3749 1780 3818 impe·

982 3839 1033 3904 rio,
1050 3839 1086 3894 ita
1101 3855 1152 3894 neo
1166 3854 1182 3893 a
1197 3838 1250 3894 fide
1265 3839 1323 3908 ejus
1340 3839 1375 3892 sit
1387 3838 1501 3894 alienus.
1531 3837 1657 3893 Secundo
1684 3836 1778 3892 deter-

982 3925 1066 3982 minat
1084 3927 1181 3998 quihus
1216 3927 1357 3981 virtutihus
1386 3925 1493 3996 praediti
1515 3925 1567 3979 sint
1591 3924 1618 3979 ln
1641 3923 1775 3992 Eoolesia,

981 4015 1028 4081 ibi,
1044 4016 1105 4088 qais
1123 4015 1265 4070 ascendet.
1291 4014 1393 4080 Tertio,
1410 4012 1615 4085 superstitiosos
1641 4019 1737 4068 avocat
1761 4026 1778 4067 a

980 4103 1125 4176 pravitate,
1153 4110 1182 4158 ut
1196 4101 1296 4174 patulis
1324 4102 1453 4158 cordibus
1474 4101 1609 4157 Christum
1637 4099 1777 4171 recipiant,

980 4192 1027 4259 ibi,
1044 4193 1169 4248 attollite
1179 4195 1285 4264 portos.
1297 4191 1435 4262 Propheta
1444 4190 1536 4262 itaque
1550 4205 1566 4244 a
1581 4189 1663 4245 slmili
1672 4204 1779 4261 praeao·

980 4280 1033 4351 nis,
1050 4280 1095 4352 qui
1114 4287 1174 4351 ρρει
1191 4279 1358 4350 triumphum
1380 4287 1463 4336 totam
1479 4285 1578 4334 terram
1597 4278 1694 4334 clamat
1718 4292 1780 4333 esse

980 4368 1091 4424 viatoris
1106 4368 1311 4425 resurrectionis
1320 4367 1420 4423 Christi
1436 4366 1553 4440 gloriam
1561 4365 1714 4431 attendens,
1724 4364 1778 4420 ait:

132 4401 253 4468 Sabbati,
270 4403 389 4460 mundus
404 4403 528 4460 conditus
542 4411 592 4473 est,
610 4411 636 4458 et
649 4404 696 4458 lux
710 4403 797 4464 divIsa
824 4419 840 4457 a
855 4410 931 4458 tene-

131 4491 189 4544 bris
203 4490 289 4546 rebus
303 4490 433 4559 contusis,
451 4500 532 4564 atque
555 4491 718 4547 informibus
733 4491 930 4562 accipientibus
1016 4476 1101 4530 ΨΜ·
1120 4479 1144 4530 ¹·
1161 4506 1196 4515 -
1213 4496 1225 4526 ι
1242 4474 1401 4531 ὓθῐῦῑῦῑθὸῑ
1413 4481 1485 4530 ίθῑΐθ
1500 4481 1527 4528 θῑ
1541 4471 1681 4543 Pleniffldll
1695 4471 1773 4540 ejus,

130 4579 246 4649 formas,
263 4588 290 4634 et
302 4579 331 4635 in
344 4580 441 4635 eadem
456 4580 501 4636 die
516 4579 637 4636 Christus
653 4579 784 4650 depositis
804 4579 929 4634 mortali·
982 4585 993 4614 ι
1015 4564 1089 4619 0ΐῦῑὸ
1103 4571 1248 4632 terrarum,
1266 4562 1422 4619 θῑῑῐῦῐιθΐθῖ
1437 4561 1483 4633 qui
1505 4559 1627 4615 bilbilim
1642 4559 1671 4614 ᾗ]
1685 4573 1729 4615 0⁰·
1748 4579 1760 4608 '

132 4667 193 4722 [2115
206 4668 340 4734 tenebris,
356 4666 519 4724 olarififflmg
529 4677 581 4736 est,
598 4676 623 4724 01
636 4669 718 4724 h0m0
735 4667 848 4740 depulsa
860 4683 928 4739 pec.
1014 4653 1138 4719 Dareitai,
1150 4652 1177 4708 id
1192 4659 1233 4708 εει
1246 4651 1355 4720 Christi,
1372 4649 1418 4723 qui
1433 4657 1474 4704 εει
1489 4646 1620 4704 Domitius
1634 4647 1779 4704 domInan·

131 4764 253 4811 catomm
277 4755 404 4829 caligine,
427 4764 593 4812 restauratus
614 4773 666 4828 pel·
689 4757 788 4812 Christi
806 4771 930 4812 pesum.
945 4741 1058 4811 mium,
1076 4749 1117 4796 CSI
1131 4748 1213 4808 ICI'I'D,
1233 4739 1369 4812 [Cassiod]
1384 4739 1411 4794 Id
1426 4747 1476 4805 esi,
1492 4737 1615 4792 ECCICSIR
1631 4734 1778 4791 fructifera.

131 4843 259 4900 cilonem.
276 4843 371 4918 [Aug]
386 4846 425 4900 De
441 4847 494 4901 hac
508 4843 700 4902 clarificatione
715 4843 823 4912 Christi,
841 4852 868 4899 ει
880 4844 930 4898 ho-
980 4831 1044 4885 Haess
1058 4837 1100 4885 θῦῑ
1114 4837 1187 4886 terit
1202 4829 1282 4894 b0¹¹82
1295 4843 1468 4900 superquam
1482 4824 1779 4923 ElissssefiffimseffiQ

130 4931 212 4987 minis
226 4931 408 5004 reparatione,
424 4933 482 5006 agit
499 4933 544 4988 hig
572 4933 703 5004 psalmus¹
728 4934 762 4988 Et
777 4940 819 4988 est
833 4947 930 4988 sensus
980 4917 1088 4984 CCCIdII,
1114 4925 1140 4972 ei.
1167 4917 1278 4988 protulit
1297 4917 1424 4980 fructum,
1440 4915 1616 4980 tricesttnum,
1637 4927 1779 5011 SCXflgebl-

129 5020 199 5076 tituli
214 5037 222 5074 ι
237 5022 369 5078 Ptolmus
383 5019 435 5078 isle
443 5029 485 5077 est
498 5023 586 5078 Daoid
596 5022 641 5094 qui
650 5021 695 5078 hic
705 5021 823 5094 loquitur
836 5021 864 5075 in
872 5035 932 5092 per·
981 5022 1066 5073 mum,
1083 5005 1270 5072 cesslsssifflllffls
1287 5011 1316 5061 CI
1328 5004 1476 5078 lilinum
1490 5004 1561 5075 ejas,
1577 5001 1606 5056 id
1620 5008 1660 5055 ⁰⁵¹
1675 5014 1777 5067 Omma,

130 5125 197 5166 ,011³
211 5124 271 5178 sua,
284 5110 328 5166 vel
340 5109 482 5167 Eoolesiae.
501 5110 626 5165 psalmus
641 5109 712 5176 ἀρα),
728 5125 813 5182 „gens
828 5111 863 5165 de
873 5109 930 5165 013.
983 5095 1079 5166 quibus
1092 5094 1171 5165 plena
1187 5103 1227 5149 est
1243 5093 1377 5160 EcclesIa,
1406 5092 1509 5149 scilieet
1532 5106 1628 5146 omnes
1653 5088 1738 5146 sancti
1753 5095 1780 5144 et

130 5196 282 5254 fjfifflfione
307 5198 426 5268 pomini,
446 5207 473 5254 ει
502 5197 620 5254 hominis
644 5197 846 5267 resoemgtjone,
871 5213 931 5269 quae
982 5182 1147 5238 charismata
1162 5181 1319 5255 gratiarum.
1336 5182 1440 5237 ilibino
1456 5188 1535 5250 terra,
1557 5179 1584 5235 id
1596 5187 1637 5235 est
1646 5176 1778 5244 Ecclesia,

130 5286 199 5343 [περ
214 5293 257 5342 052
272 5287 406 5360 inprims,
416 5287 535 5344 gaggats,
551 5285 700 5359 [esseron]
716 5303 776 5359 φρ
792 5285 932 5342 Dominis„
982 5286 1037 5326 non
1049 5278 1090 5325 est
1105 5285 1200 5341 parva,
1218 5269 1266 5324 sed
1283 5277 1323 5324 est
1339 5269 1372 5324 de
1396 5277 1451 5324 toto
1466 5270 1531 5324 orbe
1557 5268 1631 5324 etde
1654 5266 1779 5324 omnihus

133 5417 218 5540 effi
236 5419 348 5473 Cassiod.
361 5420 386 5472 ln
409 5419 517 5474 collecta
540 5419 673 5472 Dominlcse
696 5432 739 5470 xvi
762 5424 818 5484 post
840 5420 931 5472 Panto·
1016 5395 1069 5461 (⁵⁸)
1082 5395 1197 5448 Mill·
1210 5398 1297 5460 lumi·
1316 5393 1374 5445 ⁴³⁶
1387 5393 1524 5447 hedibiam.
