3882 6064
139 279 199 332 b'lD

540 269 822 333 connaabalttutt
846 268 882 325 IN
909 269 1076 329 Psatttos.
1106 304 1140 316 -
1164 276 1258 334 PSAL.
1287 279 1353 338 LVl.

1744 285 1796 340 batt

180 401 222 456 at
245 400 277 455 in
299 415 398 457 nmero
422 400 535 456 cleram
553 402 680 464 tuarum,
701 395 845 470 [Carsiod.,
862 397 944 469 hug.,
960 395 1123 465 Alconem,
1140 399 1167 454 id
1182 407 1228 456 εει
1243 402 1336 473 populi
1357 418 1374 458 a
1397 404 1563 477 principibus
1584 407 1698 464 seducti.
1723 406 1794 476 Quid

142 487 192 544 Gl.
211 487 272 561 ina]
286 487 313 543 id
328 487 412 545 estin
425 486 574 543 munimine
602 491 732 540 maternae
753 483 859 556 pietatis
883 491 945 550 tua,

141 577 263 648 sperabo
274 577 345 632 :hoc
362 583 389 632 ει
403 575 432 631 in
445 574 576 631 memhris
588 572 691 647 jugiter
704 572 781 628 facit.
815 571 946 644 sperabo,

141 663 222 732 dieo,
238 663 324 721 donee
335 668 465 720 ινειιεεει
484 663 623 738 iniqvitcs
643 661 716 735 quod
730 661 758 717 in
771 659 825 715 fine
839 661 948 732 penitus

140 751 171 806 in
186 751 321 808 membris
336 752 524 824 complebitur.
536 752 627 822 Usque
638 749 664 804 in
676 748 756 804 finem
768 747 860 807 saeeuti
871 763 947 805 nam·

140 855 200 912 qne
217 855 267 895 uec
281 839 409 912 iniquitas
424 839 512 895 deerit
533 853 671 910 premens,
694 853 745 894 nec
767 836 872 906 justitia
894 851 946 910 pa·

136 928 224 983 tiens.
239 927 318 995 Dico,
334 927 460 1000 sperabo,
472 935 499 984 et
513 943 566 983 non
583 942 631 983 ero
646 925 760 992 otiosus,
778 925 833 982 imo

178 1033 268 1090 l'sas.
297 1037 324 1089 3.
354 1063 389 1074 -
414 1056 425 1085 ι
450 1033 580 1089 Clamabo
607 1033 643 1089 ad
665 1032 752 1089 Deum
773 1031 943 1098 altissimum,

139 1145 150 1168 ι
169 1122 264 1178 Deum
278 1121 325 1194 qui
338 1120 473 1178 benefecit
486 1121 562 1178 mihi.
578 1142 590 1172 a

179 1226 312 1284 clamabo
326 1227 364 1282 ud
374 1229 460 1283 Deum
469 1227 654 1294 altissimum,
667 1225 760 1300 [tuq]
770 1225 796 1281 id
807 1225 943 1282 estDeutn

134 1313 188 1385 qui
204 1312 354 1370 altissimus
367 1320 418 1380 cst,
442 1315 490 1370 sed
514 1315 537 1370 si
560 1322 601 1370 est
621 1312 779 1382 altissimus,
805 1313 942 1386 quomodo

135 1401 235 1457 audiet
249 1409 276 1456 te
290 1401 455 1460 clamantem
472 1419 479 1458 :
496 1403 662 1474 experientia
678 1409 788 1473 praestat
803 1400 940 1458 fiduciam.

136 1490 233 1546 Deum
246 1489 310 1546 dico
323 1490 372 1562 qni
385 1490 523 1561 benefecit
537 1491 619 1558 mibi,
636 1493 714 1562 qnasi
738 1497 866 1560 expertus
881 1505 941 1546 sum

133 1593 191 1650 per
205 1578 258 1634 hoc
272 1577 335 1650 quia
350 1575 494 1645 benefecit,
510 1579 584 1651 qaod
604 1585 631 1634 at
657 1577 820 1636 clamantem
839 1578 939 1636 audiet.

133 1666 165 1721 Si
182 1665 258 1722 enim
273 1665 371 1738 impios
386 1665 510 1737 quaesivit
524 1667 570 1738 qui
584 1682 646 1722 eum
662 1682 715 1723 non
730 1666 895 1739 quaerebant,
912 1675 939 1722 et

998 485 1070 540 enim
1084 488 1207 558 passast
1223 489 1294 546 Eece
1308 491 1428 549 mrmtn
1441 493 1497 548 alta
1511 493 1601 566 quiete
1615 494 1695 552 facile
1718 495 1794 551 exci-

998 573 1102 643 tandus,
1121 575 1190 630 sicut
1204 577 1353 633 dommens.
1378 579 1465 636 David
1479 581 1514 636 ad
1528 581 1644 638 litteram
1659 599 1714 639 non
1728 583 1794 640 dor·

997 661 1072 718 inivit
1085 661 1112 718 in
1127 663 1268 734 spelunca,
1285 665 1334 722 sed
1350 667 1473 724 Christus
1494 669 1622 725 dormivit
1645 671 1673 725 in
1695 679 1790 727 morte.

996 749 1073 806 Unde
1088 751 1262 809 menifestum
1276 762 1317 810 εει
1341 755 1393 812 hoc
1416 756 1451 812 de
1475 757 1583 812 Christo
1605 757 1793 829 accipiendum

996 853 1067 894 esse.
1083 840 1204 896 Dormivi
1218 841 1289 909 dico,
1306 851 1333 898 et
1347 845 1534 901 conturbatus
1560 860 1614 900 non
1640 845 1732 918 utique
1749 862 1793 903 me

995 927 1112 983 turbabo
1126 928 1153 983 in
1176 930 1289 998 ratione,
1315 932 1365 987 sed
1387 932 1439 987 illis
1464 933 1635 989 turbantibus
1659 949 1707 989 sua
1730 935 1792 1005 opi-

994 1013 1085 1072 nione.
1104 1017 1152 1072 Vel
1166 1019 1343 1075 conturbatus
1358 1019 1406 1090 fni,
1424 1021 1574 1078 seeundum
1596 1038 1704 1079 carnem
1727 1039 1793 1094 pas-

994 1101 1079 1158 sionis
1092 1104 1189 1161 timore
1204 1114 1230 1162 ει
1244 1109 1377 1180 angustia.
1396 1109 1472 1165 Unde
1493 1127 1500 1164 ε
1523 1112 1624 1166 Tristia
1643 1111 1794 1167 catortimo

992 1208 1056 1249 meu
1071 1208 1159 1267 nrqtte
1173 1195 1209 1250 od
1223 1199 1343 1251 nartem
1360 1197 1472 1266 (uetat.
1488 1200 1581 1268 xxvi).
1594 1199 1628 1254 Et
1641 1197 1724 1254 alibi:
1740 1200 1793 1256 Ge·

990 1265 1036 1353 pit
1050 1282 1131 1338 ferna
1145 1299 1245 1354 parcre
1261 1283 1407 1341 attondere
1423 1285 1519 1356 (alfere.
1537 1287 1607 1358 xxv).
1631 1285 1684 1355 Qui
1698 1287 1793 1342 turba·

992 1370 1111 1424 veruutf

1026 1493 1111 1549 Vsus.
1129 1496 1154 1550 6.
1171 1524 1205 1537 -
1222 1519 1232 1542 ι
1252 1495 1311 1552 Filii
1326 1495 1476 1564 hominum,
1493 1497 1589 1554 dentes
1603 1513 1697 1554 eorum
1711 1514 1789 1556 arma

993 1603 1003 1628 a
1025 1589 1052 1637 ει
1065 1581 1189 1654 sagittae;
1205 1590 1232 1639 et
1246 1584 1340 1658 lingua
1355 1601 1450 1641 eorum
1464 1586 1574 1659 gladius
1589 1595 1692 1644 acutus.
1712 1609 1724 1639 »

1025 1671 1787 1746 Fttittontnam,[Gt.im.,atcutn.,Gt.im.,Cassiod.‚

133 1769 189 1826 pre
218 1752 309 1826 impiis
331 1754 402 1810 mori
427 1752 521 1822 voluit,
544 1753 693 1812 clamantes
720 1755 858 1828 quomodo
886 1771 941 1812 non
955 1755 1072 1828 Bhuq,
1090 1758 1227 1833 Cassiod]
1241 1760 1268 1815 id
1282 1768 1323 1816 εει
1338 1761 1424 1818 iudai
1438 1761 1484 1833 qui
1499 1762 1632 1818 deberent
1654 1779 1716 1820 csse
1741 1763 1788 1820 filii

132 1842 232 1898 audiet
242 1840 257 1897 f

173 1948 261 2004 Vns.
277 1949 305 2003 i.
321 1977 356 1988 -
373 1968 385 1999 ι
402 1947 473 2003 llisit
487 1947 522 2004 de
536 1948 617 2016 coelc,
634 1958 660 2006 ει
671 1949 796 2005 liberavit
811 1966 873 2016 me;
893 1950 938 2006 de·

131 2057 142 2085 ι
166 2035 210 2090 dit
225 2035 254 2090 in
267 2035 446 2108 opprobrium
459 2036 652 2094 coardeantes
667 2053 721 2094 me.
741 2061 752 2088 a

172 2141 250 2198 blata
270 2140 367 2215 [llier.,
390 2142 509 2213 alcuin,
535 2142 669 2209 Cassiod,
694 2146 775 2217 tuq..
801 2143 936 2217 Cassiod]

132 2231 197 2287 lloe
220 2230 296 2302 prius
319 2231 347 2285 in
372 2247 492 2301 persona
516 2231 645 2288 Ecclesia
669 2231 708 2288 sic
730 2232 872 2289 benefecit.
897 2233 936 2288 lta

130 2320 208 2375 hene
220 2319 287 2392 qnia
301 2319 381 2375 misit
394 2319 476 2375 Pater
490 2321 610 2377 Verbum
631 2321 664 2377 de
687 2323 763 2386 caelo,
788 2321 816 2376 id
837 2328 879 2376 εει
901 2321 935 2378 (ιε

130 2407 244 2464 εεειιΙιε
258 2407 376 2464 essentia
389 2424 446 2474 sua,
461 2417 487 2464 ει
501 2409 536 2464 de
551 2416 659 2466 secreta
677 2409 832 2484 cognitione
846 2424 935 2483 ange·

130 2497 236 2552 lorum.
253 2497 286 2552 Et
308 2511 358 2569 per
381 2496 433 2553 hoc
457 2498 594 2564 liberavit,
615 2497 643 2554 id
666 2505 708 2554 εει
730 2497 854 2554 liberabit
880 2514 932 2554 ma.

130 2584 220 2654 Quasi
235 2585 306 2640 ditat
322 2603 329 2639 z
346 2583 417 2654 Quia
428 2586 486 2655 jam
500 2585 573 2642 misit
598 2585 726 2654 Verbum,
746 2587 805 2656 jam
829 2595 933 2643 certum

128 2681 184 2741 est,
203 2673 281 2746 quasi
292 2673 350 2743 jam
365 2673 409 2740 sit,
432 2674 505 2746 qnod
528 2673 661 2742 liberavit,
687 2675 715 2729 id
735 2683 776 2730 εει
797 2675 930 2744 liberabit,

129 2767 160 2818 ct
177 2761 266 2826 dedit,
282 2761 311 2817 id
326 2768 366 2817 εει
384 2760 458 2817 dabit
480 2763 512 2818 in
532 2763 710 2835 opprobrium
733 2765 943 2822 conculcantes·

127 2867 187 2907 mc.
204 2849 255 2906 Vel
270 2849 315 2918 ita,
331 2849 359 2904 in
373 2865 492 2921 persona
506 2851 612 2923 capitis,
628 2851 666 2907 ita
691 2851 835 2918 benefecit,
859 2853 931 2926 qnia,

128 2937 207 2995 misit
233 2938 300 2993 mihi
328 2939 362 2993 de
393 2938 463 2994 coelo
487 2938 626 3008 auxilium,
658 2947 684 2996 et
711 2957 761 3012 per
788 2941 840 2997 hcc
868 2941 932 3014 quia

990 1845 1140 1901 hominum.
1156 1847 1256 1904 Rectus
1275 1849 1343 1904 ordo
1369 1850 1516 1906 verborum
1532 1858 1573 1906 εει
1590 1869 1596 1905 :
1614 1851 1682 1908 Filii
1696 1851 1788 1907 bomi-

989 1949 1060 1990 num
1086 1936 1219 2008 tuquenm
1236 1943 1421 2010 paraverant,
1446 1938 1495 1994 sed
1517 1939 1654 1996 interserit
1673 1939 1788 2012 qualiter

988 2022 1167 2090 turbaverint,
1176 2024 1281 2092 dicens,
1292 2025 1402 2094 dentes,
1413 2027 1442 2082 id
1451 2035 1493 2082 est
1503 2027 1645 2084 irrisiones
1656 2028 1785 2100 ipsorum,

987 2109 1093 2166 fuerunt
1116 2129 1207 2179 amno,
1238 2121 1370 2186 quantum
1393 2115 1427 2170 ad
1450 2115 1587 2184 consilia3
1611 2122 1641 2173 et
1663 2119 1784 2188 anqittoe,

986 2207 1117 2271 quantum
1132 2201 1166 2255 nd
1188 2201 1281 2258 verba.
1305 2203 1366 2258 Non
1390 2219 1457 2276 erqo
1480 2219 1511 2260 se
1535 2213 1665 2262 excusent
1687 2206 1783 2272 ludaei,

986 2287 1048 2360 quia
1070 2288 1121 2343 etsi
1145 2305 1242 2344 manus
1262 2289 1395 2360 inermes,
1423 2307 1455 2348 οε
1476 2299 1606 2348 armatum
1628 2301 1679 2348 εει.
1707 2293 1785 2350 Unde

985 2375 1098 2432 subdit:
1115 2379 1149 2433 fit
1167 2379 1265 2449 linquo
1279 2381 1495 2452 eoronqtoatuc
1510 2384 1624 2438 mutas.
1641 2383 1712 2436 Dum
1730 2381 1786 2438 cla·

985 2471 1059 2518 mant
1077 2481 1083 2518 :
1102 2465 1248 2536 Crucifiqc,
1260 2468 1394 2538 crucifer
1406 2469 1485 2539 (bue.
1498 2468 1592 2540 xxxta).
1610 2469 1697 2526 Voces
1712 2468 1785 2524 enim

984 2551 1047 2616 illae,
1065 2552 1169 2609 scilicet
1182 2552 1323 2625 crucifige,
1340 2562 1367 2610 et
1381 2555 1538 2626 hujusmodi
1561 2556 1643 2613 citam
1662 2556 1784 2614 fecarunt

984 2647 1108 2708 mortem,
1126 2648 1154 2696 ut
1169 2640 1276 2714 gladius
1291 2651 1395 2701 acutus.

1020 2771 1104 2828 Vnus.
1120 2775 1147 2829 7.
1161 2803 1195 2818 -—
1211 2797 1222 2823 ι
1240 2774 1368 2831 llxaltare
1383 2791 1466 2848 super
1481 2775 1576 2844 coeles,
1594 2777 1687 2845 Deus;
1711 2785 1737 2834 ει
1756 2778 1782 2838 in

985 2884 995 2907 a
1018 2876 1127 2916 omnem
1141 2869 1240 2918 terram
1255 2863 1341 2932 gloria
1356 2871 1411 2920 tua.
1431 2889 1442 2914 a

1017 2968 1164 3038 Enattara,
1180 2967 1309 3042 [alcuin.,
1326 2973 1409 3044 hug„
1427 2970 1563 3044 Cassiod]
1584 2973 1668 3028 verba
1683 2973 1781 3028 Christi

127 3027 205 3083 misit
231 3026 298 3081 mihi
328 3026 363 3082 de
391 3027 461 3082 coelo
485 3027 625 3095 auxilium,
646 3027 768 3085 liberavit
789 3045 841 3096 me,
867 3045 930 3084 sus·
980 3053 1015 3108 ,d
1030 3053 1145 3110 putrem·
1163 3054 1332 3124 Quasidiffl
1349 3075 1355 3112 :
1372 3057 1472 3128 mista,
1489 3060 1548 3125 sed,
1573 3062 1678 3116 093¹„
1692 3061 1780 3126 ΡΜ,

128 3115 254 3183 citando,
280 3115 436 3172 exaltando.
466 3117 501 3170 tlt
524 3118 724 3173 conculcantes
748 3135 802 3184 me,
827 3117 931 3175 seilicet
945 3105 969 3167 C
982 3139 1111 3193 mm
1126 3154 1211 3210 ,uper
1226 3141 1318 3208 ml„
1334 3139 1362 3195 id
1377 3148 1419 3196 e„
1434 3140 1478 3197 s„
1499 3141 1527 3196 in
1551 3157 1595 3196 me
1620 3143 1694 3213 quod
1708 3142 1780 3198 ,qus

129 3206 177 3278 qui
193 3213 300 3261 mortno
314 3202 521 3270 insultaverunt,
538 3204 612 3260 dedit
626 3205 653 3260 in
668 3205 851 3277 opprobrium,
869 3206 928 3262 dis-

126 3309 228 3366 persos
256 3291 366 3364 ubique,
397 3300 424 3348 et
452 3291 568 3348 maxime
597 3295 661 3349 duna
685 3295 777 3350 vident
800 3295 858 3364 ejus
882 3311 928 3351 re-

123 3381 328 3438 surrectionem
357 3380 477 3449 adorari,
508 3397 591 3454 quem
615 3383 747 3455 putabant
770 3399 801 3440 εε
827 3384 928 3466 exstin-

122 3487 209 3527 ιιεεε.

161 3579 237 3634 Pxxs
250 3594 281 3635 ιι.
298 3578 452 3662 diabeten.
466 3578 550 3634 Vens.
566 3582 593 3635 b.
609 3609 644 3620 -
670 3600 682 3629 ι
699 3578 770 3636 llisit
785 3579 858 3637 Deus
873 3579 925 3636 mi-

121 3675 339 3732 «mricordiam
353 3692 431 3732 suana
446 3683 473 3732 ει
497 3673 638 3731 veritatem
662 3689 750 3740 suam,
777 3683 803 3730 ει
828 3674 926 3746 eripuit

121 3785 133 3814 ι
156 3763 279 3820 animam
294 3779 384 3820 meam
398 3763 433 3821 de
448 3763 537 3820 medio
552 3763 703 3820 catulorum
717 3763 825 3819 leonum
840 3782 847 3829 ;
864 3764 926 3820 dor-

122 3873 135 3904 «
157 3852 226 3908 mlvi
241 3853 427 3910 conturbatus.
446 3873 458 3904 ε

160 3959 237 4016 linit
248 3958 514 4032 dacoelc[Gassiod.,
523 3958 641 4024 alcuin„
651 3962 734 4030 hun,
744 3957 829 4028 iiior,
838 3962 921 4032 Aug,

118 4046 244 4120 alcuin]
259 4047 384 4104 &cunda
398 4063 471 4119 pars,
489 4047 535 4102 ubi
548 4047 606 4117 jam
620 4047 740 4103 declarat
758 4045 824 4118 quid
838 4046 920 4116 misit,

118 4144 147 4191 et
161 4135 198 4192 de
212 4135 311 4207 quihus
325 4136 431 4207 eripuit.
443 4136 478 4191 Et
491 4135 612 4208 loquitur
622 4135 650 4189 in
659 4131 921 4210 personiamembro-

117 4240 192 4280 rum.
209 4223 295 4294 Quasi
309 4225 381 4281 dicat
397 4241 403 4279 :
419 4224 492 4281 llisit
501 4223 535 4280 de
544 4223 622 4280 coelo.
635 4222 707 4293 Quid
717 4231 808 4280 autem
822 4225 921 4281 misit?

117 4311 203 4378 blisit,
220 4313 338 4386 inquam,
357 4317 429 4369 Deus
444 4314 522 4369 Pater
535 4313 757 4369 misericordium
779 4329 872 4378 suom,
892 4313 920 4368 id

116 4409 162 4457 εει
178 4400 324 4468 Christum,
343 4402 459 4458 Verbum
475 4401 572 4468 Patris,
589 4401 616 4456 in
631 4416 685 4473 quo
706 4400 920 4458 misericorditer

115 4489 264 4546 nobiscum
280 4491 336 4563 egit
350 4491 434 4556 Deus,
451 4489 515 4563 quia
528 4489 652 4546 Christus
667 4490 747 4545 nobis
757 4489 919 4561 compatitur

115 4587 143 4636 et
160 4595 195 4634 ex
211 4579 395 4642 misericordia
410 4588 435 4635 et
449 4578 595 4651 pronubis
609 4586 731 4635 mortuus
745 4585 795 4634 εει.
807 4580 841 4634 Ει
856 4579 918 4635 ideo

114 4669 228 4736 dicitur,
243 4668 458 4724 misericordiam
481 4674 510 4725 et
534 4669 685 4726 ueritatem
710 4684 801 4737 anem,
827 4667 918 4724 idest

114 4757 265 4824 Christum,
281 4756 328 4828 qni
342 4755 467 4812 retribuit
481 4757 630 4812 secundum
644 4756 750 4822 merita,
773 4764 800 4811 ει
822 4772 855 4811 ει
870 4772 916 4813 ve·

111 4846 196 4902 ritate
211 4845 328 4902 surrexit
342 4847 377 4902 ad
389 4845 666 4916 justificandumnos,
690 4852 718 4900 ut
741 4844 914 4916 praedixerat.
963 4815 1066 4884 jndioe‘
1089 4817 1199 4872 'UdaePS
1221 4817 1249 4872 5⁰

112 4937 145 4991 ln
162 4950 218 5006 quo
233 4934 314 4990 etiam
328 4934 526 5006 promissiones
535 4933 691 5005 implentur.
703 4934 737 4989 Et
747 4933 809 4989 ideo
820 4933 916 4990 dicitur

112 5023 218 5080 veritas
234 5041 241 5077 :
258 5031 373 5094 utraque
386 5023 459 5078 enim
478 5023 507 5078 in
530 5039 564 5079 eo
585 5022 765 5089 continentur,
789 5038 840 5079 uec
860 5037 914 5078 una

111 5113 175 5168 sine
188 5113 286 5168 altera.
301 5112 331 5168 Si
346 5112 417 5168 enim
433 5112 490 5167 sola
504 5110 600 5168 fuisset
615 5111 810 5178 misericordia,
826 5111 913 5168 licen-

109 5203 149 5258 tia
164 5201 244 5257 nobis
260 5209 333 5258 esset
347 5201 488 5272 peccandi.
506 5199 534 5256 Si
546 5217 612 5257 aero
623 5201 682 5256 sola
691 5199 787 5257 fuisset

108 5307 167 5347 uon
182 5290 316 5362 potuisset
330 5289 413 5346 homo
423 5289 568 5345 sustinere.
585 5291 620 5345 at
631 5291 747 5362 eripuit,
760 5290 814 5347 hoc
823 5289 913 5363 capite

107 5379 187 5446 dicit,
205 5379 270 5451 quia
284 5377 346 5434 misi
363 5378 490 5448 Verbum,
511 5379 546 5433 ad
568 5378 620 5435 hoc
644 5379 737 5451 utique
761 5379 844 5434 misit.
866 5379 909 5448 lit,

105 5470 134 5524 id
152 5476 195 5524 εει
210 5467 282 5540 quia,
299 5467 399 5540 eripuit
414 5468 539 5523 enimam
555 5483 657 5534 meam,
673 5483 737 5524 ecca
752 5467 850 5539 ipsese
865 5485 910 5524 re-

979 3223 1108 3295 videaris,
1124 3242 1205 3298 super
1218 3227 1342 3300 angelos,
1359 3228 1387 3283 id
1401 3237 1443 3284 εει
1457 3227 1501 3286 fac
1524 3245 1569 3285 me
1591 3229 1778 3302 requiescere,

978 3328 1126 3386 resurgere
1141 3322 1167 3370 et
1180 3315 1340 3372 ascendere.
1353 3317 1386 3373 Et
1397 3333 1446 3388 per
1459 3319 1511 3375 hoe
1521 3317 1550 3373 in
1558 3333 1667 3375 omnem
1675 3328 1779 3376 terram

978 3402 1069 3473 clorio
1085 3407 1136 3459 tac
1150 3403 1315 3461 dilatabitur.
1333 3405 1426 3462 Gloria
1441 3413 1497 3474 tua,
1513 3406 1542 3462 id
1552 3408 1778 3464 estomneshabi·

976 3497 1078 3547 tatores
1092 3499 1171 3549 terrae
1184 3499 1211 3548 ιε
1224 3493 1423 3566 glorificabunt.
1449 3494 1498 3551 Vel
1520 3511 1554 3551 ex
1572 3512 1690 3567 persona
1706 3498 1776 3553 Pro-

976 3579 1065 3650 phetae
1092 3580 1227 3653 loquentis
1254 3582 1288 3637 ad
1316 3582 1470 3650 Christum,
1504 3583 1563 3640 haec
1596 3585 1774 3657 accipiuntur.

976 3667 1121 3739 Superiora
1136 3668 1267 3724 Dominus
1288 3668 1394 3726 locutus
1418 3679 1468 3740 est,
1495 3672 1632 3744 Propheta
1652 3673 1772 3744 quidem,

975 3755 1023 3810 sed
1037 3756 1065 3812 iu
1080 3773 1198 3827 persona
1212 3757 1329 3813 Domini.
1348 3759 1381 3814 Ut
1393 3759 1498 3827 metito,
1521 3759 1584 3831 quia
1598 3761 1731 3816 Dominus
1745 3761 1772 3817 in

974 3844 1111 3914 Propheta
1134 3845 1264 3916 loquitur,
1289 3845 1398 3917 quando
1421 3846 1500 3902 etiam
1526 3863 1560 3902 ex
1583 3863 1631 3902 sua
1653 3862 1772 3918 persona

973 3931 1092 4004 loquitur
1106 3933 1252 4004 Propheta,
1268 3933 1399 3989 Dominus
1422 3950 1473 4004 per
1498 3949 1559 3989 eum
1583 3934 1701 4007 loquitur
1724 3936 1771 4008 qui

973 4018 998 4074 ei
1012 4019 1105 4076 dictat.
1120 4020 1253 4090 Propheta
1268 4036 1336 4094 ergo
1349 4037 1399 4092 per
1413 4020 1541 4092 Spiritum
1563 4029 1687 4079 sanctum
1704 4022 1770 4079 visis

971 4105 1078 4176 injuriis
1105 4107 1214 4176 Christi,
1244 4108 1357 4180 visoque
1387 4109 1460 4181 quod
1488 4109 1516 4165 in
1543 4111 1768 4168 resurrectionem

972 4194 1067 4250 inanes
1096 4195 1158 4252 facti
1185 4204 1247 4252 sunt
1274 4184 1379 4263 ludaei,
1413 4198 1537 4272 gaudens
1565 4198 1718 4266 exclamat,
1751 4216 1769 4255 o

971 4282 1086 4349 Christe,
1103 4283 1149 4355 qui
1163 4283 1263 4340 videris
1279 4293 1381 4341 tantum
1395 4285 1477 4343 homo
1491 4286 1520 4342 in
1535 4303 1616 4343 cruce
1634 4288 1767 4360 pendens,

970 4370 1098 4440 exaltare,
1114 4380 1143 4429 ut
1157 4388 1290 4445 appareas
1315 4375 1399 4441 Deus,
1424 4375 1552 4446 exaltare,
1577 4384 1606 4431 ut
1629 4376 1676 4449 qui
1698 4392 1768 4448 pen-

933 4457 1040 4519 Ddens
1054 4459 1081 4515 in
1095 4477 1187 4528 cruce,
1204 4462 1231 4516 in
1246 4463 1387 4532 majestate
1401 4479 1462 4519 cum
1487 4463 1565 4518 Patre
1584 4479 1697 4536 regnare
1718 4479 1768 4520 co·

970 4549 1123 4622 gnoscaris.
1141 4550 1202 4606 Non
1215 4551 1287 4605 enim
1302 4559 1432 4622 quantum
1456 4551 1491 4607 ad
1514 4567 1553 4618 se,
1573 4552 1623 4608 sed
1637 4559 1766 4625 quantum

968 4637 1002 4693 ad
1016 4637 1140 4694 homines
1155 4639 1295 4696 exaltatur.
1319 4639 1445 4696 Exaltare
1467 4639 1539 4707 dico,
1566 4655 1647 4712 super
1669 4641 1763 4699 eoelos.

967 4725 1009 4782 Ad
1022 4727 1150 4794 litteram,
1167 4728 1295 4799 quoniam
1310 4729 1387 4785 sedet
1400 4727 1435 4783 ad
1449 4729 1588 4785 dexteram
1613 4729 1710 4798 Patris,
1736 4737 1766 4786 ut

1273 4825 1358 4873 terra.
1387 4817 1422 4872 Et
1442 4832 1524 4888 super
1546 4817 1641 4886 coelcs,
1669 4817 1697 4873 id
1721 4825 1763 4874 εει

966 4903 1047 4959 ειίειιι
1061 4903 1225 4975 spirituales,
1251 4905 1312 4977 quia
1335 4905 1450 4976 angelos
1474 4905 1555 4961 hahet
1578 4905 1711 4973 subditos,
1736 4913 1765 4962 ut

965 4991 1005 5049 sic
1020 4992 1101 5048 etiam
1115 4994 1148 5049 in
1160 5009 1272 5050 omnem
1289 4997 1396 5050 tetram
1409 4994 1499 5066 plotio
1515 4997 1566 5050 ino
1586 4992 1721 5060 dilatetur,
1736 4993 1762 5048 id

964 5089 1005 5136 εει
1020 5080 1120 5153 ubique
1135 5082 1306 5149 extendatur,
1322 5083 1396 5154 qnod
1414 5083 1497 5138 modo
1520 5082 1685 5154 completum
1709 5090 1761 5150 εει,

800 5201 912 5268 verim,
963 5169 1025 5242 quia
1040 5176 1113 5226 totus
1127 5170 1243 5226 mundns
1257 5170 1283 5226 ei
1298 5171 1437 5240 subjectus
1451 5178 1501 5226 est.

998 5277 1081 5331 Vnas.
1099 5279 1125 5330 8.
1141 5307 1175 5316 -
1193 5297 1205 5328 r
1221 5277 1359 5349 Laqueum
1374 5284 1537 5348 paraverunt
1551 5276 1667 5349 pedihus
1681 5278 1759 5344 meis,

964 5385 975 5415 a
996 5371 1023 5420 ει
1035 5363 1242 5421 incurvaverunt
1257 5365 1376 5420 animam
1389 5379 1488 5421 meam.
1506 5389 1517 5414 a

994 5473 1137 5546 Laqueum
1149 5475 1335 5545 parauerunt,
1361 5471 1490 5546 [Alcuin.,
1518 5472 1653 5540 Cassiod..
1672 5475 1755 5546 hug,

106 5557 261 5618 suscitavit.
278 5556 403 5614 Christus
419 5555 491 5612 enim
505 5555 625 5628 loquitur
639 5564 666 5612 et
680 5557 714 5612 de
725 5557 808 5613 misso
822 5556 911 5629 loqui·
960 5560 1004 5616 Gl.
1020 5559 1081 5634 int]
1095 5569 1240 5633 postquam
1264 5560 1424 5634 interposuit
1448 5560 1483 5618 dc
1506 5578 1557 5618 sua
1583 5562 1755 5630 exaltatione,

106 5657 165 5714 tur,
181 5662 250 5720 erqo
265 5647 300 5704 de
314 5663 354 5704 se.
371 5647 449 5706 Unde
464 5645 584 5718 eripuit?
598 5645 910 5706 Demodiocotuloncm
958 5657 1076 5720 coeptam
1110 5649 1292 5706 narrationem
1329 5650 1494 5724 exsequitur.
1531 5651 1591 5708 Filii
1617 5651 1758 5710 hominum
