3946 6070
190 245 259 302 ,εει
634 235 917 300 counauruutuu
930 237 968 298 tu
983 237 1151 304 astutos,
1168 273 1203 287 -
1217 243 1313 305 usur.
1330 248 1387 309 ex.
1623 219 1627 226 ’
1770 258 1840 316 tura

188 372 295 429 salubri
309 379 335 427 ει
347 371 421 440 justa
435 371 626 441 praceptione.
653 370 681 426 si
704 371 761 427 uult
774 387 887 443 parcere
901 373 988 444 poeni·
1002 374 1121 444 Atium,
1136 383 1163 432 et
1178 377 1274 434 cameli
1302 395 1332 434 εε
1360 380 1533 439 humiliantes
1552 383 1740 456 perforamen
1760 397 1838 458 aeus,

189 461 264 526 tenti,
281 459 337 516 vult
358 459 440 514 etiam
459 458 672 530 impoeniteutem
686 459 794 531 punire.
824 461 865 516 lta
891 461 926 518 da
945 462 992 539 bo
1039 464 1068 520 id
1090 473 1131 520 εει
1158 481 1210 536 per
1232 477 1448 539 compungentes
1473 471 1611 543 passionis
1629 473 1771 548 angustias
1798 475 1840 530 in·

135 601 138 614 ,
190 549 263 605 mine
284 564 392 619 semper
414 549 488 603 Deus
513 563 589 602 suam
604 547 697 619 implet
719 547 896 616 uoluntatem,
926 550 991 620 quia
1040 559 1118 609 trant.
1153 555 1188 610 ut
1216 571 1301 628 opera
1315 573 1454 614 manum
1469 563 1530 632 ejas
1554 569 1596 617 est
1615 565 1731 632 ueritas,
1757 579 1840 636 quam

190 637 257 693 nihil
280 635 343 692 lacit
364 637 447 692 bomo
471 635 505 690 de
530 650 584 707 quo
605 637 679 691 Deus
693 650 747 691 non
767 644 898 708 operetur
917 638 990 710 quod
1040 641 1127 698 sancti
1143 650 1278 716 martyres
1292 653 1393 718 tenent,
1423 663 1472 720 pro
1488 662 1542 722 qua
1556 656 1583 704 ει
1603 649 1761 718 judicantur
1783 652 1839 724 hic,

190 726 256 782 vult.
272 727 372 798 lingna
389 723 460 780 enim
484 740 567 795 opera
582 723 690 779 Domini
705 725 838 798 exquisita
852 723 879 779 iu
894 741 990 781 omues
1039 737 1067 785 et
1078 729 1221 802 judicium
1231 750 1284 804 quo
1299 731 1327 787 in
1340 733 1430 790 futuro
1451 735 1612 806 judicabunt
1638 753 1686 793 eos
1707 755 1723 792 n
1742 739 1840 810 quibus

189 814 345 871 voluntates
358 813 426 882 ejus.
450 813 485 868 Et
503 829 568 868 vere
583 828 683 886 magne
698 821 759 868 sunt
773 827 855 884 opera
868 813 988 879 Domini,
1039 813 1084 869 bic
1104 814 1272 884 judicantur.
1302 815 1437 874 Tenentur
1466 813 1534 892 crgo
1562 819 1665 876 veritas
1688 821 1722 876 ab
1737 821 1780 876 his
1795 821 1841 894 qui

190 903 254 976 quia
268 904 402 974 oposajur
414 911 454 956 est
468 901 692 974 mapcificeatiu,
723 901 750 956 id
775 909 816 956 εει
833 900 990 970 justificatio
1036 901 1202 971 judicantur,
1229 919 1283 975 quo
1295 905 1418 974 judicent
1429 905 1584 978 judicantes
1599 923 1639 976 εε,
1656 917 1684 964 ει
1698 909 1780 965 etiam
1791 921 1840 964 an·

189 991 345 1064 impiorum.
362 990 434 1059 Quid
448 991 521 1045 enim
531 989 748 1062 magnificentius
759 998 800 1045 εει
815 1006 896 1062 quarn
908 990 989 1060 justi·
1040 990 1128 1062 gelos,
1145 998 1240 1047 contra
1255 1009 1324 1065 quos
1338 1002 1365 1050 et
1380 994 1424 1051 bic
1438 995 1585 1063 luctantur,
1616 1003 1642 1052 et
1652 996 1719 1052 nibil
1735 1005 1842 1069 separet

189 1078 273 1136 linare
298 1078 438 1150 impium?
466 1076 533 1147 Quae
556 1078 626 1134 bene
650 1077 748 1135 dicitur
775 1077 987 1150 magnificentia,
1039 1077 1187 1146 aCbristo,
1218 1080 1281 1151 quia
1295 1083 1392 1151 fidelia
1420 1085 1589 1142 suntomata
1612 1086 1751 1142 mundato
1767 1089 1839 1158 ejus.

190 1167 251 1240 quia
279 1167 325 1222 ubi
353 1167 499 1223 abundavit
522 1175 675 1240 peccatum,
706 1165 933 1238 superabundavit
963 1176 990 1223 et
1038 1166 1187 1236 Noniallit,
1218 1169 1327 1225 exhibet
1341 1171 1414 1242 quod
1443 1173 1578 1242 promisit,
1600 1189 1655 1230 non
1669 1181 1762 1230 tarmen
1775 1190 1841 1246 spe-

189 1256 285 1328 gratia.
313 1255 377 1316 Sed,
395 1271 429 1310 ne
443 1263 521 1326 putes
537 1255 609 1326 quod
627 1271 695 1326 opus
709 1254 827 1310 hominis
841 1255 989 1326 praeveniat
1040 1255 1155 1311 randum
1171 1263 1249 1311 estut
1270 1257 1315 1314 bic
1329 1259 1484 1314 habentur:
1513 1259 1562 1316 sed
1585 1263 1756 1331 contiuncula
1780 1271 1842 1318 sunt

187 1346 257 1401 hanc
272 1342 501 1416 magnificentiam
524 1343 575 1399 Dei
595 1342 749 1400 confitendo
777 1350 899 1414 peecata,
926 1343 990 1417 quia
1039 1345 1372 1412 resuscitassemus
1387 1350 1576 1418 suntsactciu
1590 1351 1843 1422 uatilutcatoepaiss

189 1433 376 1504 aleuascssr'o,
393 1430 421 1485 id
436 1437 477 1486 est
490 1430 581 1486 delicti
594 1431 770 1502 improbatio,
795 1447 855 1502 quar
869 1431 988 1487 nondum
1041 1431 1110 1494 tata,
1127 1427 1154 1482 id
1168 1437 1210 1484 est
1224 1431 1353 1485 mandant
1367 1439 1394 1486 et
1413 1431 1573 1502 promittrmt
1602 1433 1676 1504 qtrod
1690 1449 1786 1489 verum
1800 1444 1843 1490 εει

187 1521 297 1596 quidem
312 1529 354 1575 est
372 1536 441 1591 opus
449 1519 568 1589 justitia,
599 1528 641 1574 est
662 1535 731 1590 opus
747 1519 814 1589 ejus.
842 1520 904 1575 Non
922 1535 988 1591 ergo
1040 1517 1184 1584 etiustum,
1200 1517 1264 1589 quia
1284 1519 1337 1574 boc
1351 1533 1448 1575 verum
1475 1529 1502 1576 et
1514 1521 1617 1590 justum
1631 1528 1674 1578 est
1687 1529 1716 1576 ut
1729 1521 1775 1578 bic
1797 1522 1841 1577 la·

187 1610 319 1684 glorietur
342 1607 462 1663 homoin
478 1624 518 1677 se,
545 1607 590 1680 qui
613 1607 746 1678 justitiam
774 1623 829 1663 non
848 1615 987 1680 operatur,
1039 1604 1160 1672 boretur,
1190 1607 1264 1677 quod
1291 1606 1458 1662 mandatur:
1488 1608 1527 1664 ibi
1554 1609 1739 1681 requiescatur
1768 1609 1842 1681 quod

187 1698 239 1754 nisi
251 1697 423 1768 justificatus.
444 1696 566 1752 Credeus
581 1703 672 1751 autem
692 1697 719 1750 in
730 1713 790 1751 eum
802 1695 848 1768 qui
858 1695 989 1767 justificat
1003 1693 1215 1791 Bpromittitur.
1227 1695 1261 1750 Et
1274 1693 1426 1766 poterimus
1440 1697 1478 1750 ibi
1501 1696 1684 1770 requiescere,
1707 1698 1769 1770 quia
1784 1699 1841 1754 mi-

188 1786 310 1858 impium,
325 1802 340 1840 a
356 1783 410 1840 fide
435 1785 537 1856 incipit,
564 1793 592 1839 ut
605 1784 675 1839 bona
686 1801 780 1856 opera,
806 1801 861 1840 non
888 1800 988 1855 praece-
1040 1783 1079 1837 rit
1092 1783 1253 1854 populosae
1268 1783 1514 1856 redemptionem
1530 1786 1687 1857 captivitate
1696 1787 1776 1858 hujus
1786 1801 1841 1842 sm-

187 1875 277 1930 dentia
293 1874 367 1947 quod
380 1873 489 1940 meruit,
516 1873 564 1928 sed
589 1873 782 1946 consequentia
807 1873 881 1946 quod
908 1889 988 1928 acce·
1040 1869 1103 1937 culi,
1119 1879 1148 1924 ut
1161 1871 1199 1924 ibi
1214 1870 1249 1926 sit
1263 1872 1351 1943 quies.
1367 1874 1515 1929 madebit
1531 1876 1565 1930 t'a
1585 1879 1727 1932 oetcmum
1751 1879 1840 1932 testa-

185 1964 235 2036 pit,
247 1963 401 2020 ostendant.
415 1960 486 2030 Quid
496 1961 567 2016 euim
581 1961 665 2016 habes
681 1961 754 2034 quod
769 1977 823 2017 non
838 1961 989 2032 accepisti?
1039 1963 1168 2014 nuatum
1183 1975 1277 2028 raum,
1294 1974 1405 2028 novum
1436 1975 1491 2017 uon
1510 1969 1596 2018 vetus.
1626 1963 1709 2020 Dedit
1730 1963 1840 2036 φεὶάειιε

186 2052 237 2108 Illa
251 2050 388 2109 confessio
408 2066 486 2123 ergo,
512 2066 573 2122 quae
600 2049 720 2105 nondum
738 2049 848 2121 quidem
864 2057 904 2104 est
919 2065 988 2120 opus
1039 2046 1103 2102 olim
1131 2046 1232 2102 Judaeis
1259 2057 1360 2104 terram
1385 2049 1586 2121 promissionis,
1615 2053 1665 2107 sed
1688 2052 1740 2108 boe
1762 2059 1841 2108 vetus

184 2141 316 2211 justitia,
341 2139 411 2196 sicut
437 2147 463 2194 et
491 2135 709 2210 magnificentia,
746 2154 799 2210 qua
825 2135 988 2207 justificatur
1038 2143 1231 2192 testamentum
1253 2146 1293 2192 est
1314 2138 1348 2192 ad
1376 2145 1496 2194 veterem
1521 2137 1660 2196 bominem
1687 2141 1839 2211 pertinens.

186 2229 296 2302 impius,
309 2245 378 2300 opus
391 2227 442 2283 Dei
458 2235 508 2296 est,
524 2243 579 2282 non
595 2225 721 2284 hominis.
749 2227 818 2296 Quid
833 2243 897 2298 erpo
910 2227 987 2283 dice-
1039 2225 1093 2280 Sed
1104 2240 1204 2280 novum
1217 2225 1358 2281 mundavit
1383 2227 1411 2282 in
1425 2235 1567 2294 aternum,
1596 2227 1643 2282 ubi
1666 2227 1704 2282 nil
1728 2229 1839 2286 carnale

186 2335 250 2375 mua
266 2321 277 2373 l
292 2318 407 2390 iaiquru
422 2319 465 2372 εει
478 2319 565 2385 Deos,
595 2316 672 2385 cujus
694 2315 751 2370 vult
764 2314 931 2384 miserando,
961 2321 988 2370 ει
1038 2321 1173 2385 speretur,
1189 2313 1265 2383 quus
1279 2315 1369 2370 baares
1383 2313 1506 2387 quisquis
1530 2329 1592 2370 esse
1613 2313 1744 2384 volueris,
1775 2317 1844 2372 nolo'

186 2423 267 2480 quern
282 2404 340 2460 vult
353 2404 504 2460 indurando
520 2405 597 2459 lnon
613 2405 701 2473 (Rom.
718 2403 770 2475 tx).
782 2403 900 2460 tristitia
915 2401 987 2458 enim
1038 2409 1064 2456 ιε
1078 2400 1167 2470 fallas,
1183 2417 1238 2456 non
1251 2401 1305 2458 tale
1318 2401 1420 2474 aliquid
1444 2402 1584 2457 mediteris
1605 2403 1729 2475 adipisci,
1760 2395 1844 2476 quale

186 2497 247 2568 ejus
262 2494 401 2550 munatio
417 2493 553 2548 roecularm
570 2493 677 2548 saculi.
707 2493 878 2548 Memoriam.
904 2490 987 2561 Quasi
1038 2488 1107 2545 solet
1124 2490 1168 2546 bic
1182 2490 1278 2547 oculus
1294 2489 1414 2546 avadtioe
1441 2491 1655 2562 concupiscere3
1686 2491 1735 2548 sed
1758 2493 1844 2565 quale

185 2582 259 2640 dicat
275 2601 281 2636 ε
298 2581 374 2650 cujus
399 2579 455 2636 vult
469 2581 544 2635 Deus
558 2581 713 2648 miseretur,
744 2589 859 2652 atquem
870 2579 927 2635 vult
943 2579 986 2633 in·
1037 2578 1133 2634 oculus
1147 2578 1264 2634 bominis
1278 2594 1334 2633 non
1343 2578 1419 2633 uidit.
1451 2579 1506 2634 Sed
1533 2579 1622 2651 primo
1649 2593 1746 2650 poeuas
1761 2579 1836 2652 iugo,

185 2671 276 2738 durat,
292 2678 319 2725 ει
333 2670 373 2726 sic
386 2670 553 2725 memoriam
572 2669 641 2739 fecit
662 2669 837 2724 mirabilium
851 2684 985 2737 auorum,
1037 2666 1128 2722 devita
1142 2668 1306 2740 gehennam,
1318 2673 1462 2738 antequam
1476 2667 1619 2722 desideres
1635 2666 1838 2738 promittentem

184 2761 256 2815 hunc
270 2757 416 2813 humilians
440 2765 468 2812 et
481 2758 553 2812 hunc
581 2755 714 2811 exaltans.
745 2753 892 2812 Sciendum
912 2756 986 2826 quod
1037 2756 1133 2811 Deum.
1150 2756 1222 2810 Cave
1236 2755 1395 2822 minantem,
1412 2755 1542 2826 quoniam
1557 2759 1690 2820 sunctum
1707 2759 1737 2812 ct
1748 2759 1845 2813 terri--

185 2864 248 2904 curn
263 2846 384 2920 quotidie
399 2861 486 2917 opera
509 2843 566 2914 ejus
582 2844 634 2898 sint
649 2843 729 2911 mira,
750 2857 873 2899 reservat
895 2852 985 2899 tamen
1036 2843 1091 2900 ttte
1104 2859 1208 2900 amaea
1224 2845 1294 2916 ejus,
1311 2860 1368 2915 prae
1383 2843 1510 2899 omnibus
1525 2849 1616 2900 autem
1639 2843 1720 2914 hujus
1744 2843 1837 2901 saeculi

185 2940 336 3004 opportune
345 2931 472 3003 quaedam
486 2928 623 2996 inusitata,
637 2945 697 3000 quae
707 2927 861 2984 meminerit
870 2927 985 2982 hominis
1036 2933 1150 3002 deliciis,
1162 2931 1369 2988 immortalitatis
1383 2931 1544 2988 deliciarum
1558 2939 1683 3002 matrem,
1709 2933 1836 2991 desidera

184 3019 326 3076 infirmitas
355 3017 466 3076 novitati
487 3019 607 3073 intenta.
636 3019 694 3072 Hoc
720 3017 792 3072 enim
824 3015 985 3072 miraculum
1036 3021 1260 3093 sapientiam,sed
1271 3021 1391 3077 initiam
1402 3022 1552 3093 sapientia
1562 3028 1604 3076 est
1615 3022 1701 3078 timor·
1710 3023 1832 3079 Domini.

184 3111 302 3168 maxime
315 3109 424 3166 attentis
453 3108 580 3164 cordibus
594 3107 752 3163 inhaerebit:
782 3107 855 3178 quod
871 3105 986 3162 assidui·
1002 3085 1209 3166 cIntellectus.
1220 3109 1419 3165 llladelectabit
1427 3109 1511 3164 castis
1520 3107 1691 3180 amplexibus
1701 3109 1833 3182 veritatis,

185 3208 333 3258 testamen
348 3198 402 3254 vile
419 3197 524 3254 iecerit.
555 3197 609 3252 Sed
625 3195 689 3268 quid
707 3203 822 3267 prosunt
840 3194 982 3264 miracula,
1034 3198 1084 3254 sed
1093 3197 1168 3270 prius
1177 3197 1306 3253 donanda
1325 3204 1386 3252 sunt
1396 3197 1444 3252 tibi
1458 3196 1558 3264 debita,
1576 3213 1658 3270 quam
1671 3196 1847 3270 postulanda¹

182 3289 238 3346 nisi
251 3297 280 3344 ut
295 3289 436 3344 timeretur
450 3285 549 3343 Deus?
577 3283 647 3353 Quid
663 3300 747 3356 porro
759 3284 873 3356 prodest
891 3283 986 3360 timor,
1034 3287 1156 3359 pramis,
1173 3303 1223 3343 nec
1247 3285 1396 3354 extollaris,
1424 3283 1486 3358 quia
1510 3285 1593 3342 timor
1612 3287 1658 3358 qui
1680 3285 1832 3344 intellectus

181 3378 235 3435 nisi
249 3377 408 3433 misericors
429 3377 475 3431 det
488 3391 579 3431 escam
608 3373 794 3428 timentibus?
816 3372 892 3427 nibil.
918 3372 982 3442 Sed,
1034 3385 1085 3448 est,
1101 3375 1205 3431 initium
1222 3375 1361 3447 sapientiae
1375 3381 1426 3441 est,
1454 3375 1542 3431 bouus
1560 3376 1733 3445 fuciamlbur
1756 3393 1831 3433 aum.

182 3469 343 3526 misericors
351 3470 378 3521 ει
386 3464 680 3522 ιηίεεναιονῦεεεὶηεε
692 3462 869 3520 deditarcam
881 3463 984 3518 tituen-
1034 3463 1092 3522 Hoc
1107 3465 1169 3521 ideo
1179 3465 1224 3532 ait,
1242 3466 1305 3537 quia
1316 3462 1465 3536 periculum
1481 3469 1522 3518 est
1536 3461 1698 3538 intelligere,
1728 3470 1756 3521 et
1778 3481 1833 3521 non

184 3559 257 3614 tibus
269 3572 307 3612 εε.
320 3555 393 3612 Esca
401 3561 443 3610 est
454 3551 533 3625 panis
549 3551 595 3624 qui
605 3552 640 3607 de
654 3549 724 3608 coelo
738 3551 890 3615 descendit,
902 3567 984 3622 quem
1035 3553 1134 3610 lacere.
1149 3557 1185 3610 at
1202 3554 1328 3610 laudatio
1353 3557 1421 3626 ejus,
1449 3551 1527 3622 cujus
1554 3553 1636 3610 timor
1662 3561 1704 3609 est
1726 3551 1832 3608 initium

181 3645 271 3700 nullus
290 3643 398 3712 meruit,
415 3641 464 3697 sed
479 3641 530 3696 Dei
540 3639 730 3701 misericordia
758 3639 842 3695 dedit.
866 3637 946 3707 Quod
961 3638 985 3693 si
1034 3643 1291 3715 sapientiae,muuct
1312 3643 1343 3698 iu
1366 3645 1503 3700 secatum
1524 3643 1631 3698 toecull·
1662 3641 1720 3699 Hoc
1747 3649 1831 3698 totum

182 3733 245 3790 huic
260 3732 323 3788 vita
350 3738 455 3788 tantum
483 3729 558 3784 dedit
580 3736 609 3783 ut
630 3736 757 3799 peccator
781 3725 982 3797 justificandus,
1033 3731 1176 3804 praemiurn
1190 3740 1240 3801 est,
1251 3729 1378 3800 bicinis,
1389 3733 1448 3790 lraea
1459 3734 1687 3806 sadesperpetua,
1700 3729 1831 3786 hicman-

180 3821 302 3878 Vcrbum
317 3835 429 3876 carnem
453 3817 554 3874 iactum
573 3815 732 3888 acciperet:
763 3814 828 3888 quid
842 3815 869 3868 in
893 3813 984 3870 lutuno
1033 3821 1096 3875 data
1110 3817 1276 3886 confirmata,
1293 3819 1353 3876 haec
1367 3829 1408 3875 est
1422 3817 1848 3878 baereditasNoviTestamenti.'

182 3907 351 3982 8]οΓῑῖΙῦἃωῦ
365 3906 481 3978 θθῦῑΡῙθῑ
495 3906 509 3960 ⁶?
527 3906 642 3978 ”lunum
658 3905 777 3976 ‘lumem’
790 3902 853 3975 ΨΜ
878 3919 984 3960 ’Μῦν
1033 3941 1165 3983 comario
1176 3942 1204 3982 ru
1213 3940 1406 3982 rsauuurrcx:
1423 3951 1434 3976 ιι
1448 3939 1697 3994 coaetaneorum,
1709 3939 1829 3994 nonius,

182 4001 239 4056 erit
253 4000 284 4055 ia
295 3997 432 4054 aoeaulum
448 3995 616 4050 testamenti
628 3995 683 4062 sui,
696 3992 724 4048 id
738 4000 779 4046 est
793 3991 984 4063 promissionis
1318 4012 1347 4052 uu
1366 4013 1448 4067 roro,
1463 4023 1474 4048 ε
1490 4008 1543 4056 etc.

181 4104 238 4146 suae
253 4084 432 4158 complendae,
462 4084 493 4138 iu
514 4083 660 4150 aaecalom,
681 4079 827 4152 [Cassiod.‚
853 4077 936 4151 lup]
955 4079 984 4134 id
1069 4087 1154 4140 Vnus.
1171 4090 1197 4144 2.
1213 4117 1248 4126 -
1266 4088 1418 4158 Exquisita
1429 4089 1459 4143 ia
1473 4103 1570 4144 amurca
1581 4087 1743 4143 voluntates
1756 4086 1828 4157 cjua.

181 4176 266 4233 estin
279 4183 420 4230 aternum.
449 4171 533 4241 Quasi
548 4170 642 4226 dicat:
666 4171 725 4225 Nec
743 4177 828 4224 toturn
843 4167 918 4224 dedit
938 4168 984 4239 qui
1032 4158 1090 4212 Vox
1100 4155 1226 4212 hebraica
1238 4168 1359 4220 nutritii
1373 4171 1569 4228 maurannus,
1588 4157 1669 4212 habet
1678 4169 1830 4228 pronomen

1032 4226 1150 4292 affixum,
1166 4227 1240 4309 quod
1253 4228 1382 4300 ambigue
1404 4235 1512 4300 poterat
1540 4229 1618 4298 verti,
1650 4243 1755 4301 aarum,
1786 4225 1829 4282 vel

180 4263 282 4338 pignus
297 4262 381 4328 dedit,
410 4268 437 4316 et
460 4276 515 4316 non
542 4258 735 4356 contristentur
760 4255 846 4313 sancti
872 4255 917 4329 qui
932 4272 982 4310 au·
1031 4315 1107 4356 sm
1132 4298 1239 4355 Idcirco
1252 4299 1353 4355 Hieron
1372 4317 1432 4355 mus
1447 4299 1565 4356 reddidit
1601 4315 1638 4356 ex
1656 4296 1777 4355 mrem
1798 4299 1831 4352 in

180 4353 267 4409 diunt.
297 4350 416 4408 Facilius
444 4356 485 4404 εει
509 4347 643 4404 camelum
671 4354 773 4401 intrare
793 4345 982 4417 perforamen
1032 4371 1160 4428 ommibus
1175 4317 1448 4428 volumamugsm
1467 4371 1519 4427 Ubi
1532 4316 1744 4434 eoaemqsensu'
1759 4367 1835 4426 dici-¹

178 4457 255 4508 acus,
267 4455 348 4512 quam
358 4437 468 4494 divitem
496 4437 524 4492 in
546 4451 662 4508 regnum
686 4435 826 4500 coelorum,
843 4432 907 4506 quia
927 4443 1018 4504 ara-1)
1032 4457 1093 4496 mus
1104 4443 1134 4496 iu
1151 4457 1246 4496 omncs
1257 4441 1417 4498 voluntates
1429 4445 1499 4516 ejas,
1510 4455 1608 4511 nempe
1618 4439 1679 4494 Dei.
1691 4437 1832 4493 Consentit

180 4531 329 4586 nuntiauit
339 4527 442 4600 populo
457 4543 517 4592 auo,
533 4524 638 4593 israeli,
649 4533 678 4578 ut
693 4523 823 4594 apostolis
843 4524 979 4578 uirtutem
1033 4511 1187 4567 Nebiensis·
1217 4509 1269 4566 Alii
1295 4511 1489 4568 Hebraictntes
1517 4516 1678 4568 contemtui
1705 4521 1830 4570 sensum.

178 4633 293 4690 cunum
308 4631 434 4682 suorum,
451 4613 577 4687 quoniam
601 4629 660 4684 quae
683 4610 838 4666 hominibus
861 4609 979 4710 difficilia
1033 4583 1521 4723 ssffl‘gglffifoffifflssfflffi}
1530 4579 1832 4722 &gigigffbgwffi

179 4715 250 4774 sunt,
261 4707 321 4762 Deo
336 4711 398 4759 suut
413 4703 513 4772 facilia,
536 4710 565 4757 ut
581 4709 607 4756 et
620 4699 719 4755 divites
739 4698 820 4756 iaciat
834 4700 936 4753 intrare
951 4715 979 4753 rn
1032 4724 1157 4781 homines
1172 4739 1234 4779 cum
1247 4723 1424 4780 admiratione
1438 4723 1538 4780 debent
1552 4720 1721 4793 permutari
1734 4719 1831 4776 emu-

178 4811 296 4869 regnum
310 4793 451 4858 coelorum,
465 4792 499 4846 ad
514 4791 566 4848 hoc
581 4789 672 4861 utique
688 4787 867 4852 annuntiabit,
885 4790 918 4841 ut
933 4787 980 4842 dcl
1034 4796 1109 4850 dare,
1126 4794 1171 4850 Sic
1185 4801 1274 4851 autern
1290 4803 1439 4868 sequuntur
1454 4791 1554 4862 Kimhi,
1564 4801 1593 4848 ut
1607 4791 1709 4858 dicunt,
1721 4787 1833 4864 quivult

178 4884 240 4941 illia
256 4883 452 4939 haereaitatem
465 4881 603 4952 pralium,
617 4879 733 4934 ltumest
749 4875 862 4932 enimad
872 4883 977 4948 gentes.
1033 4865 1076 4920 hic
1090 4877 1156 4954 vnit
1167 4879 1303 4933 aarum,
1320 4863 1515 4921 substantivum
1530 4880 1581 4936 pro
1592 4861 1725 4930 adjectivo
1743 4859 1832 4932 accipi

180 4972 255 5030 ttutri
265 4971 336 5027 enim
348 4978 410 5026 sunt
423 4967 521 5026 vocati.
539 4968 675 5038 Occupata
690 4973 731 5022 εει
745 4965 890 5022 lraereditas
908 4979 978 5036 gon·
1035 4977 1162 5018 uorarrz
1175 4971 1265 5050 unilt.
