<?xml version="1.0" encoding="UTF-8"?>
<!DOCTYPE html PUBLIC "-//W3C//DTD XHTML 1.0 Transitional//EN"
    "http://www.w3.org/TR/xhtml1/DTD/xhtml1-transitional.dtd">
<html xmlns="http://www.w3.org/1999/xhtml" xml:lang="en" lang="en">
 <head>
  <title>
</title>
<meta http-equiv="Content-Type" content="text/html;charset=utf-8" />
  <meta name='ocr-system' content='tesseract 3.04.00' />
  <meta name='ocr-capabilities' content='ocr_page ocr_carea ocr_par ocr_line ocrx_word'/>
</head>
<body>
  <div class='ocr_page' id='page_1' title='image "./patrologiaecurs122unkngoog_0743.png"; bbox 0 0 3906 6056; ppageno 0'>
   <div class='ocr_carea' id='block_1_1' title="bbox 131 123 1797 187">
    <p class='ocr_par' dir='ltr' id='par_1_1' title="bbox 131 123 1797 187">
     <span class='ocr_line' id='line_1_1' title="bbox 131 123 1797 187; baseline -0.002 -1"><span class='ocrx_word' id='word_1_1' title='bbox 131 131 202 187; x_wconf 77' lang='lat' dir='ltr'><strong>tt&#39;tt</strong></span> <span class='ocrx_word' id='word_1_2' title='bbox 472 126 724 186; x_wconf 83' lang='lat' dir='ltr'><strong>COLLECTANEA</strong></span> <span class='ocrx_word' id='word_1_3' title='bbox 742 127 779 183; x_wconf 87' lang='lat' dir='ltr'><strong>IN</strong></span> <span class='ocrx_word' id='word_1_4' title='bbox 797 125 907 182; x_wconf 74' lang='lat' dir='ltr'><strong>aelst.</strong></span> <span class='ocrx_word' id='word_1_5' title='bbox 927 126 964 182; x_wconf 88' lang='lat' dir='ltr'><strong>D.</strong></span> <span class='ocrx_word' id='word_1_6' title='bbox 987 124 1102 182; x_wconf 81' lang='lat' dir='ltr'><strong>PAULI.</strong></span> <span class='ocrx_word' id='word_1_7' title='bbox 1121 126 1208 182; x_wconf 86' lang='grc' dir='ltr'><strong>-ΙΝ</strong></span> <span class='ocrx_word' id='word_1_8' title='bbox 1225 125 1280 183; x_wconf 88' lang='grc' dir='ltr'><strong>ΕΡ.</strong></span> <span class='ocrx_word' id='word_1_9' title='bbox 1299 125 1348 182; x_wconf 79' lang='lat' dir='ltr'><strong>ln</strong></span> <span class='ocrx_word' id='word_1_10' title='bbox 1367 123 1452 182; x_wconf 72' lang='lat' dir='ltr'><strong>ROM.</strong></span> <span class='ocrx_word' id='word_1_11' title='bbox 1728 128 1797 183; x_wconf 82' lang='lat' dir='ltr'><strong>ttra</strong></span> 
     </span>
    </p>
   </div>
   <div class='ocr_carea' id='block_1_2' title="bbox 134 248 1798 1297">
    <p class='ocr_par' dir='ltr' id='par_1_2' title="bbox 134 248 1798 1208">
     <span class='ocr_line' id='line_1_2' title="bbox 134 248 1787 323; baseline -0.002 -13"><span class='ocrx_word' id='word_1_12' title='bbox 134 261 186 310; x_wconf 90' lang='grc' dir='ltr'>εει.</span> <span class='ocrx_word' id='word_1_13' title='bbox 207 252 298 309; x_wconf 85' lang='lat' dir='ltr'><strong>Oreus</strong></span> <span class='ocrx_word' id='word_1_14' title='bbox 318 251 391 308; x_wconf 88' lang='lat' dir='ltr'><strong>enim</strong></span> <span class='ocrx_word' id='word_1_15' title='bbox 412 251 529 320; x_wconf 91' lang='lat' dir='ltr'><strong>invocat,</strong></span> <span class='ocrx_word' id='word_1_16' title='bbox 552 252 601 309; x_wconf 90' lang='lat' dir='ltr'><strong>sed</strong></span> <span class='ocrx_word' id='word_1_17' title='bbox 625 253 678 309; x_wconf 89' lang='lat' dir='ltr'><strong>boe</strong></span> <span class='ocrx_word' id='word_1_18' title='bbox 701 267 764 308; x_wconf 90' lang='lat' dir='ltr'><strong>vere</strong></span> <span class='ocrx_word' id='word_1_19' title='bbox 780 264 835 307; x_wconf 90' lang='lat' dir='ltr'><strong>non</strong></span> <span class='ocrx_word' id='word_1_20' title='bbox 850 253 976 323; x_wconf 81' lang='lat' dir='ltr'><strong>potestA</strong></span> <span class='ocrx_word' id='word_1_21' title='bbox 990 248 1055 321; x_wconf 87' lang='lat' dir='ltr'><strong>quin</strong></span> <span class='ocrx_word' id='word_1_22' title='bbox 1075 250 1127 305; x_wconf 89' lang='lat' dir='ltr'><strong>boo</strong></span> <span class='ocrx_word' id='word_1_23' title='bbox 1151 265 1206 306; x_wconf 93' lang='lat' dir='ltr'><strong>non</strong></span> <span class='ocrx_word' id='word_1_24' title='bbox 1228 258 1354 322; x_wconf 84' lang='lat' dir='ltr'><strong>poterant</strong></span> <span class='ocrx_word' id='word_1_25' title='bbox 1387 249 1488 307; x_wconf 82' lang='lat' dir='ltr'><strong>lacere.</strong></span> <span class='ocrx_word' id='word_1_26' title='bbox 1522 249 1787 322; x_wconf 76' lang='lat' dir='ltr'><strong>Evangeliapnttam</strong></span> 
     </span>
     <span class='ocr_line' id='line_1_3' title="bbox 134 336 1795 414; baseline -0.002 -16"><span class='ocrx_word' id='word_1_27' title='bbox 134 341 274 414; x_wconf 87' lang='lat' dir='ltr'><strong>nisiprius</strong></span> <span class='ocrx_word' id='word_1_28' title='bbox 288 340 393 397; x_wconf 90' lang='lat' dir='ltr'><strong>credat.</strong></span> <span class='ocrx_word' id='word_1_29' title='bbox 410 339 464 410; x_wconf 90' lang='lat' dir='ltr'><strong>Qui</strong></span> <span class='ocrx_word' id='word_1_30' title='bbox 479 358 546 412; x_wconf 89' lang='lat' dir='ltr'><strong>ergo</strong></span> <span class='ocrx_word' id='word_1_31' title='bbox 561 357 624 398; x_wconf 86' lang='lat' dir='ltr'><strong>vere</strong></span> <span class='ocrx_word' id='word_1_32' title='bbox 639 338 937 406; x_wconf 89' lang='lat' dir='ltr'><strong>invocant,nonmodo</strong></span> <span class='ocrx_word' id='word_1_33' title='bbox 981 336 1176 411; x_wconf 86' lang='lat' dir='ltr'><strong>[Ambrosius]</strong></span> <span class='ocrx_word' id='word_1_34' title='bbox 1208 338 1235 393; x_wconf 92' lang='lat' dir='ltr'><strong>id</strong></span> <span class='ocrx_word' id='word_1_35' title='bbox 1260 346 1302 394; x_wconf 89' lang='grc' dir='ltr'><strong>εει</strong></span> <span class='ocrx_word' id='word_1_36' title='bbox 1325 338 1539 394; x_wconf 80' lang='lat' dir='ltr'><strong>annuntiantium</strong></span> <span class='ocrx_word' id='word_1_37' title='bbox 1570 353 1676 410; x_wconf 87' lang='lat' dir='ltr'><strong>pacem,</strong></span> <span class='ocrx_word' id='word_1_38' title='bbox 1704 337 1795 394; x_wconf 91' lang='lat' dir='ltr'><strong>idest</strong></span> 
     </span>
     <span class='ocr_line' id='line_1_4' title="bbox 135 425 1795 500; baseline -0.002 -14"><span class='ocrx_word' id='word_1_39' title='bbox 135 430 262 498; x_wconf 85' lang='lat' dir='ltr'><strong>credunt,</strong></span> <span class='ocrx_word' id='word_1_40' title='bbox 285 428 436 484; x_wconf 89' lang='lat' dir='ltr'><strong>sedetiam</strong></span> <span class='ocrx_word' id='word_1_41' title='bbox 458 438 545 497; x_wconf 86' lang='lat' dir='ltr'><strong>crant,</strong></span> <span class='ocrx_word' id='word_1_42' title='bbox 570 437 599 485; x_wconf 93' lang='lat' dir='ltr'><strong>ut</strong></span> <span class='ocrx_word' id='word_1_43' title='bbox 622 435 769 500; x_wconf 88' lang='lat' dir='ltr'><strong>postquam</strong></span> <span class='ocrx_word' id='word_1_44' title='bbox 794 426 942 484; x_wconf 78' lang='lat' dir='ltr'><strong>crediderit</strong></span> <span class='ocrx_word' id='word_1_45' title='bbox 993 425 1242 482; x_wconf 77' lang='lat' dir='ltr'><strong>reconciliationem</strong></span> <span class='ocrx_word' id='word_1_46' title='bbox 1266 426 1336 482; x_wconf 91' lang='lat' dir='ltr'><strong>inter</strong></span> <span class='ocrx_word' id='word_1_47' title='bbox 1358 427 1486 498; x_wconf 91' lang='lat' dir='ltr'><strong>populum</strong></span> <span class='ocrx_word' id='word_1_48' title='bbox 1513 435 1539 482; x_wconf 89' lang='lat' dir='ltr'><strong>ct</strong></span> <span class='ocrx_word' id='word_1_49' title='bbox 1558 427 1689 498; x_wconf 90' lang='lat' dir='ltr'><strong>populum</strong></span> <span class='ocrx_word' id='word_1_50' title='bbox 1703 426 1795 482; x_wconf 88' lang='lat' dir='ltr'><strong>diruta</strong></span> 
     </span>
     <span class='ocr_line' id='line_1_5' title="bbox 134 513 1797 590; baseline -0.002 -16"><span class='ocrx_word' id='word_1_51' title='bbox 134 518 252 588; x_wconf 85' lang='lat' dir='ltr'><strong>alicujus</strong></span> <span class='ocrx_word' id='word_1_52' title='bbox 265 517 373 573; x_wconf 87' lang='lat' dir='ltr'><strong>animus</strong></span> <span class='ocrx_word' id='word_1_53' title='bbox 388 533 443 574; x_wconf 92' lang='lat' dir='ltr'><strong>non</strong></span> <span class='ocrx_word' id='word_1_54' title='bbox 463 517 570 573; x_wconf 91' lang='lat' dir='ltr'><strong>desinat</strong></span> <span class='ocrx_word' id='word_1_55' title='bbox 585 517 612 572; x_wconf 91' lang='lat' dir='ltr'><strong>id</strong></span> <span class='ocrx_word' id='word_1_56' title='bbox 626 517 765 588; x_wconf 91' lang='lat' dir='ltr'><strong>postulare</strong></span> <span class='ocrx_word' id='word_1_57' title='bbox 781 516 855 588; x_wconf 90' lang='lat' dir='ltr'><strong>quod</strong></span> <span class='ocrx_word' id='word_1_58' title='bbox 873 531 941 588; x_wconf 93' lang='lat' dir='ltr'><strong>pro·</strong></span> <span class='ocrx_word' id='word_1_59' title='bbox 993 514 1108 570; x_wconf 85' lang='lat' dir='ltr'><strong>macerie</strong></span> <span class='ocrx_word' id='word_1_60' title='bbox 1124 513 1221 590; x_wconf 88' lang='lat' dir='ltr'><strong>legalis</strong></span> <span class='ocrx_word' id='word_1_61' title='bbox 1236 513 1304 569; x_wconf 86' lang='lat' dir='ltr'><strong>ritus</strong></span> <span class='ocrx_word' id='word_1_62' title='bbox 1318 514 1466 584; x_wconf 82' lang='lat' dir='ltr'><strong>inludaeis,</strong></span> <span class='ocrx_word' id='word_1_63' title='bbox 1484 514 1712 571; x_wconf 82' lang='lat' dir='ltr'><strong>etidololatriaein</strong></span> <span class='ocrx_word' id='word_1_64' title='bbox 1728 529 1797 588; x_wconf 86' lang='lat' dir='ltr'><strong>gen-</strong></span> 
     </span>
     <span class='ocr_line' id='line_1_6' title="bbox 135 601 1795 678; baseline -0.002 -16"><span class='ocrx_word' id='word_1_65' title='bbox 135 606 210 662; x_wconf 91' lang='lat' dir='ltr'><strong>misit</strong></span> <span class='ocrx_word' id='word_1_66' title='bbox 224 607 298 662; x_wconf 89' lang='lat' dir='ltr'><strong>Deus</strong></span> <span class='ocrx_word' id='word_1_67' title='bbox 312 607 464 662; x_wconf 86' lang='lat' dir='ltr'><strong>totocorde</strong></span> <span class='ocrx_word' id='word_1_68' title='bbox 479 605 665 678; x_wconf 82' lang='lat' dir='ltr'><strong>vigilantibus,</strong></span> <span class='ocrx_word' id='word_1_69' title='bbox 691 605 754 677; x_wconf 90' lang='lat' dir='ltr'><strong>quia</strong></span> <span class='ocrx_word' id='word_1_70' title='bbox 768 605 881 661; x_wconf 90' lang='lat' dir='ltr'><strong>credere</strong></span> <span class='ocrx_word' id='word_1_71' title='bbox 896 604 943 659; x_wconf 90' lang='lat' dir='ltr'><strong>dat</strong></span> <span class='ocrx_word' id='word_1_72' title='bbox 994 601 1073 670; x_wconf 88' lang='lat' dir='ltr'><strong>tibus,</strong></span> <span class='ocrx_word' id='word_1_73' title='bbox 1090 611 1116 658; x_wconf 90' lang='lat' dir='ltr'><strong>et</strong></span> <span class='ocrx_word' id='word_1_74' title='bbox 1135 601 1207 658; x_wconf 91' lang='lat' dir='ltr'><strong>inter</strong></span> <span class='ocrx_word' id='word_1_75' title='bbox 1220 603 1308 658; x_wconf 89' lang='lat' dir='ltr'><strong>Deum</strong></span> <span class='ocrx_word' id='word_1_76' title='bbox 1322 601 1421 674; x_wconf 78' lang='lat' dir='ltr'><strong>impIos</strong></span> <span class='ocrx_word' id='word_1_77' title='bbox 1434 619 1483 674; x_wconf 93' lang='lat' dir='ltr'><strong>per</strong></span> <span class='ocrx_word' id='word_1_78' title='bbox 1497 602 1578 658; x_wconf 85' lang='lat' dir='ltr'><strong>fidem</strong></span> <span class='ocrx_word' id='word_1_79' title='bbox 1590 601 1795 672; x_wconf 85' lang='lat' dir='ltr'><strong>justificantem,</strong></span> 
     </span>
     <span class='ocr_line' id='line_1_7' title="bbox 136 690 1798 765; baseline -0.002 -14"><span class='ocrx_word' id='word_1_80' title='bbox 136 693 328 751; x_wconf 82' lang='lat' dir='ltr'><strong>remissionem</strong></span> <span class='ocrx_word' id='word_1_81' title='bbox 352 701 535 765; x_wconf 89' lang='lat' dir='ltr'><strong>peecatorum.</strong></span> <span class='ocrx_word' id='word_1_82' title='bbox 557 695 689 750; x_wconf 90' lang='lat' dir='ltr'><strong>lnvocare</strong></span> <span class='ocrx_word' id='word_1_83' title='bbox 713 702 803 750; x_wconf 89' lang='lat' dir='ltr'><strong>autem</strong></span> <span class='ocrx_word' id='word_1_84' title='bbox 818 693 944 765; x_wconf 84' lang='lat' dir='ltr'><strong>impetrat</strong></span> <span class='ocrx_word' id='word_1_85' title='bbox 994 699 1020 746; x_wconf 94' lang='lat' dir='ltr'><strong>et</strong></span> <span class='ocrx_word' id='word_1_86' title='bbox 1029 690 1153 746; x_wconf 90' lang='lat' dir='ltr'><strong>homines</strong></span> <span class='ocrx_word' id='word_1_87' title='bbox 1168 691 1197 746; x_wconf 92' lang='lat' dir='ltr'><strong>in</strong></span> <span class='ocrx_word' id='word_1_88' title='bbox 1207 707 1270 747; x_wconf 89' lang='lat' dir='ltr'><strong>aum</strong></span> <span class='ocrx_word' id='word_1_89' title='bbox 1280 691 1433 746; x_wconf 89' lang='lat' dir='ltr'><strong>credentes.</strong></span> <span class='ocrx_word' id='word_1_90' title='bbox 1443 691 1704 762; x_wconf 74' lang='lat' dir='ltr'><strong>Evangelizantlam</strong></span> <span class='ocrx_word' id='word_1_91' title='bbox 1716 692 1798 748; x_wconf 86' lang='lat' dir='ltr'><strong>etiarn</strong></span> 
     </span>
     <span class='ocr_line' id='line_1_8' title="bbox 136 778 1796 856; baseline -0.003 -17"><span class='ocrx_word' id='word_1_92' title='bbox 136 783 273 856; x_wconf 89' lang='lat' dir='ltr'><strong>promissa</strong></span> <span class='ocrx_word' id='word_1_93' title='bbox 288 782 347 838; x_wconf 81' lang='lat' dir='ltr'><strong>Dei.</strong></span> <span class='ocrx_word' id='word_1_94' title='bbox 372 783 406 838; x_wconf 91' lang='lat' dir='ltr'><strong>Ut</strong></span> <span class='ocrx_word' id='word_1_95' title='bbox 419 790 509 838; x_wconf 89' lang='lat' dir='ltr'><strong>autem</strong></span> <span class='ocrx_word' id='word_1_96' title='bbox 524 782 649 839; x_wconf 89' lang='lat' dir='ltr'><strong>ostendat</strong></span> <span class='ocrx_word' id='word_1_97' title='bbox 664 781 736 854; x_wconf 91' lang='lat' dir='ltr'><strong>quod</strong></span> <span class='ocrx_word' id='word_1_98' title='bbox 751 797 806 838; x_wconf 91' lang='lat' dir='ltr'><strong>non</strong></span> <span class='ocrx_word' id='word_1_99' title='bbox 821 790 863 837; x_wconf 88' lang='lat' dir='ltr'><strong>est</strong></span> <span class='ocrx_word' id='word_1_100' title='bbox 876 797 943 837; x_wconf 86' lang='lat' dir='ltr'><strong>vera</strong></span> <span class='ocrx_word' id='word_1_101' title='bbox 994 780 1066 836; x_wconf 83' lang='lat' dir='ltr'><strong>bean</strong></span> <span class='ocrx_word' id='word_1_102' title='bbox 1081 778 1179 845; x_wconf 85' lang='lat' dir='ltr'><strong>sutura,</strong></span> <span class='ocrx_word' id='word_1_103' title='bbox 1192 778 1269 834; x_wconf 92' lang='lat' dir='ltr'><strong>idest</strong></span> <span class='ocrx_word' id='word_1_104' title='bbox 1284 795 1379 850; x_wconf 88' lang='lat' dir='ltr'><strong>pacem</strong></span> <span class='ocrx_word' id='word_1_105' title='bbox 1389 795 1470 850; x_wconf 91' lang='lat' dir='ltr'><strong>super</strong></span> <span class='ocrx_word' id='word_1_106' title='bbox 1484 794 1590 850; x_wconf 86' lang='lat' dir='ltr'><strong>pacem,</strong></span> <span class='ocrx_word' id='word_1_107' title='bbox 1601 779 1665 851; x_wconf 88' lang='lat' dir='ltr'><strong>quia</strong></span> <span class='ocrx_word' id='word_1_108' title='bbox 1680 795 1796 852; x_wconf 82' lang='lat' dir='ltr'><strong>regnum</strong></span> 
     </span>
     <span class='ocr_line' id='line_1_9' title="bbox 136 866 1796 943; baseline -0.002 -16"><span class='ocrx_word' id='word_1_109' title='bbox 136 870 273 928; x_wconf 79' lang='lat' dir='ltr'><strong>invocatio</strong></span> <span class='ocrx_word' id='word_1_110' title='bbox 287 870 346 925; x_wconf 87' lang='lat' dir='ltr'><strong>sine</strong></span> <span class='ocrx_word' id='word_1_111' title='bbox 361 867 424 938; x_wconf 87' lang='lat' dir='ltr'><strong>fide,</strong></span> <span class='ocrx_word' id='word_1_112' title='bbox 441 870 548 937; x_wconf 89' lang='lat' dir='ltr'><strong>subdit,</strong></span> <span class='ocrx_word' id='word_1_113' title='bbox 564 870 698 943; x_wconf 82' lang='lat' dir='ltr'><strong>quomodo</strong></span> <span class='ocrx_word' id='word_1_114' title='bbox 709 886 783 942; x_wconf 80' lang='lat' dir='ltr'><strong>erpo,</strong></span> <span class='ocrx_word' id='word_1_115' title='bbox 794 870 837 926; x_wconf 89' lang='lat' dir='ltr'><strong>vel</strong></span> <span class='ocrx_word' id='word_1_116' title='bbox 852 877 944 926; x_wconf 88' lang='lat' dir='ltr'><strong>autem</strong></span> <span class='ocrx_word' id='word_1_117' title='bbox 994 867 1045 923; x_wconf 86' lang='lat' dir='ltr'><strong>Dei</strong></span> <span class='ocrx_word' id='word_1_118' title='bbox 1059 883 1113 939; x_wconf 91' lang='lat' dir='ltr'><strong>pax</strong></span> <span class='ocrx_word' id='word_1_119' title='bbox 1129 874 1181 922; x_wconf 91' lang='grc' dir='ltr'>εει.</span> <span class='ocrx_word' id='word_1_120' title='bbox 1198 866 1281 935; x_wconf 81' lang='lat' dir='ltr'><strong>Quasi</strong></span> <span class='ocrx_word' id='word_1_121' title='bbox 1296 867 1367 924; x_wconf 79' lang='lat' dir='ltr'><strong>dican</strong></span> <span class='ocrx_word' id='word_1_122' title='bbox 1384 885 1391 922; x_wconf 92' lang='lat'><strong>:</strong></span> <span class='ocrx_word' id='word_1_123' title='bbox 1410 866 1493 923; x_wconf 88' lang='lat' dir='ltr'><strong>Valde</strong></span> <span class='ocrx_word' id='word_1_124' title='bbox 1510 866 1628 938; x_wconf 86' lang='lat' dir='ltr'><strong>speciosi</strong></span> <span class='ocrx_word' id='word_1_125' title='bbox 1644 875 1716 934; x_wconf 92' lang='lat' dir='ltr'><strong>sunt,</strong></span> <span class='ocrx_word' id='word_1_126' title='bbox 1731 867 1796 939; x_wconf 88' lang='lat' dir='ltr'><strong>quia</strong></span> 
     </span>
     <span class='ocr_line' id='line_1_10' title="bbox 139 954 1795 1033; baseline -0.004 -17"><span class='ocrx_word' id='word_1_127' title='bbox 139 957 330 1033; x_wconf 70' lang='lat' dir='ltr'><strong>[Augustinus]</strong></span> <span class='ocrx_word' id='word_1_128' title='bbox 354 958 470 1029; x_wconf 91' lang='lat' dir='ltr'><strong>probato</strong></span> <span class='ocrx_word' id='word_1_129' title='bbox 492 958 566 1031; x_wconf 85' lang='lat' dir='ltr'><strong>quod</strong></span> <span class='ocrx_word' id='word_1_130' title='bbox 588 958 622 1014; x_wconf 90' lang='lat' dir='ltr'><strong>de</strong></span> <span class='ocrx_word' id='word_1_131' title='bbox 644 966 758 1031; x_wconf 89' lang='lat' dir='ltr'><strong>utroque</strong></span> <span class='ocrx_word' id='word_1_132' title='bbox 777 958 879 1030; x_wconf 90' lang='lat' dir='ltr'><strong>populo</strong></span> <span class='ocrx_word' id='word_1_133' title='bbox 901 973 947 1014; x_wconf 87' lang='lat' dir='ltr'><strong>as·</strong></span> <span class='ocrx_word' id='word_1_134' title='bbox 995 955 1147 1012; x_wconf 89' lang='lat' dir='ltr'><strong>illuminant</strong></span> <span class='ocrx_word' id='word_1_135' title='bbox 1163 956 1294 1011; x_wconf 90' lang='lat' dir='ltr'><strong>mundum</strong></span> <span class='ocrx_word' id='word_1_136' title='bbox 1310 963 1336 1011; x_wconf 91' lang='grc' dir='ltr'><strong>ει</strong></span> <span class='ocrx_word' id='word_1_137' title='bbox 1346 957 1409 1028; x_wconf 84' lang='lat' dir='ltr'><strong>quia</strong></span> <span class='ocrx_word' id='word_1_138' title='bbox 1419 955 1616 1028; x_wconf 87' lang='lat' dir='ltr'><strong>evangelizant,</strong></span> <span class='ocrx_word' id='word_1_139' title='bbox 1629 955 1657 1011; x_wconf 90' lang='lat' dir='ltr'><strong>id</strong></span> <span class='ocrx_word' id='word_1_140' title='bbox 1674 963 1715 1011; x_wconf 87' lang='lat' dir='ltr'><strong>cst</strong></span> <span class='ocrx_word' id='word_1_141' title='bbox 1724 954 1795 1011; x_wconf 90' lang='lat' dir='ltr'><strong>bene</strong></span> 
     </span>
     <span class='ocr_line' id='line_1_11' title="bbox 138 1042 1798 1118; baseline -0.003 -14"><span class='ocrx_word' id='word_1_142' title='bbox 138 1055 291 1114; x_wconf 88' lang='lat' dir='ltr'><strong>sumuntur,</strong></span> <span class='ocrx_word' id='word_1_143' title='bbox 306 1046 425 1102; x_wconf 87' lang='lat' dir='ltr'><strong>ostendit</strong></span> <span class='ocrx_word' id='word_1_144' title='bbox 447 1062 497 1118; x_wconf 92' lang='lat' dir='ltr'><strong>per</strong></span> <span class='ocrx_word' id='word_1_145' title='bbox 511 1046 587 1118; x_wconf 87' lang='lat' dir='ltr'><strong>quid,</strong></span> <span class='ocrx_word' id='word_1_146' title='bbox 604 1046 708 1103; x_wconf 87' lang='lat' dir='ltr'><strong>scilicet</strong></span> <span class='ocrx_word' id='word_1_147' title='bbox 721 1063 770 1118; x_wconf 89' lang='lat' dir='ltr'><strong>per</strong></span> <span class='ocrx_word' id='word_1_148' title='bbox 784 1046 946 1118; x_wconf 91' lang='lat' dir='ltr'><strong>promissio-</strong></span> <span class='ocrx_word' id='word_1_149' title='bbox 994 1045 1141 1112; x_wconf 84' lang='lat' dir='ltr'><strong>nuntiant;</strong></span> <span class='ocrx_word' id='word_1_150' title='bbox 1157 1044 1227 1100; x_wconf 89' lang='lat' dir='ltr'><strong>bene</strong></span> <span class='ocrx_word' id='word_1_151' title='bbox 1251 1044 1324 1100; x_wconf 89' lang='lat' dir='ltr'><strong>enim</strong></span> <span class='ocrx_word' id='word_1_152' title='bbox 1349 1043 1473 1100; x_wconf 89' lang='lat' dir='ltr'><strong>nuntiant</strong></span> <span class='ocrx_word' id='word_1_153' title='bbox 1487 1044 1533 1116; x_wconf 84' lang='lat' dir='ltr'><strong>qui</strong></span> <span class='ocrx_word' id='word_1_154' title='bbox 1549 1045 1623 1116; x_wconf 91' lang='lat' dir='ltr'><strong>quod</strong></span> <span class='ocrx_word' id='word_1_155' title='bbox 1633 1059 1683 1101; x_wconf 87' lang='lat' dir='ltr'><strong>ore</strong></span> <span class='ocrx_word' id='word_1_156' title='bbox 1696 1042 1798 1117; x_wconf 84' lang='lat' dir='ltr'><strong>praedi-</strong></span> 
     </span>
     <span class='ocr_line' id='line_1_12' title="bbox 137 1131 1335 1208; baseline -0.003 -18"><span class='ocrx_word' id='word_1_157' title='bbox 137 1151 200 1191; x_wconf 90' lang='lat' dir='ltr'><strong>nem</strong></span> <span class='ocrx_word' id='word_1_158' title='bbox 215 1133 357 1208; x_wconf 89' lang='lat' dir='ltr'><strong>utriusque</strong></span> <span class='ocrx_word' id='word_1_159' title='bbox 382 1133 491 1205; x_wconf 85' lang='lat' dir='ltr'><strong>laetam,</strong></span> <span class='ocrx_word' id='word_1_160' title='bbox 514 1150 594 1206; x_wconf 89' lang='lat' dir='ltr'><strong>quam</strong></span> <span class='ocrx_word' id='word_1_161' title='bbox 616 1135 662 1207; x_wconf 93' lang='lat' dir='ltr'><strong>qui</strong></span> <span class='ocrx_word' id='word_1_162' title='bbox 686 1151 742 1191; x_wconf 92' lang='lat' dir='ltr'><strong>non</strong></span> <span class='ocrx_word' id='word_1_163' title='bbox 755 1134 890 1206; x_wconf 84' lang='lat' dir='ltr'><strong>receperit</strong></span> <span class='ocrx_word' id='word_1_164' title='bbox 903 1134 945 1188; x_wconf 90' lang='lat' dir='ltr'><strong>in·</strong></span> <span class='ocrx_word' id='word_1_165' title='bbox 995 1141 1066 1201; x_wconf 88' lang='lat' dir='ltr'><strong>cant,</strong></span> <span class='ocrx_word' id='word_1_166' title='bbox 1083 1148 1166 1205; x_wconf 89' lang='lat' dir='ltr'><strong>opere</strong></span> <span class='ocrx_word' id='word_1_167' title='bbox 1186 1131 1335 1205; x_wconf 89' lang='lat' dir='ltr'><strong>compleat.</strong></span> 
     </span>
    </p>

    <p class='ocr_par' dir='ltr' id='par_1_3' title="bbox 137 1221 945 1297">
     <span class='ocr_line' id='line_1_13' title="bbox 137 1221 945 1297; baseline -0.004 -17"><span class='ocrx_word' id='word_1_168' title='bbox 137 1223 303 1280; x_wconf 88' lang='lat' dir='ltr'><strong>excusabilis</strong></span> <span class='ocrx_word' id='word_1_169' title='bbox 318 1231 368 1278; x_wconf 90' lang='grc' dir='ltr'>εει.</span> <span class='ocrx_word' id='word_1_170' title='bbox 394 1221 480 1291; x_wconf 84' lang='lat' dir='ltr'><strong>Quasi</strong></span> <span class='ocrx_word' id='word_1_171' title='bbox 493 1221 566 1278; x_wconf 88' lang='lat' dir='ltr'><strong>dicat</strong></span> <span class='ocrx_word' id='word_1_172' title='bbox 581 1238 588 1276; x_wconf 94' lang='lat'>:</span> <span class='ocrx_word' id='word_1_173' title='bbox 604 1223 744 1290; x_wconf 79' lang='lat' dir='ltr'><strong>invocatio</strong></span> <span class='ocrx_word' id='word_1_174' title='bbox 765 1222 861 1290; x_wconf 90' lang='lat' dir='ltr'><strong>salvat,</strong></span> <span class='ocrx_word' id='word_1_175' title='bbox 879 1237 945 1297; x_wconf 90' lang='lat' dir='ltr'><strong>ergo</strong></span> 
     </span>
    </p>
   </div>
   <div class='ocr_carea' id='block_1_3' title="bbox 139 1255 1798 1384">
    <p class='ocr_par' dir='ltr' id='par_1_4' title="bbox 139 1255 1798 1384">
     <span class='ocr_line' id='line_1_14' title="bbox 139 1255 1798 1384; baseline -0.019 -41"><span class='ocrx_word' id='word_1_176' title='bbox 139 1320 245 1384; x_wconf 53' lang='lat' dir='ltr'><strong>oporte]</strong></span> <span class='ocrx_word' id='word_1_177' title='bbox 260 1311 385 1368; x_wconf 45' lang='lat' dir='ltr'><strong>credere·</strong></span> <span class='ocrx_word' id='word_1_178' title='bbox 1032 1260 1117 1312; x_wconf 83' lang='lat' dir='ltr'><strong>Vsus.</strong></span> <span class='ocrx_word' id='word_1_179' title='bbox 1147 1260 1190 1324; x_wconf 78' lang='lat' dir='ltr'><strong>to,</strong></span> <span class='ocrx_word' id='word_1_180' title='bbox 1221 1259 1265 1312; x_wconf 85' lang='lat' dir='ltr'><strong>tt.</strong></span> <span class='ocrx_word' id='word_1_181' title='bbox 1291 1286 1326 1296; x_wconf 98' lang='lat'>-</span> <span class='ocrx_word' id='word_1_182' title='bbox 1356 1276 1369 1307; x_wconf 80' lang='grc' dir='ltr'>ι</span> <span class='ocrx_word' id='word_1_183' title='bbox 1399 1255 1454 1312; x_wconf 88' lang='lat' dir='ltr'><strong>Sed</strong></span> <span class='ocrx_word' id='word_1_184' title='bbox 1477 1272 1533 1312; x_wconf 91' lang='lat' dir='ltr'><strong>non</strong></span> <span class='ocrx_word' id='word_1_185' title='bbox 1554 1271 1649 1312; x_wconf 88' lang='lat' dir='ltr'><strong>omnes</strong></span> <span class='ocrx_word' id='word_1_186' title='bbox 1668 1256 1798 1312; x_wconf 90' lang='lat' dir='ltr'><strong>obediunt</strong></span> 
     </span>
    </p>
   </div>
   <div class='ocr_carea' id='block_1_4' title="bbox 142 1343 1797 1950">
    <p class='ocr_par' dir='ltr' id='par_1_5' title="bbox 174 1343 1797 1508">
     <span class='ocr_line' id='line_1_15' title="bbox 996 1343 1797 1418; baseline 0.002 -21"><span class='ocrx_word' id='word_1_187' title='bbox 996 1343 1010 1397; x_wconf 76' lang='lat' dir='ltr'><strong>i</strong></span> <span class='ocrx_word' id='word_1_188' title='bbox 1027 1345 1187 1418; x_wconf 84' lang='lat' dir='ltr'><strong>Evangelio.</strong></span> <span class='ocrx_word' id='word_1_189' title='bbox 1205 1345 1290 1400; x_wconf 88' lang='lat' dir='ltr'><strong>Isaias</strong></span> <span class='ocrx_word' id='word_1_190' title='bbox 1305 1344 1377 1400; x_wconf 89' lang='lat' dir='ltr'><strong>enirn</strong></span> <span class='ocrx_word' id='word_1_191' title='bbox 1392 1345 1457 1400; x_wconf 92' lang='lat' dir='ltr'><strong>dicit</strong></span> <span class='ocrx_word' id='word_1_192' title='bbox 1470 1361 1476 1400; x_wconf 91' lang='lat'>:</span> <span class='ocrx_word' id='word_1_193' title='bbox 1487 1344 1613 1411; x_wconf 89' lang='lat' dir='ltr'><strong>Domine,</strong></span> <span class='ocrx_word' id='word_1_194' title='bbox 1629 1344 1690 1417; x_wconf 89' lang='lat' dir='ltr'><strong>quis</strong></span> <span class='ocrx_word' id='word_1_195' title='bbox 1704 1344 1797 1402; x_wconf 88' lang='lat' dir='ltr'><strong>credi-</strong></span> 
     </span>
     <span class='ocr_line' id='line_1_16' title="bbox 174 1431 1797 1508; baseline -0.002 -16"><span class='ocrx_word' id='word_1_196' title='bbox 174 1437 260 1492; x_wconf 81' lang='lat' dir='ltr'><strong>Vaas.</strong></span> <span class='ocrx_word' id='word_1_197' title='bbox 279 1436 321 1500; x_wconf 81' lang='lat' dir='ltr'><strong>tt,</strong></span> <span class='ocrx_word' id='word_1_198' title='bbox 349 1438 391 1490; x_wconf 84' lang='lat' dir='ltr'><strong>ts.</strong></span> <span class='ocrx_word' id='word_1_199' title='bbox 407 1465 442 1476; x_wconf 93' lang='lat'>-</span> <span class='ocrx_word' id='word_1_200' title='bbox 460 1455 471 1485; x_wconf 82' lang='grc' dir='ltr'>ι</span> <span class='ocrx_word' id='word_1_201' title='bbox 490 1433 634 1503; x_wconf 84' lang='lat' dir='ltr'><strong>Quomodo</strong></span> <span class='ocrx_word' id='word_1_202' title='bbox 657 1450 723 1508; x_wconf 90' lang='lat' dir='ltr'><strong>ergo</strong></span> <span class='ocrx_word' id='word_1_203' title='bbox 738 1434 904 1491; x_wconf 90' lang='lat' dir='ltr'><strong>invocabunt</strong></span> <span class='ocrx_word' id='word_1_204' title='bbox 919 1434 946 1490; x_wconf 89' lang='lat' dir='ltr'><strong>in</strong></span> <span class='ocrx_word' id='word_1_205' title='bbox 998 1457 1009 1484; x_wconf 77' lang='lat' dir='ltr'><strong>v</strong></span> <span class='ocrx_word' id='word_1_206' title='bbox 1026 1435 1065 1490; x_wconf 93' lang='lat' dir='ltr'><strong>dit</strong></span> <span class='ocrx_word' id='word_1_207' title='bbox 1079 1433 1182 1490; x_wconf 90' lang='lat' dir='ltr'><strong>auditui</strong></span> <span class='ocrx_word' id='word_1_208' title='bbox 1197 1435 1315 1490; x_wconf 76' lang='lat' dir='ltr'><strong>nostro?</strong></span> <span class='ocrx_word' id='word_1_209' title='bbox 1329 1435 1405 1507; x_wconf 84' lang='lat' dir='ltr'><strong>Ergo</strong></span> <span class='ocrx_word' id='word_1_210' title='bbox 1424 1431 1492 1490; x_wconf 83' lang='lat' dir='ltr'><strong>tides</strong></span> <span class='ocrx_word' id='word_1_211' title='bbox 1513 1449 1546 1490; x_wconf 89' lang='lat' dir='ltr'><strong>ex</strong></span> <span class='ocrx_word' id='word_1_212' title='bbox 1569 1433 1672 1504; x_wconf 87' lang='lat' dir='ltr'><strong>auditu,</strong></span> <span class='ocrx_word' id='word_1_213' title='bbox 1688 1433 1797 1489; x_wconf 88' lang='lat' dir='ltr'><strong>auditus</strong></span> 
     </span>
    </p>

    <p class='ocr_par' dir='ltr' id='par_1_6' title="bbox 142 1521 1467 1595">
     <span class='ocr_line' id='line_1_17' title="bbox 142 1521 1467 1595; baseline -0.002 -20"><span class='ocrx_word' id='word_1_214' title='bbox 142 1539 246 1594; x_wconf 77' lang='lat' dir='ltr'><strong>«quem</strong></span> <span class='ocrx_word' id='word_1_215' title='bbox 257 1537 311 1578; x_wconf 91' lang='lat' dir='ltr'><strong>non</strong></span> <span class='ocrx_word' id='word_1_216' title='bbox 322 1521 517 1578; x_wconf 77' lang='lat' dir='ltr'><strong>crediderunt?</strong></span> <span class='ocrx_word' id='word_1_217' title='bbox 529 1525 582 1578; x_wconf 91' lang='lat' dir='ltr'><strong>Ant</strong></span> <span class='ocrx_word' id='word_1_218' title='bbox 592 1524 730 1595; x_wconf 91' lang='lat' dir='ltr'><strong>quomodo</strong></span> <span class='ocrx_word' id='word_1_219' title='bbox 741 1523 854 1579; x_wconf 89' lang='lat' dir='ltr'><strong>credent</strong></span> <span class='ocrx_word' id='word_1_220' title='bbox 865 1538 945 1594; x_wconf 90' lang='lat' dir='ltr'><strong>quem</strong></span> <span class='ocrx_word' id='word_1_221' title='bbox 999 1546 1011 1576; x_wconf 76' lang='grc' dir='ltr'>ι</span> <span class='ocrx_word' id='word_1_222' title='bbox 1028 1531 1119 1580; x_wconf 85' lang='lat' dir='ltr'><strong>autem</strong></span> <span class='ocrx_word' id='word_1_223' title='bbox 1133 1539 1184 1594; x_wconf 90' lang='lat' dir='ltr'><strong>per</strong></span> <span class='ocrx_word' id='word_1_224' title='bbox 1201 1523 1313 1579; x_wconf 92' lang='lat' dir='ltr'><strong>verbum</strong></span> <span class='ocrx_word' id='word_1_225' title='bbox 1328 1523 1436 1578; x_wconf 86' lang='lat' dir='ltr'><strong>Christi.</strong></span> <span class='ocrx_word' id='word_1_226' title='bbox 1456 1543 1467 1573; x_wconf 75' lang='lat' dir='ltr'><strong>v</strong></span> 
     </span>
    </p>

    <p class='ocr_par' dir='ltr' id='par_1_7' title="bbox 145 1606 980 1682">
     <span class='ocr_line' id='line_1_18' title="bbox 145 1606 980 1682; baseline 0.002 -18"><span class='ocrx_word' id='word_1_227' title='bbox 145 1631 155 1664; x_wconf 78' lang='grc' dir='ltr'>ι</span> <span class='ocrx_word' id='word_1_228' title='bbox 171 1627 225 1667; x_wconf 92' lang='lat' dir='ltr'><strong>non</strong></span> <span class='ocrx_word' id='word_1_229' title='bbox 241 1611 409 1667; x_wconf 76' lang='lat' dir='ltr'><strong>audierunt?</strong></span> <span class='ocrx_word' id='word_1_230' title='bbox 423 1610 568 1680; x_wconf 91' lang='lat' dir='ltr'><strong>Quomodo</strong></span> <span class='ocrx_word' id='word_1_231' title='bbox 578 1620 668 1667; x_wconf 88' lang='lat' dir='ltr'><strong>antem</strong></span> <span class='ocrx_word' id='word_1_232' title='bbox 679 1612 790 1667; x_wconf 88' lang='lat' dir='ltr'><strong>audient</strong></span> <span class='ocrx_word' id='word_1_233' title='bbox 804 1612 863 1666; x_wconf 88' lang='lat' dir='ltr'><strong>sine</strong></span> <span class='ocrx_word' id='word_1_234' title='bbox 873 1606 980 1682; x_wconf 69' lang='lat' dir='ltr'><strong>pra-B</strong></span> 
     </span>
    </p>

    <p class='ocr_par' dir='ltr' id='par_1_8' title="bbox 143 1697 945 1771">
     <span class='ocr_line' id='line_1_19' title="bbox 143 1697 945 1771; baseline 0 -17"><span class='ocrx_word' id='word_1_235' title='bbox 143 1722 153 1747; x_wconf 80' lang='grc' dir='ltr'>ι</span> <span class='ocrx_word' id='word_1_236' title='bbox 172 1699 302 1758; x_wconf 75' lang='lat' dir='ltr'><strong>dicante?</strong></span> <span class='ocrx_word' id='word_1_237' title='bbox 317 1697 461 1768; x_wconf 91' lang='lat' dir='ltr'><strong>Quomodo</strong></span> <span class='ocrx_word' id='word_1_238' title='bbox 475 1715 543 1756; x_wconf 91' lang='lat' dir='ltr'><strong>vero</strong></span> <span class='ocrx_word' id='word_1_239' title='bbox 557 1700 753 1771; x_wconf 79' lang='lat' dir='ltr'><strong>praedicabunt,</strong></span> <span class='ocrx_word' id='word_1_240' title='bbox 768 1700 820 1755; x_wconf 89' lang='lat' dir='ltr'><strong>nisi</strong></span> <span class='ocrx_word' id='word_1_241' title='bbox 836 1700 945 1755; x_wconf 87' lang='lat' dir='ltr'><strong>mittan-</strong></span> 
     </span>
    </p>

    <p class='ocr_par' dir='ltr' id='par_1_9' title="bbox 144 1787 969 1861">
     <span class='ocr_line' id='line_1_20' title="bbox 144 1787 969 1861; baseline 0.007 -23"><span class='ocrx_word' id='word_1_242' title='bbox 144 1789 241 1843; x_wconf 72' lang='lat' dir='ltr'><strong>«turt</strong></span> <span class='ocrx_word' id='word_1_243' title='bbox 261 1788 336 1844; x_wconf 91' lang='lat' dir='ltr'><strong>Sicut</strong></span> <span class='ocrx_word' id='word_1_244' title='bbox 359 1787 490 1859; x_wconf 88' lang='lat' dir='ltr'><strong>scriptum</strong></span> <span class='ocrx_word' id='word_1_245' title='bbox 514 1795 555 1843; x_wconf 91' lang='lat' dir='ltr'><strong>est</strong></span> <span class='ocrx_word' id='word_1_246' title='bbox 580 1804 587 1842; x_wconf 91' lang='lat'>:</span> <span class='ocrx_word' id='word_1_247' title='bbox 612 1788 700 1858; x_wconf 87' lang='lat' dir='ltr'><strong>Quam</strong></span> <span class='ocrx_word' id='word_1_248' title='bbox 723 1788 839 1861; x_wconf 87' lang='lat' dir='ltr'><strong>speciosi</strong></span> <span class='ocrx_word' id='word_1_249' title='bbox 859 1789 944 1860; x_wconf 91' lang='lat' dir='ltr'><strong>pedes</strong></span> <span class='ocrx_word' id='word_1_250' title='bbox 964 1800 969 1809; x_wconf 78' lang='grc'><em>“</em></span> 
     </span>
    </p>

    <p class='ocr_par' dir='ltr' id='par_1_10' title="bbox 143 1875 942 1950">
     <span class='ocr_line' id='line_1_21' title="bbox 143 1875 942 1950; baseline -0.006 -17"><span class='ocrx_word' id='word_1_251' title='bbox 143 1898 154 1924; x_wconf 69' lang='lat' dir='ltr'><strong>r</strong></span> <span class='ocrx_word' id='word_1_252' title='bbox 173 1875 419 1950; x_wconf 87' lang='lat' dir='ltr'><strong>evangelizantium</strong></span> <span class='ocrx_word' id='word_1_253' title='bbox 433 1891 545 1947; x_wconf 89' lang='lat' dir='ltr'><strong>paoem,</strong></span> <span class='ocrx_word' id='word_1_254' title='bbox 567 1876 812 1950; x_wconf 88' lang='lat' dir='ltr'><strong>evangelizantium</strong></span> <span class='ocrx_word' id='word_1_255' title='bbox 828 1877 910 1933; x_wconf 88' lang='lat' dir='ltr'><strong>bona.</strong></span> <span class='ocrx_word' id='word_1_256' title='bbox 930 1898 942 1928; x_wconf 71' lang='grc' dir='ltr'>ι</span> 
     </span>
    </p>
   </div>
   <div class='ocr_carea' id='block_1_5' title="bbox 141 1644 1813 5343">
    <p class='ocr_par' dir='ltr' id='par_1_11' title="bbox 994 1644 1799 1986">
     <span class='ocr_line' id='line_1_22' title="bbox 1032 1644 1798 1719; baseline -0.001 -15"><span class='ocrx_word' id='word_1_257' title='bbox 1032 1647 1084 1704; x_wconf 86' lang='lat' dir='ltr'><strong>Sed</strong></span> <span class='ocrx_word' id='word_1_258' title='bbox 1098 1664 1166 1704; x_wconf 86' lang='lat' dir='ltr'><strong>noa.</strong></span> <span class='ocrx_word' id='word_1_259' title='bbox 1185 1644 1269 1715; x_wconf 85' lang='lat' dir='ltr'><strong>Quasi</strong></span> <span class='ocrx_word' id='word_1_260' title='bbox 1285 1647 1358 1702; x_wconf 87' lang='lat' dir='ltr'><strong>dicat</strong></span> <span class='ocrx_word' id='word_1_261' title='bbox 1373 1665 1380 1701; x_wconf 76' lang='grc' dir='ltr'>ε</span> <span class='ocrx_word' id='word_1_262' title='bbox 1397 1647 1500 1703; x_wconf 89' lang='lat' dir='ltr'><strong>Omnes</strong></span> <span class='ocrx_word' id='word_1_263' title='bbox 1514 1646 1657 1703; x_wconf 87' lang='lat' dir='ltr'><strong>audierunt</strong></span> <span class='ocrx_word' id='word_1_264' title='bbox 1671 1663 1798 1719; x_wconf 89' lang='lat' dir='ltr'><strong>perape-</strong></span> 
     </span>
     <span class='ocr_line' id='line_1_23' title="bbox 994 1735 1797 1809; baseline -0.001 -18"><span class='ocrx_word' id='word_1_265' title='bbox 994 1735 1077 1792; x_wconf 88' lang='lat' dir='ltr'><strong>stolos</strong></span> <span class='ocrx_word' id='word_1_266' title='bbox 1095 1754 1102 1790; x_wconf 75' lang='grc' dir='ltr'>ε</span> <span class='ocrx_word' id='word_1_267' title='bbox 1118 1736 1170 1792; x_wconf 88' lang='lat' dir='ltr'><strong>Sed</strong></span> <span class='ocrx_word' id='word_1_268' title='bbox 1185 1753 1243 1793; x_wconf 83' lang='lat' dir='ltr'><strong>nort</strong></span> <span class='ocrx_word' id='word_1_269' title='bbox 1259 1752 1355 1792; x_wconf 83' lang='lat' dir='ltr'><strong>omnes</strong></span> <span class='ocrx_word' id='word_1_270' title='bbox 1372 1736 1536 1792; x_wconf 82' lang='lat' dir='ltr'><strong>obedierunt</strong></span> <span class='ocrx_word' id='word_1_271' title='bbox 1553 1737 1712 1809; x_wconf 72' lang='lat' dir='ltr'><strong>Evangelio.</strong></span> <span class='ocrx_word' id='word_1_272' title='bbox 1730 1736 1797 1791; x_wconf 88' lang='lat' dir='ltr'><strong>Cum</strong></span> 
     </span>
     <span class='ocr_line' id='line_1_24' title="bbox 994 1823 1799 1898; baseline -0.002 -18"><span class='ocrx_word' id='word_1_273' title='bbox 994 1823 1066 1880; x_wconf 89' lang='lat' dir='ltr'><strong>enim</strong></span> <span class='ocrx_word' id='word_1_274' title='bbox 1081 1841 1114 1880; x_wconf 87' lang='lat' dir='ltr'><strong>ex</strong></span> <span class='ocrx_word' id='word_1_275' title='bbox 1130 1824 1216 1898; x_wconf 87' lang='lat' dir='ltr'><strong>gratia</strong></span> <span class='ocrx_word' id='word_1_276' title='bbox 1240 1824 1275 1880; x_wconf 91' lang='lat' dir='ltr'><strong>sit</strong></span> <span class='ocrx_word' id='word_1_277' title='bbox 1297 1823 1415 1894; x_wconf 87' lang='lat' dir='ltr'><strong>auditus,</strong></span> <span class='ocrx_word' id='word_1_278' title='bbox 1431 1824 1588 1880; x_wconf 87' lang='lat' dir='ltr'><strong>necessaria</strong></span> <span class='ocrx_word' id='word_1_279' title='bbox 1603 1832 1644 1880; x_wconf 90' lang='grc' dir='ltr'><strong>εει</strong></span> <span class='ocrx_word' id='word_1_280' title='bbox 1659 1823 1731 1880; x_wconf 88' lang='lat' dir='ltr'><strong>enim</strong></span> <span class='ocrx_word' id='word_1_281' title='bbox 1747 1823 1799 1880; x_wconf 87' lang='lat' dir='ltr'><strong>alia</strong></span> 
     </span>
     <span class='ocr_line' id='line_1_25' title="bbox 995 1911 1799 1986; baseline 0 -20"><span class='ocrx_word' id='word_1_282' title='bbox 995 1912 1086 1986; x_wconf 86' lang='lat' dir='ltr'><strong>gratia</strong></span> <span class='ocrx_word' id='word_1_283' title='bbox 1110 1929 1170 1985; x_wconf 77' lang='lat' dir='ltr'><strong>quas</strong></span> <span class='ocrx_word' id='word_1_284' title='bbox 1196 1928 1243 1969; x_wconf 91' lang='lat' dir='ltr'><strong>cor</strong></span> <span class='ocrx_word' id='word_1_285' title='bbox 1267 1920 1385 1969; x_wconf 86' lang='lat' dir='ltr'><strong>moreat.</strong></span> <span class='ocrx_word' id='word_1_286' title='bbox 1412 1911 1602 1986; x_wconf 76' lang='lat' dir='ltr'><strong>[Augustinus]</strong></span> <span class='ocrx_word' id='word_1_287' title='bbox 1628 1911 1708 1982; x_wconf 91' lang='lat' dir='ltr'><strong>Quod</strong></span> <span class='ocrx_word' id='word_1_288' title='bbox 1731 1927 1799 1968; x_wconf 79' lang='lat' dir='ltr'><strong>vero</strong></span> 
     </span>
    </p>

    <p class='ocr_par' dir='ltr' id='par_1_12' title="bbox 141 1997 1813 5343">
     <span class='ocr_line' id='line_1_26' title="bbox 175 1997 1799 2072; baseline 0.001 -18"><span class='ocrx_word' id='word_1_289' title='bbox 175 2000 313 2070; x_wconf 60' lang='lat' dir='ltr'><strong>montedo</strong></span> <span class='ocrx_word' id='word_1_290' title='bbox 323 1997 681 2068; x_wconf 79' lang='lat' dir='ltr'><strong>invocabitur,etc.,velita</strong></span> <span class='ocrx_word' id='word_1_291' title='bbox 688 2001 817 2057; x_wconf 89' lang='lat' dir='ltr'><strong>continua</strong></span> <span class='ocrx_word' id='word_1_292' title='bbox 825 2001 848 2056; x_wconf 93' lang='lat' dir='ltr'><strong>si</strong></span> <span class='ocrx_word' id='word_1_293' title='bbox 858 2009 900 2057; x_wconf 91' lang='lat' dir='ltr'><strong>est</strong></span> <span class='ocrx_word' id='word_1_294' title='bbox 909 1999 945 2056; x_wconf 94' lang='lat' dir='ltr'><strong>ibi</strong></span> <span class='ocrx_word' id='word_1_295' title='bbox 994 2016 1090 2056; x_wconf 92' lang='lat' dir='ltr'><strong>omnes</strong></span> <span class='ocrx_word' id='word_1_296' title='bbox 1105 2016 1161 2056; x_wconf 92' lang='lat' dir='ltr'><strong>non</strong></span> <span class='ocrx_word' id='word_1_297' title='bbox 1175 2001 1346 2067; x_wconf 89' lang='lat' dir='ltr'><strong>obedierunt,</strong></span> <span class='ocrx_word' id='word_1_298' title='bbox 1363 2000 1522 2072; x_wconf 89' lang='lat' dir='ltr'><strong>prophetico</strong></span> <span class='ocrx_word' id='word_1_299' title='bbox 1532 2000 1623 2056; x_wconf 82' lang='lat' dir='ltr'><strong>firmat</strong></span> <span class='ocrx_word' id='word_1_300' title='bbox 1634 2000 1799 2068; x_wconf 89' lang='lat' dir='ltr'><strong>testimonio,</strong></span> 
     </span>
     <span class='ocr_line' id='line_1_27' title="bbox 141 2087 1799 2161; baseline 0 -17"><span class='ocrx_word' id='word_1_301' title='bbox 141 2097 243 2144; x_wconf 88' lang='lat' dir='ltr'><strong>autern.</strong></span> <span class='ocrx_word' id='word_1_302' title='bbox 263 2087 346 2157; x_wconf 86' lang='lat' dir='ltr'><strong>Quasi</strong></span> <span class='ocrx_word' id='word_1_303' title='bbox 355 2089 481 2161; x_wconf 88' lang='lat' dir='ltr'><strong>dicatqui</strong></span> <span class='ocrx_word' id='word_1_304' title='bbox 489 2089 598 2145; x_wconf 92' lang='lat' dir='ltr'><strong>invocat</strong></span> <span class='ocrx_word' id='word_1_305' title='bbox 611 2089 704 2145; x_wconf 89' lang='lat' dir='ltr'><strong>salvus</strong></span> <span class='ocrx_word' id='word_1_306' title='bbox 713 2090 773 2146; x_wconf 91' lang='lat' dir='ltr'><strong>erit.</strong></span> <span class='ocrx_word' id='word_1_307' title='bbox 787 2091 845 2146; x_wconf 89' lang='lat' dir='ltr'><strong>Hoc</strong></span> <span class='ocrx_word' id='word_1_308' title='bbox 855 2097 944 2145; x_wconf 89' lang='lat' dir='ltr'><strong>autern</strong></span> <span class='ocrx_word' id='word_1_309' title='bbox 994 2089 1100 2160; x_wconf 89' lang='lat' dir='ltr'><strong>aliquos</strong></span> <span class='ocrx_word' id='word_1_310' title='bbox 1114 2105 1169 2144; x_wconf 92' lang='lat' dir='ltr'><strong>non</strong></span> <span class='ocrx_word' id='word_1_311' title='bbox 1183 2105 1278 2145; x_wconf 92' lang='lat' dir='ltr'><strong>omnes</strong></span> <span class='ocrx_word' id='word_1_312' title='bbox 1292 2089 1403 2145; x_wconf 90' lang='lat' dir='ltr'><strong>obedire</strong></span> <span class='ocrx_word' id='word_1_313' title='bbox 1426 2090 1469 2144; x_wconf 91' lang='lat' dir='ltr'><strong>bis</strong></span> <span class='ocrx_word' id='word_1_314' title='bbox 1493 2089 1593 2145; x_wconf 88' lang='lat' dir='ltr'><strong>verbis.</strong></span> <span class='ocrx_word' id='word_1_315' title='bbox 1617 2090 1706 2145; x_wconf 81' lang='lat' dir='ltr'><strong>lanias</strong></span> <span class='ocrx_word' id='word_1_316' title='bbox 1722 2089 1799 2146; x_wconf 79' lang='lat' dir='ltr'><strong>enim</strong></span> 
     </span>
     <span class='ocr_line' id='line_1_28' title="bbox 142 2177 1800 2252; baseline 0 -20"><span class='ocrx_word' id='word_1_317' title='bbox 142 2193 196 2232; x_wconf 92' lang='lat' dir='ltr'><strong>non</strong></span> <span class='ocrx_word' id='word_1_318' title='bbox 210 2184 299 2249; x_wconf 91' lang='lat' dir='ltr'><strong>potest</strong></span> <span class='ocrx_word' id='word_1_319' title='bbox 314 2177 412 2252; x_wconf 80' lang='lat' dir='ltr'><strong>aliquis</strong></span> <span class='ocrx_word' id='word_1_320' title='bbox 425 2178 567 2244; x_wconf 91' lang='lat' dir='ltr'><strong>adversus,</strong></span> <span class='ocrx_word' id='word_1_321' title='bbox 586 2177 651 2250; x_wconf 91' lang='lat' dir='ltr'><strong>quia</strong></span> <span class='ocrx_word' id='word_1_322' title='bbox 670 2194 723 2250; x_wconf 91' lang='lat' dir='ltr'><strong>quo</strong></span> <span class='ocrx_word' id='word_1_323' title='bbox 737 2178 819 2234; x_wconf 90' lang='lat' dir='ltr'><strong>modo</strong></span> <span class='ocrx_word' id='word_1_324' title='bbox 834 2179 945 2236; x_wconf 88' lang='lat' dir='ltr'><strong>invoca·</strong></span> <span class='ocrx_word' id='word_1_325' title='bbox 994 2179 1064 2234; x_wconf 83' lang='lat' dir='ltr'><strong>dicit</strong></span> <span class='ocrx_word' id='word_1_326' title='bbox 1075 2178 1219 2245; x_wconf 65' lang='lat' dir='ltr'><strong>:Domine</strong></span> <span class='ocrx_word' id='word_1_327' title='bbox 1231 2179 1292 2252; x_wconf 82' lang='lat' dir='ltr'><strong>quis</strong></span> <span class='ocrx_word' id='word_1_328' title='bbox 1302 2177 1421 2235; x_wconf 83' lang='lat' dir='ltr'><strong>credidit</strong></span> <span class='ocrx_word' id='word_1_329' title='bbox 1431 2179 1545 2234; x_wconf 83' lang='lat' dir='ltr'><strong>auditui</strong></span> <span class='ocrx_word' id='word_1_330' title='bbox 1555 2181 1662 2244; x_wconf 82' lang='lat' dir='ltr'><strong>aestro,</strong></span> <span class='ocrx_word' id='word_1_331' title='bbox 1672 2177 1747 2232; x_wconf 91' lang='lat' dir='ltr'><strong>idest</strong></span> <span class='ocrx_word' id='word_1_332' title='bbox 1758 2177 1800 2232; x_wconf 92' lang='lat' dir='ltr'><strong>bis</strong></span> 
     </span>
     <span class='ocr_line' id='line_1_29' title="bbox 144 2265 1799 2338; baseline 0.001 -19"><span class='ocrx_word' id='word_1_333' title='bbox 144 2265 211 2320; x_wconf 92' lang='lat' dir='ltr'><strong>bunt</strong></span> <span class='ocrx_word' id='word_1_334' title='bbox 224 2266 256 2321; x_wconf 81' lang='lat' dir='ltr'><strong>ia</strong></span> <span class='ocrx_word' id='word_1_335' title='bbox 266 2281 348 2338; x_wconf 84' lang='lat' dir='ltr'><strong>quem</strong></span> <span class='ocrx_word' id='word_1_336' title='bbox 359 2283 416 2323; x_wconf 85' lang='lat' dir='ltr'><strong>non</strong></span> <span class='ocrx_word' id='word_1_337' title='bbox 428 2266 634 2323; x_wconf 80' lang='lat' dir='ltr'><strong>crediderant?</strong></span> <span class='ocrx_word' id='word_1_338' title='bbox 649 2267 879 2323; x_wconf 87' lang='lat' dir='ltr'><strong>noninvoaabunt</strong></span> <span class='ocrx_word' id='word_1_339' title='bbox 893 2267 945 2322; x_wconf 89' lang='lat' dir='ltr'><strong>nisi</strong></span> <span class='ocrx_word' id='word_1_340' title='bbox 995 2283 1056 2338; x_wconf 85' lang='lat' dir='ltr'><strong>quae</strong></span> <span class='ocrx_word' id='word_1_341' title='bbox 1071 2282 1087 2321; x_wconf 91' lang='lat' dir='ltr'><strong>a</strong></span> <span class='ocrx_word' id='word_1_342' title='bbox 1103 2265 1182 2320; x_wconf 92' lang='lat' dir='ltr'><strong>nobis</strong></span> <span class='ocrx_word' id='word_1_343' title='bbox 1198 2265 1352 2333; x_wconf 88' lang='lat' dir='ltr'><strong>audiemnt,</strong></span> <span class='ocrx_word' id='word_1_344' title='bbox 1369 2266 1413 2322; x_wconf 86' lang='lat' dir='ltr'><strong>vel</strong></span> <span class='ocrx_word' id='word_1_345' title='bbox 1427 2283 1487 2338; x_wconf 74' lang='lat' dir='ltr'><strong>quae</strong></span> <span class='ocrx_word' id='word_1_346' title='bbox 1500 2283 1551 2321; x_wconf 93' lang='lat' dir='ltr'><strong>nos</strong></span> <span class='ocrx_word' id='word_1_347' title='bbox 1561 2265 1714 2320; x_wconf 89' lang='lat' dir='ltr'><strong>audivimus</strong></span> <span class='ocrx_word' id='word_1_348' title='bbox 1730 2273 1799 2329; x_wconf 88' lang='lat' dir='ltr'><strong>ate,</strong></span> 
     </span>
     <span class='ocr_line' id='line_1_30' title="bbox 144 2352 1801 2428; baseline -0.001 -19"><span class='ocrx_word' id='word_1_349' title='bbox 144 2353 267 2409; x_wconf 90' lang='lat' dir='ltr'><strong>credant.</strong></span> <span class='ocrx_word' id='word_1_350' title='bbox 279 2354 334 2409; x_wconf 85' lang='lat' dir='ltr'><strong>Aut</strong></span> <span class='ocrx_word' id='word_1_351' title='bbox 351 2353 484 2427; x_wconf 80' lang='lat' dir='ltr'><strong>quomodo</strong></span> <span class='ocrx_word' id='word_1_352' title='bbox 500 2355 618 2411; x_wconf 84' lang='lat' dir='ltr'><strong>credent</strong></span> <span class='ocrx_word' id='word_1_353' title='bbox 631 2356 657 2410; x_wconf 86' lang='grc' dir='ltr'>εἰ</span> <span class='ocrx_word' id='word_1_354' title='bbox 673 2371 755 2428; x_wconf 81' lang='lat' dir='ltr'><strong>prtem</strong></span> <span class='ocrx_word' id='word_1_355' title='bbox 772 2371 829 2412; x_wconf 84' lang='lat' dir='ltr'><strong>noa</strong></span> <span class='ocrx_word' id='word_1_356' title='bbox 848 2355 945 2412; x_wconf 84' lang='lat' dir='ltr'><strong>audie·</strong></span> <span class='ocrx_word' id='word_1_357' title='bbox 995 2355 1070 2426; x_wconf 81' lang='lat' dir='ltr'><strong>(ata)</strong></span> <span class='ocrx_word' id='word_1_358' title='bbox 1086 2353 1164 2425; x_wconf 90' lang='lat' dir='ltr'><strong>quasi</strong></span> <span class='ocrx_word' id='word_1_359' title='bbox 1181 2353 1254 2410; x_wconf 87' lang='lat' dir='ltr'><strong>dieat</strong></span> <span class='ocrx_word' id='word_1_360' title='bbox 1271 2368 1277 2408; x_wconf 93' lang='lat'>:</span> <span class='ocrx_word' id='word_1_361' title='bbox 1293 2353 1397 2426; x_wconf 82' lang='lat' dir='ltr'><strong>Aliquis</strong></span> <span class='ocrx_word' id='word_1_362' title='bbox 1412 2353 1538 2424; x_wconf 83' lang='lat' dir='ltr'><strong>credidit,</strong></span> <span class='ocrx_word' id='word_1_363' title='bbox 1551 2370 1606 2409; x_wconf 92' lang='lat' dir='ltr'><strong>non</strong></span> <span class='ocrx_word' id='word_1_364' title='bbox 1620 2353 1718 2408; x_wconf 89' lang='lat' dir='ltr'><strong>omnis.</strong></span> <span class='ocrx_word' id='word_1_365' title='bbox 1736 2352 1801 2423; x_wconf 93' lang='lat' dir='ltr'><strong>Qui-</strong></span> 
     </span>
     <span class='ocr_line' id='line_1_31' title="bbox 142 2438 1798 2513; baseline -0.001 -16"><span class='ocrx_word' id='word_1_366' title='bbox 142 2444 224 2497; x_wconf 84' lang='lat' dir='ltr'><strong>raat.</strong></span> <span class='ocrx_word' id='word_1_367' title='bbox 237 2438 319 2510; x_wconf 90' lang='lat' dir='ltr'><strong>Quasi</strong></span> <span class='ocrx_word' id='word_1_368' title='bbox 329 2440 401 2498; x_wconf 88' lang='lat' dir='ltr'><strong>dicat</strong></span> <span class='ocrx_word' id='word_1_369' title='bbox 413 2459 419 2497; x_wconf 79' lang='grc' dir='ltr'>ι</span> <span class='ocrx_word' id='word_1_370' title='bbox 432 2443 494 2497; x_wconf 91' lang='lat' dir='ltr'><strong>Non</strong></span> <span class='ocrx_word' id='word_1_371' title='bbox 503 2442 616 2498; x_wconf 90' lang='lat' dir='ltr'><strong>credent</strong></span> <span class='ocrx_word' id='word_1_372' title='bbox 626 2443 678 2496; x_wconf 89' lang='lat' dir='ltr'><strong>nisi</strong></span> <span class='ocrx_word' id='word_1_373' title='bbox 689 2443 807 2510; x_wconf 84' lang='lat' dir='ltr'><strong>audiant,</strong></span> <span class='ocrx_word' id='word_1_374' title='bbox 819 2459 870 2499; x_wconf 90' lang='lat' dir='ltr'><strong>nec</strong></span> <span class='ocrx_word' id='word_1_375' title='bbox 880 2443 945 2498; x_wconf 91' lang='lat' dir='ltr'><strong>olim</strong></span> <span class='ocrx_word' id='word_1_376' title='bbox 995 2443 1057 2497; x_wconf 91' lang='lat' dir='ltr'><strong>dam</strong></span> <span class='ocrx_word' id='word_1_377' title='bbox 1074 2441 1144 2496; x_wconf 90' lang='lat' dir='ltr'><strong>inter</strong></span> <span class='ocrx_word' id='word_1_378' title='bbox 1158 2458 1188 2496; x_wconf 89' lang='lat' dir='ltr'><strong>se</strong></span> <span class='ocrx_word' id='word_1_379' title='bbox 1203 2441 1357 2507; x_wconf 85' lang='lat' dir='ltr'><strong>mussitant,</strong></span> <span class='ocrx_word' id='word_1_380' title='bbox 1383 2449 1409 2497; x_wconf 94' lang='lat' dir='ltr'><strong>et</strong></span> <span class='ocrx_word' id='word_1_381' title='bbox 1431 2441 1476 2496; x_wconf 91' lang='lat' dir='ltr'><strong>ubi</strong></span> <span class='ocrx_word' id='word_1_382' title='bbox 1491 2449 1605 2513; x_wconf 86' lang='lat' dir='ltr'><strong>possunt</strong></span> <span class='ocrx_word' id='word_1_383' title='bbox 1618 2441 1798 2513; x_wconf 87' lang='lat' dir='ltr'><strong>pmclamant,</strong></span> 
     </span>
     <span class='ocr_line' id='line_1_32' title="bbox 142 2525 1797 2606; baseline -0.002 -24"><span class='ocrx_word' id='word_1_384' title='bbox 142 2527 239 2600; x_wconf 88' lang='lat' dir='ltr'><strong>aliquis</strong></span> <span class='ocrx_word' id='word_1_385' title='bbox 254 2528 370 2584; x_wconf 87' lang='lat' dir='ltr'><strong>credidit</strong></span> <span class='ocrx_word' id='word_1_386' title='bbox 385 2527 499 2601; x_wconf 92' lang='lat' dir='ltr'><strong>quinon</strong></span> <span class='ocrx_word' id='word_1_387' title='bbox 515 2529 606 2594; x_wconf 84' lang='lat' dir='ltr'><strong>alioue</strong></span> <span class='ocrx_word' id='word_1_388' title='bbox 617 2530 699 2586; x_wconf 92' lang='lat' dir='ltr'><strong>modo</strong></span> <span class='ocrx_word' id='word_1_389' title='bbox 710 2531 822 2601; x_wconf 89' lang='lat' dir='ltr'><strong>audivit,</strong></span> <span class='ocrx_word' id='word_1_390' title='bbox 843 2531 886 2587; x_wconf 93' lang='lat' dir='ltr'><strong>vel</strong></span> <span class='ocrx_word' id='word_1_391' title='bbox 901 2531 945 2585; x_wconf 88' lang='lat' dir='ltr'><strong>in·</strong></span> <span class='ocrx_word' id='word_1_392' title='bbox 996 2534 1022 2582; x_wconf 89' lang='lat' dir='ltr'><strong>et</strong></span> <span class='ocrx_word' id='word_1_393' title='bbox 1046 2525 1202 2581; x_wconf 82' lang='lat' dir='ltr'><strong>tumulenta</strong></span> <span class='ocrx_word' id='word_1_394' title='bbox 1218 2525 1423 2606; x_wconf 82' lang='lat' dir='ltr'><strong>¹disceptatione</strong></span> <span class='ocrx_word' id='word_1_395' title='bbox 1447 2525 1623 2592; x_wconf 87' lang='lat' dir='ltr'><strong>contendunt,</strong></span> <span class='ocrx_word' id='word_1_396' title='bbox 1649 2525 1771 2582; x_wconf 90' lang='lat' dir='ltr'><strong>dicentes</strong></span> <span class='ocrx_word' id='word_1_397' title='bbox 1790 2539 1797 2579; x_wconf 92' lang='lat'>:</span> 
     </span>
     <span class='ocr_line' id='line_1_33' title="bbox 143 2611 1800 2687; baseline 0.001 -20"><span class='ocrx_word' id='word_1_398' title='bbox 143 2612 237 2678; x_wconf 90' lang='lat' dir='ltr'><strong>terius,</strong></span> <span class='ocrx_word' id='word_1_399' title='bbox 253 2612 297 2669; x_wconf 88' lang='lat' dir='ltr'><strong>vel</strong></span> <span class='ocrx_word' id='word_1_400' title='bbox 314 2613 442 2669; x_wconf 89' lang='lat' dir='ltr'><strong>exterius.</strong></span> <span class='ocrx_word' id='word_1_401' title='bbox 461 2611 643 2687; x_wconf 90' lang='lat' dir='ltr'><strong>[Ambrosius]</strong></span> <span class='ocrx_word' id='word_1_402' title='bbox 665 2614 713 2670; x_wconf 84' lang='lat' dir='ltr'><strong>Vel</strong></span> <span class='ocrx_word' id='word_1_403' title='bbox 730 2615 867 2687; x_wconf 86' lang='lat' dir='ltr'><strong>quomodo</strong></span> <span class='ocrx_word' id='word_1_404' title='bbox 882 2631 945 2672; x_wconf 89' lang='lat' dir='ltr'><strong>cre·</strong></span> <span class='ocrx_word' id='word_1_405' title='bbox 996 2613 1067 2684; x_wconf 93' lang='lat' dir='ltr'><strong>Quid</strong></span> <span class='ocrx_word' id='word_1_406' title='bbox 1088 2612 1210 2669; x_wconf 82' lang='lat' dir='ltr'><strong>lecerunt</strong></span> <span class='ocrx_word' id='word_1_407' title='bbox 1230 2613 1327 2680; x_wconf 84' lang='lat' dir='ltr'><strong>Judaei,</strong></span> <span class='ocrx_word' id='word_1_408' title='bbox 1348 2613 1391 2670; x_wconf 90' lang='lat' dir='ltr'><strong>vel</strong></span> <span class='ocrx_word' id='word_1_409' title='bbox 1415 2629 1476 2685; x_wconf 83' lang='lat' dir='ltr'><strong>quae</strong></span> <span class='ocrx_word' id='word_1_410' title='bbox 1490 2614 1571 2685; x_wconf 89' lang='lat' dir='ltr'><strong>culpa</strong></span> <span class='ocrx_word' id='word_1_411' title='bbox 1591 2629 1685 2669; x_wconf 90' lang='lat' dir='ltr'><strong>eorum</strong></span> <span class='ocrx_word' id='word_1_412' title='bbox 1700 2612 1759 2680; x_wconf 88' lang='lat' dir='ltr'><strong>tuit,</strong></span> <span class='ocrx_word' id='word_1_413' title='bbox 1776 2612 1800 2668; x_wconf 87' lang='lat' dir='ltr'><strong>si</strong></span> 
     </span>
     <span class='ocr_line' id='line_1_34' title="bbox 143 2700 1798 2774; baseline 0.001 -19"><span class='ocrx_word' id='word_1_414' title='bbox 143 2701 210 2756; x_wconf 87' lang='lat' dir='ltr'><strong>dant</strong></span> <span class='ocrx_word' id='word_1_415' title='bbox 224 2700 249 2756; x_wconf 89' lang='lat' dir='ltr'><strong>ei</strong></span> <span class='ocrx_word' id='word_1_416' title='bbox 265 2716 346 2772; x_wconf 90' lang='lat' dir='ltr'><strong>quem</strong></span> <span class='ocrx_word' id='word_1_417' title='bbox 370 2717 425 2756; x_wconf 92' lang='lat' dir='ltr'><strong>non</strong></span> <span class='ocrx_word' id='word_1_418' title='bbox 444 2701 588 2772; x_wconf 84' lang='lat' dir='ltr'><strong>audierint,</strong></span> <span class='ocrx_word' id='word_1_419' title='bbox 610 2702 636 2757; x_wconf 94' lang='lat' dir='ltr'><strong>id</strong></span> <span class='ocrx_word' id='word_1_420' title='bbox 646 2705 694 2758; x_wconf 85' lang='lat' dir='ltr'><strong>&#39;est</strong></span> <span class='ocrx_word' id='word_1_421' title='bbox 708 2703 751 2760; x_wconf 90' lang='lat' dir='ltr'><strong>cui</strong></span> <span class='ocrx_word' id='word_1_422' title='bbox 765 2720 820 2759; x_wconf 93' lang='lat' dir='ltr'><strong>non</strong></span> <span class='ocrx_word' id='word_1_423' title='bbox 835 2703 947 2760; x_wconf 89' lang='lat' dir='ltr'><strong>obedie-</strong></span> <span class='ocrx_word' id='word_1_424' title='bbox 996 2719 1110 2759; x_wconf 91' lang='lat' dir='ltr'><strong>necesse</strong></span> <span class='ocrx_word' id='word_1_425' title='bbox 1133 2711 1198 2769; x_wconf 86' lang='lat' dir='ltr'><strong>erat,</strong></span> <span class='ocrx_word' id='word_1_426' title='bbox 1214 2711 1242 2758; x_wconf 92' lang='grc' dir='ltr'><strong>ιιι</strong></span> <span class='ocrx_word' id='word_1_427' title='bbox 1257 2719 1347 2758; x_wconf 91' lang='lat' dir='ltr'><strong>sermo</strong></span> <span class='ocrx_word' id='word_1_428' title='bbox 1363 2702 1521 2774; x_wconf 87' lang='lat' dir='ltr'><strong>impleretur</strong></span> <span class='ocrx_word' id='word_1_429' title='bbox 1534 2701 1613 2757; x_wconf 87' lang='lat' dir='ltr'><strong>Isaiae</strong></span> <span class='ocrx_word' id='word_1_430' title='bbox 1626 2718 1706 2774; x_wconf 89' lang='lat' dir='ltr'><strong>quem</strong></span> <span class='ocrx_word' id='word_1_431' title='bbox 1721 2701 1798 2757; x_wconf 90' lang='lat' dir='ltr'><strong>dixit.</strong></span> 
     </span>
     <span class='ocr_line' id='line_1_35' title="bbox 144 2789 1799 2865; baseline 0.003 -23"><span class='ocrx_word' id='word_1_432' title='bbox 144 2796 217 2844; x_wconf 88' lang='lat' dir='ltr'><strong>runt.</strong></span> <span class='ocrx_word' id='word_1_433' title='bbox 234 2790 365 2859; x_wconf 87' lang='lat' dir='ltr'><strong>Apertum</strong></span> <span class='ocrx_word' id='word_1_434' title='bbox 381 2796 432 2856; x_wconf 92' lang='lat' dir='ltr'><strong>est,</strong></span> <span class='ocrx_word' id='word_1_435' title='bbox 453 2789 518 2862; x_wconf 89' lang='lat' dir='ltr'><strong>quia</strong></span> <span class='ocrx_word' id='word_1_436' title='bbox 540 2806 597 2845; x_wconf 91' lang='lat' dir='ltr'><strong>non</strong></span> <span class='ocrx_word' id='word_1_437' title='bbox 621 2791 740 2847; x_wconf 90' lang='lat' dir='ltr'><strong>creditur</strong></span> <span class='ocrx_word' id='word_1_438' title='bbox 763 2791 802 2847; x_wconf 89' lang='lat' dir='ltr'><strong>illi</strong></span> <span class='ocrx_word' id='word_1_439' title='bbox 817 2791 861 2848; x_wconf 91' lang='lat' dir='ltr'><strong>cui</strong></span> <span class='ocrx_word' id='word_1_440' title='bbox 876 2792 946 2847; x_wconf 90' lang='lat' dir='ltr'><strong>ebe·</strong></span> <span class='ocrx_word' id='word_1_441' title='bbox 997 2789 1187 2865; x_wconf 76' lang='lat' dir='ltr'><strong>[Augustinus]</strong></span> <span class='ocrx_word' id='word_1_442' title='bbox 1222 2791 1308 2861; x_wconf 85' lang='lat' dir='ltr'><strong>Quam</strong></span> <span class='ocrx_word' id='word_1_443' title='bbox 1348 2791 1525 2864; x_wconf 87' lang='lat' dir='ltr'><strong>quaestionem</strong></span> <span class='ocrx_word' id='word_1_444' title='bbox 1551 2798 1649 2864; x_wconf 89' lang='lat' dir='ltr'><strong>urgent</strong></span> <span class='ocrx_word' id='word_1_445' title='bbox 1678 2798 1704 2846; x_wconf 90' lang='lat' dir='ltr'><strong>et</strong></span> <span class='ocrx_word' id='word_1_446' title='bbox 1732 2806 1799 2862; x_wconf 91' lang='lat' dir='ltr'><strong>pro-</strong></span> 
     </span>
     <span class='ocr_line' id='line_1_36' title="bbox 143 2875 1796 2952; baseline 0.002 -21"><span class='ocrx_word' id='word_1_447' title='bbox 143 2875 246 2932; x_wconf 89' lang='lat' dir='ltr'><strong>dientia</strong></span> <span class='ocrx_word' id='word_1_448' title='bbox 255 2885 381 2950; x_wconf 86' lang='lat' dir='ltr'><strong>negatur.</strong></span> <span class='ocrx_word' id='word_1_449' title='bbox 391 2878 529 2946; x_wconf 82' lang='lat' dir='ltr'><strong>Quomodo</strong></span> <span class='ocrx_word' id='word_1_450' title='bbox 540 2882 638 2934; x_wconf 85' lang='lat' dir='ltr'><strong>autc-m</strong></span> <span class='ocrx_word' id='word_1_451' title='bbox 648 2880 768 2936; x_wconf 84' lang='lat' dir='ltr'><strong>audient</strong></span> <span class='ocrx_word' id='word_1_452' title='bbox 777 2879 838 2936; x_wconf 79' lang='lat' dir='ltr'><strong>sine</strong></span> <span class='ocrx_word' id='word_1_453' title='bbox 846 2881 946 2952; x_wconf 86' lang='lat' dir='ltr'><strong>prcedr’·</strong></span> <span class='ocrx_word' id='word_1_454' title='bbox 997 2879 1151 2936; x_wconf 84' lang='lat' dir='ltr'><strong>sundiorem</strong></span> <span class='ocrx_word' id='word_1_455' title='bbox 1166 2879 1277 2948; x_wconf 77' lang='lat' dir='ltr'><strong>faciunt,</strong></span> <span class='ocrx_word' id='word_1_456' title='bbox 1294 2896 1344 2951; x_wconf 90' lang='lat' dir='ltr'><strong>per</strong></span> <span class='ocrx_word' id='word_1_457' title='bbox 1367 2896 1399 2935; x_wconf 90' lang='lat' dir='ltr'><strong>ea</strong></span> <span class='ocrx_word' id='word_1_458' title='bbox 1414 2895 1475 2952; x_wconf 84' lang='lat' dir='ltr'><strong>quae</strong></span> <span class='ocrx_word' id='word_1_459' title='bbox 1489 2879 1616 2951; x_wconf 89' lang='lat' dir='ltr'><strong>leguntur</strong></span> <span class='ocrx_word' id='word_1_460' title='bbox 1629 2879 1657 2933; x_wconf 93' lang='lat' dir='ltr'><strong>in</strong></span> <span class='ocrx_word' id='word_1_461' title='bbox 1671 2880 1796 2951; x_wconf 80' lang='lat' dir='ltr'><strong>Evange-</strong></span> 
     </span>
     <span class='ocr_line' id='line_1_37' title="bbox 143 2961 1800 3040; baseline 0.001 -19"><span class='ocrx_word' id='word_1_462' title='bbox 143 2967 228 3021; x_wconf 87' lang='lat' dir='ltr'><strong>cante</strong></span> <span class='ocrx_word' id='word_1_463' title='bbox 238 2964 284 3020; x_wconf 82' lang='lat' dir='ltr'><strong>tid</strong></span> <span class='ocrx_word' id='word_1_464' title='bbox 295 2972 336 3021; x_wconf 91' lang='lat' dir='ltr'><strong>est</strong></span> <span class='ocrx_word' id='word_1_465' title='bbox 345 2965 571 3037; x_wconf 85' lang='lat' dir='ltr'><strong>nisipraedicetur</strong></span> <span class='ocrx_word' id='word_1_466' title='bbox 581 2967 632 3033; x_wconf 91' lang='lat' dir='ltr'><strong>eis,</strong></span> <span class='ocrx_word' id='word_1_467' title='bbox 643 2966 721 3040; x_wconf 89' lang='lat' dir='ltr'><strong>qnasi</strong></span> <span class='ocrx_word' id='word_1_468' title='bbox 730 2967 802 3022; x_wconf 89' lang='lat' dir='ltr'><strong>dicat</strong></span> <span class='ocrx_word' id='word_1_469' title='bbox 813 2985 820 3021; x_wconf 92' lang='lat'><strong>:</strong></span> <span class='ocrx_word' id='word_1_470' title='bbox 832 2961 982 3022; x_wconf 72' lang='lat' dir='ltr'><strong>Nonou-0</strong></span> <span class='ocrx_word' id='word_1_471' title='bbox 996 2967 1032 3024; x_wconf 93' lang='lat' dir='ltr'><strong>lio</strong></span> <span class='ocrx_word' id='word_1_472' title='bbox 1046 2968 1171 3024; x_wconf 83' lang='lat' dir='ltr'><strong>loannis.</strong></span> <span class='ocrx_word' id='word_1_473' title='bbox 1187 2967 1232 3022; x_wconf 92' lang='lat' dir='ltr'><strong>Ait</strong></span> <span class='ocrx_word' id='word_1_474' title='bbox 1247 2967 1319 3022; x_wconf 92' lang='lat' dir='ltr'><strong>enim</strong></span> <span class='ocrx_word' id='word_1_475' title='bbox 1336 2986 1342 3022; x_wconf 95' lang='lat'><strong>:</strong></span> <span class='ocrx_word' id='word_1_476' title='bbox 1359 2969 1513 3040; x_wconf 83' lang='lat' dir='ltr'><strong>Propterea</strong></span> <span class='ocrx_word' id='word_1_477' title='bbox 1527 2983 1585 3022; x_wconf 84' lang='lat' dir='ltr'><strong>noa</strong></span> <span class='ocrx_word' id='word_1_478' title='bbox 1593 2970 1729 3038; x_wconf 85' lang='lat' dir='ltr'><strong>poterant</strong></span> <span class='ocrx_word' id='word_1_479' title='bbox 1739 2983 1800 3023; x_wconf 86' lang='lat' dir='ltr'><strong>ere·</strong></span> 
     </span>
     <span class='ocr_line' id='line_1_38' title="bbox 142 3053 1801 3129; baseline 0.001 -20"><span class='ocrx_word' id='word_1_480' title='bbox 142 3053 219 3109; x_wconf 91' lang='lat' dir='ltr'><strong>dient</strong></span> <span class='ocrx_word' id='word_1_481' title='bbox 239 3053 291 3108; x_wconf 90' lang='lat' dir='ltr'><strong>nisi</strong></span> <span class='ocrx_word' id='word_1_482' title='bbox 314 3053 487 3125; x_wconf 80' lang='lat' dir='ltr'><strong>praedicetur.</strong></span> <span class='ocrx_word' id='word_1_483' title='bbox 519 3054 579 3124; x_wconf 84' lang='lat' dir='ltr'><strong>Vel,</strong></span> <span class='ocrx_word' id='word_1_484' title='bbox 604 3055 741 3127; x_wconf 89' lang='lat' dir='ltr'><strong>quomodo</strong></span> <span class='ocrx_word' id='word_1_485' title='bbox 765 3063 857 3110; x_wconf 90' lang='lat' dir='ltr'><strong>autem</strong></span> <span class='ocrx_word' id='word_1_486' title='bbox 889 3055 948 3111; x_wconf 88' lang='lat' dir='ltr'><strong>sine</strong></span> <span class='ocrx_word' id='word_1_487' title='bbox 997 3053 1801 3129; x_wconf 78' lang='lat' dir='ltr'><strong>dereqaoddiaitleaioa:eecteeavitoeatoseorametta·</strong></span> 
     </span>
     <span class='ocr_line' id='line_1_39' title="bbox 144 3141 1800 3215; baseline 0.001 -18"><span class='ocrx_word' id='word_1_488' title='bbox 144 3141 328 3214; x_wconf 76' lang='lat' dir='ltr'><strong>praedicante,</strong></span> <span class='ocrx_word' id='word_1_489' title='bbox 346 3141 372 3197; x_wconf 93' lang='lat' dir='ltr'><strong>id</strong></span> <span class='ocrx_word' id='word_1_490' title='bbox 396 3151 438 3198; x_wconf 92' lang='lat' dir='ltr'><strong>est</strong></span> <span class='ocrx_word' id='word_1_491' title='bbox 451 3141 474 3197; x_wconf 88' lang='lat' dir='ltr'><strong>si</strong></span> <span class='ocrx_word' id='word_1_492' title='bbox 487 3142 645 3215; x_wconf 77' lang='lat' dir='ltr'><strong>praedicanti</strong></span> <span class='ocrx_word' id='word_1_493' title='bbox 659 3143 809 3199; x_wconf 80' lang='lat' dir='ltr'><strong>resistant?</strong></span> <span class='ocrx_word' id='word_1_494' title='bbox 823 3144 880 3199; x_wconf 90' lang='lat' dir='ltr'><strong>Nec</strong></span> <span class='ocrx_word' id='word_1_495' title='bbox 895 3144 948 3200; x_wconf 94' lang='lat' dir='ltr'><strong>boc</strong></span> <span class='ocrx_word' id='word_1_496' title='bbox 998 3145 1112 3200; x_wconf 81' lang='lat' dir='ltr'><strong>duravit</strong></span> <span class='ocrx_word' id='word_1_497' title='bbox 1125 3159 1279 3200; x_wconf 80' lang='lat' dir='ltr'><strong>aereorum</strong></span> <span class='ocrx_word' id='word_1_498' title='bbox 1294 3144 1385 3212; x_wconf 75' lang='lat' dir='ltr'><strong>(loen.</strong></span> <span class='ocrx_word' id='word_1_499' title='bbox 1401 3145 1464 3213; x_wconf 83' lang='lat' dir='ltr'><strong>xxx).</strong></span> <span class='ocrx_word' id='word_1_500' title='bbox 1481 3141 1586 3211; x_wconf 82' lang='lat' dir='ltr'><strong>Quibus</strong></span> <span class='ocrx_word' id='word_1_501' title='bbox 1601 3142 1800 3214; x_wconf 85' lang='lat' dir='ltr'><strong>respondemus</strong></span> 
     </span>
     <span class='ocr_line' id='line_1_40' title="bbox 144 3230 1800 3305; baseline -0.001 -18"><span class='ocrx_word' id='word_1_502' title='bbox 144 3231 293 3288; x_wconf 90' lang='lat' dir='ltr'><strong>obscurum</strong></span> <span class='ocrx_word' id='word_1_503' title='bbox 308 3237 359 3296; x_wconf 88' lang='lat' dir='ltr'><strong>est,</strong></span> <span class='ocrx_word' id='word_1_504' title='bbox 376 3231 438 3302; x_wconf 86' lang='lat' dir='ltr'><strong>quia</strong></span> <span class='ocrx_word' id='word_1_505' title='bbox 454 3231 500 3304; x_wconf 93' lang='lat' dir='ltr'><strong>qui</strong></span> <span class='ocrx_word' id='word_1_506' title='bbox 515 3231 674 3304; x_wconf 80' lang='lat' dir='ltr'><strong>praedicanti</strong></span> <span class='ocrx_word' id='word_1_507' title='bbox 686 3231 795 3299; x_wconf 91' lang='lat' dir='ltr'><strong>resistit,</strong></span> <span class='ocrx_word' id='word_1_508' title='bbox 808 3241 949 3289; x_wconf 89' lang='lat' dir='ltr'><strong>auctorem</strong></span> <span class='ocrx_word' id='word_1_509' title='bbox 999 3232 1072 3305; x_wconf 90' lang='lat' dir='ltr'><strong>quod</strong></span> <span class='ocrx_word' id='word_1_510' title='bbox 1086 3233 1160 3288; x_wconf 87' lang='lat' dir='ltr'><strong>Deus</strong></span> <span class='ocrx_word' id='word_1_511' title='bbox 1174 3230 1307 3303; x_wconf 77' lang='lat' dir='ltr'><strong>praescius</strong></span> <span class='ocrx_word' id='word_1_512' title='bbox 1322 3231 1474 3287; x_wconf 84' lang='lat' dir='ltr'><strong>futurorum</strong></span> <span class='ocrx_word' id='word_1_513' title='bbox 1488 3247 1539 3303; x_wconf 91' lang='lat' dir='ltr'><strong>per</strong></span> <span class='ocrx_word' id='word_1_514' title='bbox 1550 3231 1711 3303; x_wconf 88' lang='lat' dir='ltr'><strong>prophetam</strong></span> <span class='ocrx_word' id='word_1_515' title='bbox 1725 3247 1800 3303; x_wconf 84' lang='lat' dir='ltr'><strong>prae-</strong></span> 
     </span>
     <span class='ocr_line' id='line_1_41' title="bbox 143 3317 1801 3396; baseline 0.002 -25"><span class='ocrx_word' id='word_1_516' title='bbox 143 3317 202 3387; x_wconf 89' lang='lat' dir='ltr'><strong>ejus</strong></span> <span class='ocrx_word' id='word_1_517' title='bbox 217 3333 273 3374; x_wconf 92' lang='lat' dir='ltr'><strong>non</strong></span> <span class='ocrx_word' id='word_1_518' title='bbox 291 3319 395 3389; x_wconf 86' lang='lat' dir='ltr'><strong>recipit.</strong></span> <span class='ocrx_word' id='word_1_519' title='bbox 419 3319 557 3387; x_wconf 85' lang='lat' dir='ltr'><strong>Quomodo</strong></span> <span class='ocrx_word' id='word_1_520' title='bbox 583 3337 646 3378; x_wconf 86' lang='lat' dir='ltr'><strong>aero</strong></span> <span class='ocrx_word' id='word_1_521' title='bbox 666 3322 871 3396; x_wconf 80' lang='lat' dir='ltr'><strong>predicabant,</strong></span> <span class='ocrx_word' id='word_1_522' title='bbox 892 3323 950 3378; x_wconf 80' lang='lat' dir='ltr'><strong>nisi</strong></span> <span class='ocrx_word' id='word_1_523' title='bbox 999 3321 1066 3376; x_wconf 91' lang='lat' dir='ltr'><strong>dixit</strong></span> <span class='ocrx_word' id='word_1_524' title='bbox 1080 3319 1268 3376; x_wconf 86' lang='lat' dir='ltr'><strong>infidelitatem</strong></span> <span class='ocrx_word' id='word_1_525' title='bbox 1290 3320 1457 3387; x_wconf 81' lang='lat' dir='ltr'><strong>Judaeomm,</strong></span> <span class='ocrx_word' id='word_1_526' title='bbox 1478 3320 1527 3376; x_wconf 92' lang='lat' dir='ltr'><strong>sed</strong></span> <span class='ocrx_word' id='word_1_527' title='bbox 1550 3335 1607 3374; x_wconf 89' lang='lat' dir='ltr'><strong>non</strong></span> <span class='ocrx_word' id='word_1_528' title='bbox 1621 3318 1693 3388; x_wconf 83' lang='lat' dir='ltr'><strong>lecit,</strong></span> <span class='ocrx_word' id='word_1_529' title='bbox 1711 3335 1801 3391; x_wconf 88' lang='lat' dir='ltr'><strong>neque</strong></span> 
     </span>
     <span class='ocr_line' id='line_1_42' title="bbox 142 3406 1801 3490; baseline 0.002 -30"><span class='ocrx_word' id='word_1_530' title='bbox 142 3406 424 3479; x_wconf 78' lang='lat' dir='ltr'><strong>mittantartNeque</strong></span> <span class='ocrx_word' id='word_1_531' title='bbox 435 3407 506 3464; x_wconf 85' lang='lat' dir='ltr'><strong>istud</strong></span> <span class='ocrx_word' id='word_1_532' title='bbox 515 3408 613 3480; x_wconf 90' lang='lat' dir='ltr'><strong>recipit</strong></span> <span class='ocrx_word' id='word_1_533' title='bbox 623 3409 811 3481; x_wconf 87' lang='lat' dir='ltr'><strong>quaestionem,</strong></span> <span class='ocrx_word' id='word_1_534' title='bbox 823 3409 885 3482; x_wconf 89' lang='lat' dir='ltr'><strong>quia</strong></span> <span class='ocrx_word' id='word_1_535' title='bbox 896 3425 950 3466; x_wconf 93' lang='lat' dir='ltr'><strong>non</strong></span> <span class='ocrx_word' id='word_1_536' title='bbox 999 3409 1156 3481; x_wconf 81' lang='lat' dir='ltr'><strong>praescisset</strong></span> <span class='ocrx_word' id='word_1_537' title='bbox 1170 3408 1243 3465; x_wconf 89' lang='lat' dir='ltr'><strong>mala</strong></span> <span class='ocrx_word' id='word_1_538' title='bbox 1259 3425 1363 3477; x_wconf 90' lang='lat' dir='ltr'><strong>eorum,</strong></span> <span class='ocrx_word' id='word_1_539' title='bbox 1380 3408 1433 3464; x_wconf 91' lang='lat' dir='ltr'><strong>nisi</strong></span> <span class='ocrx_word' id='word_1_540' title='bbox 1448 3425 1480 3465; x_wconf 86' lang='lat' dir='ltr'><strong>ea</strong></span> <span class='ocrx_word' id='word_1_541' title='bbox 1495 3409 1634 3490; x_wconf 84' lang='lat' dir='ltr'><strong>baberent.</strong></span> <span class='ocrx_word' id='word_1_542' title='bbox 1650 3409 1726 3480; x_wconf 77' lang='grc'>(319)</span> <span class='ocrx_word' id='word_1_543' title='bbox 1739 3407 1801 3463; x_wconf 91' lang='lat' dir='ltr'><strong>Non</strong></span> 
     </span>
     <span class='ocr_line' id='line_1_43' title="bbox 146 3494 1802 3572; baseline 0.002 -24"><span class='ocrx_word' id='word_1_544' title='bbox 146 3502 209 3548; x_wconf 91' lang='lat' dir='ltr'><strong>sunt</strong></span> <span class='ocrx_word' id='word_1_545' title='bbox 224 3494 282 3550; x_wconf 89' lang='lat' dir='ltr'><strong>veri</strong></span> <span class='ocrx_word' id='word_1_546' title='bbox 297 3495 413 3566; x_wconf 87' lang='lat' dir='ltr'><strong>apostoli</strong></span> <span class='ocrx_word' id='word_1_547' title='bbox 436 3496 489 3551; x_wconf 89' lang='lat' dir='ltr'><strong>nisi</strong></span> <span class='ocrx_word' id='word_1_548' title='bbox 512 3496 599 3565; x_wconf 84' lang='lat' dir='ltr'><strong>missi,</strong></span> <span class='ocrx_word' id='word_1_549' title='bbox 622 3513 675 3554; x_wconf 91' lang='lat' dir='ltr'><strong>nec</strong></span> <span class='ocrx_word' id='word_1_550' title='bbox 697 3499 885 3570; x_wconf 77' lang='lat' dir='ltr'><strong>praedicabunt</strong></span> <span class='ocrx_word' id='word_1_551' title='bbox 899 3497 952 3552; x_wconf 86' lang='lat' dir='ltr'><strong>nisi</strong></span> <span class='ocrx_word' id='word_1_552' title='bbox 1001 3498 1074 3554; x_wconf 91' lang='lat' dir='ltr'><strong>enim</strong></span> <span class='ocrx_word' id='word_1_553' title='bbox 1087 3498 1150 3554; x_wconf 90' lang='lat' dir='ltr'><strong>ideo</strong></span> <span class='ocrx_word' id='word_1_554' title='bbox 1165 3514 1302 3571; x_wconf 90' lang='lat' dir='ltr'><strong>quemque</strong></span> <span class='ocrx_word' id='word_1_555' title='bbox 1312 3499 1387 3554; x_wconf 88' lang='lat' dir='ltr'><strong>Deus</strong></span> <span class='ocrx_word' id='word_1_556' title='bbox 1403 3498 1477 3572; x_wconf 90' lang='lat' dir='ltr'><strong>cogit</strong></span> <span class='ocrx_word' id='word_1_557' title='bbox 1492 3499 1527 3554; x_wconf 90' lang='lat' dir='ltr'><strong>ad</strong></span> <span class='ocrx_word' id='word_1_558' title='bbox 1541 3497 1723 3570; x_wconf 83' lang='lat' dir='ltr'><strong>peccandum,</strong></span> <span class='ocrx_word' id='word_1_559' title='bbox 1739 3496 1802 3569; x_wconf 89' lang='lat' dir='ltr'><strong>quia</strong></span> 
     </span>
     <span class='ocr_line' id='line_1_44' title="bbox 145 3581 1804 3659; baseline 0.003 -22"><span class='ocrx_word' id='word_1_560' title='bbox 145 3581 297 3638; x_wconf 90' lang='lat' dir='ltr'><strong>mittantur.</strong></span> <span class='ocrx_word' id='word_1_561' title='bbox 314 3583 393 3639; x_wconf 87' lang='lat' dir='ltr'><strong>Nulla</strong></span> <span class='ocrx_word' id='word_1_562' title='bbox 415 3585 487 3640; x_wconf 91' lang='lat' dir='ltr'><strong>enim</strong></span> <span class='ocrx_word' id='word_1_563' title='bbox 507 3585 587 3658; x_wconf 86' lang='lat' dir='ltr'><strong>signa</strong></span> <span class='ocrx_word' id='word_1_564' title='bbox 608 3585 736 3642; x_wconf 85' lang='lat' dir='ltr'><strong>virtutum</strong></span> <span class='ocrx_word' id='word_1_565' title='bbox 750 3587 792 3642; x_wconf 89' lang='lat' dir='ltr'><strong>bis</strong></span> <span class='ocrx_word' id='word_1_566' title='bbox 806 3586 952 3658; x_wconf 90' lang='lat' dir='ltr'><strong>perbibent</strong></span> <span class='ocrx_word' id='word_1_567' title='bbox 1002 3586 1092 3643; x_wconf 81' lang='lat' dir='ltr'><strong>lutura</strong></span> <span class='ocrx_word' id='word_1_568' title='bbox 1106 3587 1247 3642; x_wconf 91' lang='lat' dir='ltr'><strong>hominum</strong></span> <span class='ocrx_word' id='word_1_569' title='bbox 1260 3594 1372 3658; x_wconf 89' lang='lat' dir='ltr'><strong>peccata</strong></span> <span class='ocrx_word' id='word_1_570' title='bbox 1385 3586 1725 3659; x_wconf 76' lang='lat' dir='ltr'><strong>praenovitillornmenim</strong></span> <span class='ocrx_word' id='word_1_571' title='bbox 1735 3602 1804 3657; x_wconf 84' lang='lat' dir='ltr'><strong>prae·</strong></span> 
     </span>
     <span class='ocr_line' id='line_1_45' title="bbox 145 3669 1803 3747; baseline 0.003 -22"><span class='ocrx_word' id='word_1_572' title='bbox 145 3669 340 3727; x_wconf 89' lang='lat' dir='ltr'><strong>testimonium.</strong></span> <span class='ocrx_word' id='word_1_573' title='bbox 356 3671 430 3729; x_wconf 87' lang='lat' dir='ltr'><strong>Ecce</strong></span> <span class='ocrx_word' id='word_1_574' title='bbox 445 3681 517 3746; x_wconf 92' lang='lat' dir='ltr'><strong>patet</strong></span> <span class='ocrx_word' id='word_1_575' title='bbox 528 3673 637 3746; x_wconf 87' lang='lat' dir='ltr'><strong>qnodet</strong></span> <span class='ocrx_word' id='word_1_576' title='bbox 650 3675 792 3747; x_wconf 87' lang='lat' dir='ltr'><strong>adgentes</strong></span> <span class='ocrx_word' id='word_1_577' title='bbox 803 3675 953 3730; x_wconf 89' lang='lat' dir='ltr'><strong>missisunt</strong></span> <span class='ocrx_word' id='word_1_578' title='bbox 1002 3675 1081 3732; x_wconf 91' lang='lat' dir='ltr'><strong>scivit</strong></span> <span class='ocrx_word' id='word_1_579' title='bbox 1103 3683 1226 3747; x_wconf 86' lang='lat' dir='ltr'><strong>peccata,</strong></span> <span class='ocrx_word' id='word_1_580' title='bbox 1251 3691 1306 3730; x_wconf 90' lang='lat' dir='ltr'><strong>non</strong></span> <span class='ocrx_word' id='word_1_581' title='bbox 1328 3691 1386 3730; x_wconf 89' lang='lat' dir='ltr'><strong>sua.</strong></span> <span class='ocrx_word' id='word_1_582' title='bbox 1411 3675 1530 3747; x_wconf 87' lang='lat' dir='ltr'><strong>Ideoque</strong></span> <span class='ocrx_word' id='word_1_583' title='bbox 1556 3674 1579 3728; x_wconf 89' lang='lat' dir='ltr'><strong>si</strong></span> <span class='ocrx_word' id='word_1_584' title='bbox 1603 3690 1635 3731; x_wconf 87' lang='lat' dir='ltr'><strong>ea</strong></span> <span class='ocrx_word' id='word_1_585' title='bbox 1656 3690 1737 3746; x_wconf 90' lang='lat' dir='ltr'><strong>qnam</strong></span> <span class='ocrx_word' id='word_1_586' title='bbox 1757 3673 1803 3730; x_wconf 90' lang='lat' dir='ltr'><strong>ille</strong></span> 
     </span>
     <span class='ocr_line' id='line_1_46' title="bbox 145 3759 1803 3836; baseline 0.002 -22"><span class='ocrx_word' id='word_1_587' title='bbox 145 3759 350 3830; x_wconf 86' lang='lat' dir='ltr'><strong>praedicatores.</strong></span> <span class='ocrx_word' id='word_1_588' title='bbox 365 3762 400 3816; x_wconf 88' lang='lat' dir='ltr'><strong>Et</strong></span> <span class='ocrx_word' id='word_1_589' title='bbox 414 3761 453 3817; x_wconf 90' lang='lat' dir='ltr'><strong>sic</strong></span> <span class='ocrx_word' id='word_1_590' title='bbox 466 3761 563 3817; x_wconf 78' lang='lat' dir='ltr'><strong>refellit</strong></span> <span class='ocrx_word' id='word_1_591' title='bbox 578 3778 626 3818; x_wconf 89' lang='lat' dir='ltr'><strong>eos</strong></span> <span class='ocrx_word' id='word_1_592' title='bbox 642 3763 789 3835; x_wconf 88' lang='lat' dir='ltr'><strong>Apostolus</strong></span> <span class='ocrx_word' id='word_1_593' title='bbox 804 3780 884 3836; x_wconf 90' lang='lat' dir='ltr'><strong>quem</strong></span> <span class='ocrx_word' id='word_1_594' title='bbox 898 3781 953 3836; x_wconf 94' lang='lat' dir='ltr'><strong>pu·</strong></span> <span class='ocrx_word' id='word_1_595' title='bbox 1001 3763 1146 3836; x_wconf 74' lang='lat' dir='ltr'><strong>prescivit,</strong></span> <span class='ocrx_word' id='word_1_596' title='bbox 1172 3765 1295 3835; x_wconf 90' lang='lat' dir='ltr'><strong>ipsorum</strong></span> <span class='ocrx_word' id='word_1_597' title='bbox 1317 3779 1373 3818; x_wconf 92' lang='lat' dir='ltr'><strong>non</strong></span> <span class='ocrx_word' id='word_1_598' title='bbox 1387 3770 1460 3830; x_wconf 91' lang='lat' dir='ltr'><strong>sunt,</strong></span> <span class='ocrx_word' id='word_1_599' title='bbox 1475 3762 1597 3835; x_wconf 86' lang='lat' dir='ltr'><strong>ipsorum</strong></span> <span class='ocrx_word' id='word_1_600' title='bbox 1611 3778 1666 3818; x_wconf 93' lang='lat' dir='ltr'><strong>non</strong></span> <span class='ocrx_word' id='word_1_601' title='bbox 1679 3778 1742 3818; x_wconf 91' lang='lat' dir='ltr'><strong>vera</strong></span> <span class='ocrx_word' id='word_1_602' title='bbox 1757 3761 1803 3818; x_wconf 90' lang='lat' dir='ltr'><strong>illc</strong></span> 
     </span>
     <span class='ocr_line' id='line_1_47' title="bbox 145 3847 1803 3926; baseline 0.002 -24"><span class='ocrx_word' id='word_1_603' title='bbox 145 3847 239 3902; x_wconf 90' lang='lat' dir='ltr'><strong>tabant</strong></span> <span class='ocrx_word' id='word_1_604' title='bbox 260 3848 362 3903; x_wconf 86' lang='lat' dir='ltr'><strong>Judaeis</strong></span> <span class='ocrx_word' id='word_1_605' title='bbox 384 3855 487 3904; x_wconf 86' lang='lat' dir='ltr'><strong>tantum</strong></span> <span class='ocrx_word' id='word_1_606' title='bbox 508 3849 713 3921; x_wconf 75' lang='lat' dir='ltr'><strong>predicandum</strong></span> <span class='ocrx_word' id='word_1_607' title='bbox 738 3867 800 3907; x_wconf 90' lang='lat' dir='ltr'><strong>esse</strong></span> <span class='ocrx_word' id='word_1_608' title='bbox 824 3853 953 3926; x_wconf 86' lang='lat' dir='ltr'><strong>Evange·</strong></span> <span class='ocrx_word' id='word_1_609' title='bbox 1003 3852 1159 3925; x_wconf 85' lang='lat' dir='ltr'><strong>praescivit;</strong></span> <span class='ocrx_word' id='word_1_610' title='bbox 1175 3852 1225 3908; x_wconf 90' lang='lat' dir='ltr'><strong>sed</strong></span> <span class='ocrx_word' id='word_1_611' title='bbox 1246 3851 1308 3924; x_wconf 91' lang='lat' dir='ltr'><strong>quia</strong></span> <span class='ocrx_word' id='word_1_612' title='bbox 1332 3851 1404 3906; x_wconf 88' lang='lat' dir='ltr'><strong>illius</strong></span> <span class='ocrx_word' id='word_1_613' title='bbox 1427 3851 1597 3923; x_wconf 73' lang='lat' dir='ltr'><strong>praescientia</strong></span> <span class='ocrx_word' id='word_1_614' title='bbox 1612 3849 1667 3906; x_wconf 80' lang='lat' dir='ltr'><strong>tattt</strong></span> <span class='ocrx_word' id='word_1_615' title='bbox 1682 3866 1737 3906; x_wconf 91' lang='lat' dir='ltr'><strong>non</strong></span> <span class='ocrx_word' id='word_1_616' title='bbox 1750 3865 1803 3922; x_wconf 92' lang='lat' dir='ltr'><strong>po-</strong></span> 
     </span>
     <span class='ocr_line' id='line_1_48' title="bbox 144 3934 1804 4012; baseline 0.002 -21"><span class='ocrx_word' id='word_1_617' title='bbox 144 3934 221 3991; x_wconf 93' lang='lat' dir='ltr'><strong>lium.</strong></span> <span class='ocrx_word' id='word_1_618' title='bbox 238 3935 302 3993; x_wconf 87' lang='lat' dir='ltr'><strong>llaeo</strong></span> <span class='ocrx_word' id='word_1_619' title='bbox 316 3945 405 3993; x_wconf 90' lang='lat' dir='ltr'><strong>autern</strong></span> <span class='ocrx_word' id='word_1_620' title='bbox 420 3938 454 3993; x_wconf 89' lang='lat' dir='ltr'><strong>ad</strong></span> <span class='ocrx_word' id='word_1_621' title='bbox 474 3938 560 4010; x_wconf 89' lang='lat' dir='ltr'><strong>ipsam</strong></span> <span class='ocrx_word' id='word_1_622' title='bbox 574 3939 689 4012; x_wconf 85' lang='lat' dir='ltr'><strong>gratiam</strong></span> <span class='ocrx_word' id='word_1_623' title='bbox 710 3941 954 3996; x_wconf 89' lang='lat' dir='ltr'><strong>commendandam</strong></span> <span class='ocrx_word' id='word_1_624' title='bbox 1003 3948 1065 4008; x_wconf 90' lang='lat' dir='ltr'><strong>test,</strong></span> <span class='ocrx_word' id='word_1_625' title='bbox 1082 3941 1141 3996; x_wconf 89' lang='lat' dir='ltr'><strong>sine</strong></span> <span class='ocrx_word' id='word_1_626' title='bbox 1156 3940 1238 3996; x_wconf 92' lang='lat' dir='ltr'><strong>dubio</strong></span> <span class='ocrx_word' id='word_1_627' title='bbox 1245 3955 1298 3995; x_wconf 93' lang='lat' dir='ltr'><strong>non</strong></span> <span class='ocrx_word' id='word_1_628' title='bbox 1307 3939 1387 4008; x_wconf 88' lang='lat' dir='ltr'><strong>alius,</strong></span> <span class='ocrx_word' id='word_1_629' title='bbox 1399 3940 1449 3995; x_wconf 89' lang='lat' dir='ltr'><strong>sed</strong></span> <span class='ocrx_word' id='word_1_630' title='bbox 1458 3939 1509 4011; x_wconf 88' lang='lat' dir='ltr'><strong>ipsi</strong></span> <span class='ocrx_word' id='word_1_631' title='bbox 1516 3947 1642 4010; x_wconf 88' lang='lat' dir='ltr'><strong>peccant,</strong></span> <span class='ocrx_word' id='word_1_632' title='bbox 1652 3955 1721 4012; x_wconf 91' lang='lat' dir='ltr'><strong>qnos</strong></span> <span class='ocrx_word' id='word_1_633' title='bbox 1731 3939 1804 3996; x_wconf 88' lang='lat' dir='ltr'><strong>Deus</strong></span> 
     </span>
     <span class='ocr_line' id='line_1_49' title="bbox 148 4023 1803 4102; baseline 0 -21"><span class='ocrx_word' id='word_1_634' title='bbox 148 4023 251 4095; x_wconf 85' lang='lat' dir='ltr'><strong>valeat,</strong></span> <span class='ocrx_word' id='word_1_635' title='bbox 277 4031 306 4079; x_wconf 91' lang='lat' dir='ltr'><strong>nt</strong></span> <span class='ocrx_word' id='word_1_636' title='bbox 328 4042 379 4098; x_wconf 90' lang='lat' dir='ltr'><strong>per</strong></span> <span class='ocrx_word' id='word_1_637' title='bbox 395 4027 447 4082; x_wconf 90' lang='lat' dir='ltr'><strong>boc</strong></span> <span class='ocrx_word' id='word_1_638' title='bbox 462 4034 546 4082; x_wconf 93' lang='lat' dir='ltr'><strong>totum</strong></span> <span class='ocrx_word' id='word_1_639' title='bbox 561 4027 663 4083; x_wconf 89' lang='lat' dir='ltr'><strong>bonum</strong></span> <span class='ocrx_word' id='word_1_640' title='bbox 677 4035 803 4084; x_wconf 91' lang='lat' dir='ltr'><strong>nostrum</strong></span> <span class='ocrx_word' id='word_1_641' title='bbox 824 4043 841 4084; x_wconf 88' lang='lat' dir='ltr'><strong>a</strong></span> <span class='ocrx_word' id='word_1_642' title='bbox 865 4029 954 4102; x_wconf 82' lang='lat' dir='ltr'><strong>gratia</strong></span> <span class='ocrx_word' id='word_1_643' title='bbox 1005 4038 1166 4102; x_wconf 89' lang='lat' dir='ltr'><strong>peccaturos</strong></span> <span class='ocrx_word' id='word_1_644' title='bbox 1182 4045 1244 4084; x_wconf 90' lang='lat' dir='ltr'><strong>esse</strong></span> <span class='ocrx_word' id='word_1_645' title='bbox 1268 4027 1406 4100; x_wconf 81' lang='lat' dir='ltr'><strong>praescivit</strong></span> <span class='ocrx_word' id='word_1_646' title='bbox 1423 4044 1429 4082; x_wconf 77' lang='grc' dir='ltr'>ε</span> <span class='ocrx_word' id='word_1_647' title='bbox 1446 4035 1473 4084; x_wconf 89' lang='grc' dir='ltr'><strong>ει</strong></span> <span class='ocrx_word' id='word_1_648' title='bbox 1486 4028 1559 4094; x_wconf 82' lang='grc' dir='ltr'>ἰιιεο,</span> <span class='ocrx_word' id='word_1_649' title='bbox 1576 4028 1599 4082; x_wconf 91' lang='lat' dir='ltr'><strong>si</strong></span> <span class='ocrx_word' id='word_1_650' title='bbox 1621 4044 1675 4084; x_wconf 91' lang='lat' dir='ltr'><strong>non</strong></span> <span class='ocrx_word' id='word_1_651' title='bbox 1690 4028 1803 4095; x_wconf 92' lang='lat' dir='ltr'><strong>malum,</strong></span> 
     </span>
     <span class='ocr_line' id='line_1_50' title="bbox 147 4113 1806 4189; baseline 0.003 -23"><span class='ocrx_word' id='word_1_652' title='bbox 147 4113 295 4183; x_wconf 90' lang='lat' dir='ltr'><strong>provenire</strong></span> <span class='ocrx_word' id='word_1_653' title='bbox 319 4114 486 4170; x_wconf 89' lang='lat' dir='ltr'><strong>ostendatur.</strong></span> <span class='ocrx_word' id='word_1_654' title='bbox 510 4115 581 4172; x_wconf 89' lang='lat' dir='ltr'><strong>Dicit</strong></span> <span class='ocrx_word' id='word_1_655' title='bbox 606 4117 677 4172; x_wconf 90' lang='lat' dir='ltr'><strong>enim</strong></span> <span class='ocrx_word' id='word_1_656' title='bbox 697 4118 769 4189; x_wconf 91' lang='lat' dir='ltr'><strong>qnod</strong></span> <span class='ocrx_word' id='word_1_657' title='bbox 795 4117 907 4173; x_wconf 89' lang='lat' dir='ltr'><strong>credere</strong></span> <span class='ocrx_word' id='word_1_658' title='bbox 922 4135 955 4173; x_wconf 91' lang='lat' dir='ltr'><strong>ex</strong></span> <span class='ocrx_word' id='word_1_659' title='bbox 1006 4119 1055 4175; x_wconf 89' lang='lat' dir='ltr'><strong>sed</strong></span> <span class='ocrx_word' id='word_1_660' title='bbox 1082 4118 1183 4174; x_wconf 92' lang='lat' dir='ltr'><strong>bonnm</strong></span> <span class='ocrx_word' id='word_1_661' title='bbox 1207 4116 1297 4174; x_wconf 82' lang='lat' dir='ltr'><strong>tacere</strong></span> <span class='ocrx_word' id='word_1_662' title='bbox 1319 4115 1479 4184; x_wconf 89' lang='lat' dir='ltr'><strong>volnissent,</strong></span> <span class='ocrx_word' id='word_1_663' title='bbox 1510 4131 1564 4172; x_wconf 94' lang='lat' dir='ltr'><strong>non</strong></span> <span class='ocrx_word' id='word_1_664' title='bbox 1586 4117 1687 4172; x_wconf 89' lang='lat' dir='ltr'><strong>malum</strong></span> <span class='ocrx_word' id='word_1_665' title='bbox 1710 4115 1806 4173; x_wconf 82' lang='lat' dir='ltr'><strong>tacturi</strong></span> 
     </span>
     <span class='ocr_line' id='line_1_51' title="bbox 146 4199 1805 4279; baseline 0.005 -24"><span class='ocrx_word' id='word_1_666' title='bbox 146 4199 239 4256; x_wconf 85' lang='lat' dir='ltr'><strong>auditu</strong></span> <span class='ocrx_word' id='word_1_667' title='bbox 261 4208 310 4268; x_wconf 90' lang='lat' dir='ltr'><strong>est,</strong></span> <span class='ocrx_word' id='word_1_668' title='bbox 336 4202 430 4259; x_wconf 89' lang='lat' dir='ltr'><strong>audire</strong></span> <span class='ocrx_word' id='word_1_669' title='bbox 454 4219 487 4259; x_wconf 92' lang='lat' dir='ltr'><strong>ex</strong></span> <span class='ocrx_word' id='word_1_670' title='bbox 507 4205 720 4276; x_wconf 86' lang='lat' dir='ltr'><strong>praedicatione,</strong></span> <span class='ocrx_word' id='word_1_671' title='bbox 751 4205 900 4278; x_wconf 86' lang='lat' dir='ltr'><strong>praedicare</strong></span> <span class='ocrx_word' id='word_1_672' title='bbox 922 4223 957 4262; x_wconf 84' lang='lat' dir='ltr'><strong>ex</strong></span> <span class='ocrx_word' id='word_1_673' title='bbox 1005 4206 1221 4279; x_wconf 77' lang='lat' dir='ltr'><strong>praeviderentur</strong></span> <span class='ocrx_word' id='word_1_674' title='bbox 1235 4206 1271 4262; x_wconf 88' lang='lat' dir='ltr'><strong>ab</strong></span> <span class='ocrx_word' id='word_1_675' title='bbox 1285 4221 1319 4263; x_wconf 91' lang='lat' dir='ltr'><strong>eo</strong></span> <span class='ocrx_word' id='word_1_676' title='bbox 1334 4204 1381 4278; x_wconf 87' lang='lat' dir='ltr'><strong>qui</strong></span> <span class='ocrx_word' id='word_1_677' title='bbox 1395 4205 1469 4261; x_wconf 92' lang='lat' dir='ltr'><strong>novit</strong></span> <span class='ocrx_word' id='word_1_678' title='bbox 1483 4206 1556 4278; x_wconf 89' lang='lat' dir='ltr'><strong>quod</strong></span> <span class='ocrx_word' id='word_1_679' title='bbox 1571 4207 1605 4261; x_wconf 89' lang='lat' dir='ltr'><strong>sit</strong></span> <span class='ocrx_word' id='word_1_680' title='bbox 1615 4205 1731 4279; x_wconf 87' lang='lat' dir='ltr'><strong>quisque</strong></span> <span class='ocrx_word' id='word_1_681' title='bbox 1745 4205 1805 4263; x_wconf 83' lang='lat' dir='ltr'><strong>tac-</strong></span> 
     </span>
     <span class='ocr_line' id='line_1_52' title="bbox 146 4289 1802 4380; baseline 0.004 -36"><span class='ocrx_word' id='word_1_682' title='bbox 146 4289 277 4345; x_wconf 81' lang='lat' dir='ltr'><strong>missione</strong></span> <span class='ocrx_word' id='word_1_683' title='bbox 291 4290 352 4358; x_wconf 88' lang='lat' dir='ltr'><strong>Dei,</strong></span> <span class='ocrx_word' id='word_1_684' title='bbox 370 4299 399 4347; x_wconf 92' lang='lat' dir='ltr'><strong>ut</strong></span> <span class='ocrx_word' id='word_1_685' title='bbox 413 4291 451 4348; x_wconf 90' lang='lat' dir='ltr'><strong>ita</strong></span> <span class='ocrx_word' id='word_1_686' title='bbox 466 4299 552 4348; x_wconf 89' lang='lat' dir='ltr'><strong>totum</strong></span> <span class='ocrx_word' id='word_1_687' title='bbox 563 4293 711 4350; x_wconf 90' lang='lat' dir='ltr'><strong>descendat</strong></span> <span class='ocrx_word' id='word_1_688' title='bbox 722 4311 755 4350; x_wconf 89' lang='lat' dir='ltr'><strong>ex</strong></span> <span class='ocrx_word' id='word_1_689' title='bbox 766 4295 838 4350; x_wconf 84' lang='lat' dir='ltr'><strong>tonte</strong></span> <span class='ocrx_word' id='word_1_690' title='bbox 849 4295 993 4380; x_wconf 65' lang='lat' dir='ltr'><strong>gratian</strong></span> <span class='ocrx_word' id='word_1_691' title='bbox 1009 4304 1095 4362; x_wconf 91' lang='lat' dir='ltr'><strong>turus,</strong></span> <span class='ocrx_word' id='word_1_692' title='bbox 1121 4303 1147 4352; x_wconf 92' lang='lat' dir='ltr'><strong>et</strong></span> <span class='ocrx_word' id='word_1_693' title='bbox 1170 4296 1243 4368; x_wconf 89' lang='lat' dir='ltr'><strong>quod</strong></span> <span class='ocrx_word' id='word_1_694' title='bbox 1270 4310 1319 4366; x_wconf 88' lang='lat' dir='ltr'><strong>pro</strong></span> <span class='ocrx_word' id='word_1_695' title='bbox 1334 4295 1392 4364; x_wconf 87' lang='lat' dir='ltr'><strong>ejus</strong></span> <span class='ocrx_word' id='word_1_696' title='bbox 1414 4310 1496 4368; x_wconf 90' lang='lat' dir='ltr'><strong>opere</strong></span> <span class='ocrx_word' id='word_1_697' title='bbox 1520 4295 1554 4349; x_wconf 90' lang='lat' dir='ltr'><strong>sit</strong></span> <span class='ocrx_word' id='word_1_698' title='bbox 1578 4293 1618 4349; x_wconf 89' lang='lat' dir='ltr'><strong>eis</strong></span> <span class='ocrx_word' id='word_1_699' title='bbox 1632 4294 1802 4350; x_wconf 87' lang='lat' dir='ltr'><strong>redditums.</strong></span> 
     </span>
     <span class='ocr_line' id='line_1_53' title="bbox 147 4376 1807 4460; baseline 0.004 -27"><span class='ocrx_word' id='word_1_700' title='bbox 147 4376 308 4434; x_wconf 86' lang='lat' dir='ltr'><strong>Praedicatio</strong></span> <span class='ocrx_word' id='word_1_701' title='bbox 329 4387 421 4435; x_wconf 90' lang='lat' dir='ltr'><strong>autem</strong></span> <span class='ocrx_word' id='word_1_702' title='bbox 447 4396 511 4436; x_wconf 88' lang='lat' dir='ltr'><strong>vere</strong></span> <span class='ocrx_word' id='word_1_703' title='bbox 525 4389 566 4437; x_wconf 92' lang='lat' dir='ltr'><strong>est</strong></span> <span class='ocrx_word' id='word_1_704' title='bbox 582 4399 616 4437; x_wconf 92' lang='lat' dir='ltr'><strong>ex</strong></span> <span class='ocrx_word' id='word_1_705' title='bbox 629 4380 769 4450; x_wconf 89' lang='lat' dir='ltr'><strong>missione,</strong></span> <span class='ocrx_word' id='word_1_706' title='bbox 787 4383 851 4455; x_wconf 88' lang='lat' dir='ltr'><strong>quia</strong></span> <span class='ocrx_word' id='word_1_707' title='bbox 870 4383 953 4439; x_wconf 90' lang='lat' dir='ltr'><strong>etiam</strong></span> <span class='ocrx_word' id='word_1_708' title='bbox 1005 4383 1196 4460; x_wconf 87' lang='lat' dir='ltr'><strong>[Augustinus]</strong></span> <span class='ocrx_word' id='word_1_709' title='bbox 1211 4383 1266 4440; x_wconf 89' lang='lat' dir='ltr'><strong>Sed</strong></span> <span class='ocrx_word' id='word_1_710' title='bbox 1281 4401 1314 4441; x_wconf 90' lang='lat' dir='ltr'><strong>ex</strong></span> <span class='ocrx_word' id='word_1_711' title='bbox 1329 4383 1419 4439; x_wconf 90' lang='lat' dir='ltr'><strong>verbis</strong></span> <span class='ocrx_word' id='word_1_712' title='bbox 1436 4383 1579 4453; x_wconf 83' lang='lat' dir='ltr'><strong>Evangelii</strong></span> <span class='ocrx_word' id='word_1_713' title='bbox 1594 4382 1731 4454; x_wconf 83' lang='lat' dir='ltr'><strong>praedictis</strong></span> <span class='ocrx_word' id='word_1_714' title='bbox 1746 4400 1807 4439; x_wconf 88' lang='lat' dir='ltr'><strong>ma-</strong></span> 
     </span>
     <span class='ocr_line' id='line_1_54' title="bbox 147 4467 1809 4548; baseline 0.005 -26"><span class='ocrx_word' id='word_1_715' title='bbox 147 4467 253 4539; x_wconf 91' lang='lat' dir='ltr'><strong>pseudo</strong></span> <span class='ocrx_word' id='word_1_716' title='bbox 274 4467 344 4522; x_wconf 90' lang='lat' dir='ltr'><strong>benc</strong></span> <span class='ocrx_word' id='word_1_717' title='bbox 366 4468 523 4526; x_wconf 88' lang='lat' dir='ltr'><strong>nuntiantes</strong></span> <span class='ocrx_word' id='word_1_718' title='bbox 547 4469 621 4526; x_wconf 90' lang='lat' dir='ltr'><strong>misit</strong></span> <span class='ocrx_word' id='word_1_719' title='bbox 641 4471 726 4538; x_wconf 90' lang='lat' dir='ltr'><strong>Deus,</strong></span> <span class='ocrx_word' id='word_1_720' title='bbox 761 4473 807 4545; x_wconf 90' lang='lat' dir='ltr'><strong>qui</strong></span> <span class='ocrx_word' id='word_1_721' title='bbox 828 4471 857 4528; x_wconf 93' lang='lat' dir='ltr'><strong>in</strong></span> <span class='ocrx_word' id='word_1_722' title='bbox 881 4472 954 4528; x_wconf 92' lang='lat' dir='ltr'><strong>bono</strong></span> <span class='ocrx_word' id='word_1_723' title='bbox 1004 4473 1047 4548; x_wconf 85' lang='lat' dir='ltr'><strong>gis</strong></span> <span class='ocrx_word' id='word_1_724' title='bbox 1063 4490 1113 4530; x_wconf 91' lang='lat' dir='ltr'><strong>nos</strong></span> <span class='ocrx_word' id='word_1_725' title='bbox 1128 4481 1228 4546; x_wconf 83' lang='lat' dir='ltr'><strong>urgent</strong></span> <span class='ocrx_word' id='word_1_726' title='bbox 1244 4489 1325 4545; x_wconf 90' lang='lat' dir='ltr'><strong>quam</strong></span> <span class='ocrx_word' id='word_1_727' title='bbox 1341 4489 1373 4528; x_wconf 90' lang='lat' dir='ltr'><strong>ex</strong></span> <span class='ocrx_word' id='word_1_728' title='bbox 1385 4471 1439 4527; x_wconf 88' lang='lat' dir='ltr'><strong>iliis</strong></span> <span class='ocrx_word' id='word_1_729' title='bbox 1455 4471 1541 4528; x_wconf 82' lang='lat' dir='ltr'><strong>lsaiae.</strong></span> <span class='ocrx_word' id='word_1_730' title='bbox 1557 4471 1657 4527; x_wconf 87' lang='lat' dir='ltr'><strong>Dicunt</strong></span> <span class='ocrx_word' id='word_1_731' title='bbox 1671 4469 1744 4527; x_wconf 91' lang='lat' dir='ltr'><strong>enim</strong></span> <span class='ocrx_word' id='word_1_732' title='bbox 1758 4489 1809 4530; x_wconf 90' lang='lat' dir='ltr'><strong>no·</strong></span> 
     </span>
     <span class='ocr_line' id='line_1_55' title="bbox 145 4555 1808 4634; baseline 0.005 -24"><span class='ocrx_word' id='word_1_733' title='bbox 145 4555 227 4612; x_wconf 88' lang='lat' dir='ltr'><strong>malis</strong></span> <span class='ocrx_word' id='word_1_734' title='bbox 242 4555 317 4612; x_wconf 90' lang='lat' dir='ltr'><strong>novit</strong></span> <span class='ocrx_word' id='word_1_735' title='bbox 331 4555 380 4612; x_wconf 93' lang='lat' dir='ltr'><strong>uti.</strong></span> <span class='ocrx_word' id='word_1_736' title='bbox 397 4557 553 4631; x_wconf 85' lang='lat' dir='ltr'><strong>Aliquando</strong></span> <span class='ocrx_word' id='word_1_737' title='bbox 568 4559 649 4615; x_wconf 89' lang='lat' dir='ltr'><strong>etiam</strong></span> <span class='ocrx_word' id='word_1_738' title='bbox 665 4567 691 4616; x_wconf 91' lang='lat' dir='ltr'><strong>et</strong></span> <span class='ocrx_word' id='word_1_739' title='bbox 706 4559 955 4616; x_wconf 91' lang='lat' dir='ltr'><strong>malosmalismit-</strong></span> <span class='ocrx_word' id='word_1_740' title='bbox 1004 4561 1056 4630; x_wconf 89' lang='lat' dir='ltr'><strong>bis,</strong></span> <span class='ocrx_word' id='word_1_741' title='bbox 1078 4563 1101 4618; x_wconf 88' lang='lat' dir='ltr'><strong>si</strong></span> <span class='ocrx_word' id='word_1_742' title='bbox 1123 4578 1178 4618; x_wconf 92' lang='lat' dir='ltr'><strong>non</strong></span> <span class='ocrx_word' id='word_1_743' title='bbox 1199 4569 1325 4634; x_wconf 87' lang='lat' dir='ltr'><strong>poterant</strong></span> <span class='ocrx_word' id='word_1_744' title='bbox 1346 4561 1469 4626; x_wconf 89' lang='lat' dir='ltr'><strong>credere,</strong></span> <span class='ocrx_word' id='word_1_745' title='bbox 1504 4559 1576 4632; x_wconf 90' lang='lat' dir='ltr'><strong>quod</strong></span> <span class='ocrx_word' id='word_1_746' title='bbox 1601 4568 1744 4632; x_wconf 88' lang='lat' dir='ltr'><strong>peccatum</strong></span> <span class='ocrx_word' id='word_1_747' title='bbox 1766 4569 1808 4618; x_wconf 88' lang='lat' dir='ltr'><strong>est</strong></span> 
     </span>
     <span class='ocr_line' id='line_1_56' title="bbox 147 4643 1810 4721; baseline 0.005 -22"><span class='ocrx_word' id='word_1_748' title='bbox 147 4643 179 4700; x_wconf 93' lang='lat' dir='ltr'><strong>tit</strong></span> <span class='ocrx_word' id='word_1_749' title='bbox 193 4644 222 4699; x_wconf 90' lang='lat' dir='ltr'><strong>in</strong></span> <span class='ocrx_word' id='word_1_750' title='bbox 235 4643 290 4712; x_wconf 88' lang='lat' dir='ltr'><strong>ira,</strong></span> <span class='ocrx_word' id='word_1_751' title='bbox 313 4643 342 4700; x_wconf 90' lang='lat' dir='ltr'><strong>id</strong></span> <span class='ocrx_word' id='word_1_752' title='bbox 365 4652 407 4702; x_wconf 91' lang='grc' dir='ltr'><strong>εει</strong></span> <span class='ocrx_word' id='word_1_753' title='bbox 431 4647 583 4719; x_wconf 76' lang='lat' dir='ltr'><strong>predicare</strong></span> <span class='ocrx_word' id='word_1_754' title='bbox 606 4648 738 4719; x_wconf 90' lang='lat' dir='ltr'><strong>permittit</strong></span> <span class='ocrx_word' id='word_1_755' title='bbox 763 4649 851 4704; x_wconf 89' lang='lat' dir='ltr'><strong>malos</strong></span> <span class='ocrx_word' id='word_1_756' title='bbox 874 4649 955 4705; x_wconf 87' lang='lat' dir='ltr'><strong>malis</strong></span> <span class='ocrx_word' id='word_1_757' title='bbox 1004 4651 1123 4709; x_wconf 89' lang='lat' dir='ltr'><strong>bominis</strong></span> <span class='ocrx_word' id='word_1_758' title='bbox 1144 4667 1199 4706; x_wconf 91' lang='lat' dir='ltr'><strong>non</strong></span> <span class='ocrx_word' id='word_1_759' title='bbox 1223 4649 1348 4708; x_wconf 80' lang='lat' dir='ltr'><strong>facientis</strong></span> <span class='ocrx_word' id='word_1_760' title='bbox 1372 4649 1445 4721; x_wconf 91' lang='lat' dir='ltr'><strong>quod</strong></span> <span class='ocrx_word' id='word_1_761' title='bbox 1465 4664 1520 4706; x_wconf 94' lang='lat' dir='ltr'><strong>non</strong></span> <span class='ocrx_word' id='word_1_762' title='bbox 1539 4655 1628 4720; x_wconf 90' lang='lat' dir='ltr'><strong>potest</strong></span> <span class='ocrx_word' id='word_1_763' title='bbox 1654 4649 1754 4706; x_wconf 84' lang='lat' dir='ltr'><strong>tacere.</strong></span> <span class='ocrx_word' id='word_1_764' title='bbox 1781 4650 1810 4707; x_wconf 91' lang='lat' dir='ltr'><strong>Si</strong></span> 
     </span>
     <span class='ocr_line' id='line_1_57' title="bbox 148 4731 1809 4814; baseline 0.004 -26"><span class='ocrx_word' id='word_1_765' title='bbox 148 4731 184 4789; x_wconf 87' lang='lat' dir='ltr'><strong>ad</strong></span> <span class='ocrx_word' id='word_1_766' title='bbox 198 4733 359 4790; x_wconf 89' lang='lat' dir='ltr'><strong>eorumdem</strong></span> <span class='ocrx_word' id='word_1_767' title='bbox 381 4751 500 4806; x_wconf 85' lang='lat' dir='ltr'><strong>poenam,</strong></span> <span class='ocrx_word' id='word_1_768' title='bbox 523 4745 552 4792; x_wconf 93' lang='lat' dir='ltr'><strong>ut</strong></span> <span class='ocrx_word' id='word_1_769' title='bbox 567 4735 687 4794; x_wconf 89' lang='lat' dir='ltr'><strong>vicissim</strong></span> <span class='ocrx_word' id='word_1_770' title='bbox 711 4754 763 4810; x_wconf 90' lang='lat' dir='ltr'><strong>per</strong></span> <span class='ocrx_word' id='word_1_771' title='bbox 787 4754 817 4793; x_wconf 87' lang='lat' dir='ltr'><strong>se</strong></span> <span class='ocrx_word' id='word_1_772' title='bbox 831 4746 952 4810; x_wconf 85' lang='lat' dir='ltr'><strong>pereant,</strong></span> <span class='ocrx_word' id='word_1_773' title='bbox 1005 4749 1171 4797; x_wconf 87' lang='lat' dir='ltr'><strong>autemnon</strong></span> <span class='ocrx_word' id='word_1_774' title='bbox 1197 4738 1335 4796; x_wconf 88' lang='lat' dir='ltr'><strong>credendo</strong></span> <span class='ocrx_word' id='word_1_775' title='bbox 1357 4746 1550 4810; x_wconf 84' lang='lat' dir='ltr'><strong>peccavemnt,</strong></span> <span class='ocrx_word' id='word_1_776' title='bbox 1575 4746 1722 4809; x_wconf 90' lang='lat' dir='ltr'><strong>potuemnt</strong></span> <span class='ocrx_word' id='word_1_777' title='bbox 1741 4755 1809 4814; x_wconf 82' lang='lat' dir='ltr'><strong>ergo</strong></span> 
     </span>
     <span class='ocr_line' id='line_1_58' title="bbox 148 4819 1809 4901; baseline 0.005 -26"><span class='ocrx_word' id='word_1_778' title='bbox 148 4819 218 4878; x_wconf 89' lang='lat' dir='ltr'><strong>sicut</strong></span> <span class='ocrx_word' id='word_1_779' title='bbox 236 4822 341 4891; x_wconf 87' lang='lat' dir='ltr'><strong>justum</strong></span> <span class='ocrx_word' id='word_1_780' title='bbox 360 4831 401 4879; x_wconf 89' lang='lat' dir='ltr'><strong>est</strong></span> <span class='ocrx_word' id='word_1_781' title='bbox 422 4825 528 4881; x_wconf 88' lang='lat' dir='ltr'><strong>meritis</strong></span> <span class='ocrx_word' id='word_1_782' title='bbox 549 4842 642 4882; x_wconf 89' lang='lat' dir='ltr'><strong>eorum</strong></span> <span class='ocrx_word' id='word_1_783' title='bbox 663 4826 844 4901; x_wconf 88' lang='lat' dir='ltr'><strong>exigentibus.</strong></span> <span class='ocrx_word' id='word_1_784' title='bbox 876 4827 957 4885; x_wconf 81' lang='lat' dir='ltr'><strong>Sicut</strong></span> <span class='ocrx_word' id='word_1_785' title='bbox 1007 4829 1121 4886; x_wconf 92' lang='lat' dir='ltr'><strong>credere</strong></span> <span class='ocrx_word' id='word_1_786' title='bbox 1137 4836 1162 4884; x_wconf 92' lang='lat' dir='ltr'><strong>et</strong></span> <span class='ocrx_word' id='word_1_787' title='bbox 1186 4843 1241 4883; x_wconf 92' lang='lat' dir='ltr'><strong>non</strong></span> <span class='ocrx_word' id='word_1_788' title='bbox 1266 4826 1399 4882; x_wconf 83' lang='lat' dir='ltr'><strong>lecerunt.</strong></span> <span class='ocrx_word' id='word_1_789' title='bbox 1418 4826 1446 4883; x_wconf 93' lang='lat' dir='ltr'><strong>Si</strong></span> <span class='ocrx_word' id='word_1_790' title='bbox 1461 4835 1551 4883; x_wconf 89' lang='lat' dir='ltr'><strong>autern</strong></span> <span class='ocrx_word' id='word_1_791' title='bbox 1566 4834 1721 4898; x_wconf 90' lang='lat' dir='ltr'><strong>potuemnt,</strong></span> <span class='ocrx_word' id='word_1_792' title='bbox 1738 4843 1809 4900; x_wconf 90' lang='lat' dir='ltr'><strong>quo·</strong></span> 
     </span>
     <span class='ocr_line' id='line_1_59' title="bbox 148 4911 1811 4989; baseline 0.003 -24"><span class='ocrx_word' id='word_1_793' title='bbox 148 4911 289 4982; x_wconf 66' lang='lat' dir='ltr'><strong>scalptam</strong></span> <span class='ocrx_word' id='word_1_794' title='bbox 298 4915 350 4968; x_wconf 86' lang='lat' dir='ltr'><strong>est.</strong></span> <span class='ocrx_word' id='word_1_795' title='bbox 363 4911 447 4981; x_wconf 90' lang='lat' dir='ltr'><strong>Quasi</strong></span> <span class='ocrx_word' id='word_1_796' title='bbox 458 4914 530 4970; x_wconf 89' lang='lat' dir='ltr'><strong>dieat</strong></span> <span class='ocrx_word' id='word_1_797' title='bbox 542 4932 549 4969; x_wconf 90' lang='lat'><strong>:</strong></span> <span class='ocrx_word' id='word_1_798' title='bbox 560 4915 621 4970; x_wconf 93' lang='lat' dir='ltr'><strong>Non</strong></span> <span class='ocrx_word' id='word_1_799' title='bbox 631 4915 822 4987; x_wconf 71' lang='lat' dir='ltr'><strong>predicabant</strong></span> <span class='ocrx_word' id='word_1_800' title='bbox 832 4915 956 4970; x_wconf 88' lang='lat' dir='ltr'><strong>nisimit-</strong></span> <span class='ocrx_word' id='word_1_801' title='bbox 1006 4917 1089 4974; x_wconf 92' lang='lat' dir='ltr'><strong>modo</strong></span> <span class='ocrx_word' id='word_1_802' title='bbox 1103 4915 1169 4972; x_wconf 92' lang='lat' dir='ltr'><strong>dicit</strong></span> <span class='ocrx_word' id='word_1_803' title='bbox 1191 4914 1380 4988; x_wconf 81' lang='lat' dir='ltr'><strong>Evangelium,</strong></span> <span class='ocrx_word' id='word_1_804' title='bbox 1397 4931 1452 4971; x_wconf 94' lang='lat' dir='ltr'><strong>non</strong></span> <span class='ocrx_word' id='word_1_805' title='bbox 1466 4922 1592 4988; x_wconf 87' lang='lat' dir='ltr'><strong>poterant</strong></span> <span class='ocrx_word' id='word_1_806' title='bbox 1607 4916 1731 4985; x_wconf 89' lang='lat' dir='ltr'><strong>credere,</strong></span> <span class='ocrx_word' id='word_1_807' title='bbox 1748 4915 1811 4989; x_wconf 88' lang='lat' dir='ltr'><strong>qnia</strong></span> 
     </span>
     <span class='ocr_line' id='line_1_60' title="bbox 147 4999 1811 5075; baseline 0.005 -23"><span class='ocrx_word' id='word_1_808' title='bbox 147 5004 250 5066; x_wconf 88' lang='lat' dir='ltr'><strong>tantur,</strong></span> <span class='ocrx_word' id='word_1_809' title='bbox 267 4999 316 5055; x_wconf 93' lang='lat' dir='ltr'><strong>sed</strong></span> <span class='ocrx_word' id='word_1_810' title='bbox 330 4999 491 5070; x_wconf 88' lang='lat' dir='ltr'><strong>missisunt,</strong></span> <span class='ocrx_word' id='word_1_811' title='bbox 504 5003 716 5075; x_wconf 87' lang='lat' dir='ltr'><strong>sicutscriptum</strong></span> <span class='ocrx_word' id='word_1_812' title='bbox 731 5003 957 5072; x_wconf 85' lang='lat' dir='ltr'><strong>estinlsaia,vel</strong></span> <span class='ocrx_word' id='word_1_813' title='bbox 1007 5005 1075 5061; x_wconf 90' lang='lat' dir='ltr'><strong>dixit</strong></span> <span class='ocrx_word' id='word_1_814' title='bbox 1097 5004 1181 5061; x_wconf 87' lang='lat' dir='ltr'><strong>Isaias</strong></span> <span class='ocrx_word' id='word_1_815' title='bbox 1199 5022 1205 5058; x_wconf 94' lang='lat'><strong>:</strong></span> <span class='ocrx_word' id='word_1_816' title='bbox 1221 5005 1374 5061; x_wconf 73' lang='lat' dir='ltr'><strong>Excaecavit</strong></span> <span class='ocrx_word' id='word_1_817' title='bbox 1392 5003 1486 5060; x_wconf 90' lang='lat' dir='ltr'><strong>oculos</strong></span> <span class='ocrx_word' id='word_1_818' title='bbox 1508 5020 1611 5073; x_wconf 86' lang='lat' dir='ltr'><strong>comm,</strong></span> <span class='ocrx_word' id='word_1_819' title='bbox 1636 5011 1663 5061; x_wconf 90' lang='lat' dir='ltr'><strong>et</strong></span> <span class='ocrx_word' id='word_1_820' title='bbox 1675 5002 1811 5060; x_wconf 86' lang='lat' dir='ltr'><strong>induravit</strong></span> 
     </span>
     <span class='ocr_line' id='line_1_61' title="bbox 147 5085 1812 5166; baseline 0.004 -25"><span class='ocrx_word' id='word_1_821' title='bbox 147 5085 174 5141; x_wconf 94' lang='lat' dir='ltr'><strong>in</strong></span> <span class='ocrx_word' id='word_1_822' title='bbox 190 5087 277 5143; x_wconf 88' lang='lat' dir='ltr'><strong>Naum</strong></span> <span class='ocrx_word' id='word_1_823' title='bbox 287 5089 419 5162; x_wconf 86' lang='lat' dir='ltr'><strong>propheta</strong></span> <span class='ocrx_word' id='word_1_824' title='bbox 436 5107 442 5147; x_wconf 94' lang='lat'><strong>:</strong></span> <span class='ocrx_word' id='word_1_825' title='bbox 463 5093 551 5161; x_wconf 85' lang='lat' dir='ltr'><strong>Quam</strong></span> <span class='ocrx_word' id='word_1_826' title='bbox 563 5093 682 5164; x_wconf 78' lang='lat' dir='ltr'><strong>speciest</strong></span> <span class='ocrx_word' id='word_1_827' title='bbox 692 5097 762 5149; x_wconf 83' lang='lat' dir='ltr'><strong>sunt</strong></span> <span class='ocrx_word' id='word_1_828' title='bbox 769 5093 864 5164; x_wconf 81' lang='lat' dir='ltr'><strong>pedes,</strong></span> <span class='ocrx_word' id='word_1_829' title='bbox 877 5091 956 5166; x_wconf 87' lang='lat' dir='ltr'><strong>[llei-</strong></span> <span class='ocrx_word' id='word_1_830' title='bbox 1008 5109 1056 5150; x_wconf 91' lang='lat' dir='ltr'><strong>cor</strong></span> <span class='ocrx_word' id='word_1_831' title='bbox 1069 5109 1175 5149; x_wconf 90' lang='lat' dir='ltr'><strong>eornm.</strong></span> <span class='ocrx_word' id='word_1_832' title='bbox 1200 5093 1289 5148; x_wconf 88' lang='lat' dir='ltr'><strong>Etiam</strong></span> <span class='ocrx_word' id='word_1_833' title='bbox 1313 5100 1418 5148; x_wconf 93' lang='lat' dir='ltr'><strong>tantum</strong></span> <span class='ocrx_word' id='word_1_834' title='bbox 1433 5092 1594 5163; x_wconf 90' lang='lat' dir='ltr'><strong>procedunt,</strong></span> <span class='ocrx_word' id='word_1_835' title='bbox 1612 5091 1684 5165; x_wconf 88' lang='lat' dir='ltr'><strong>quod</strong></span> <span class='ocrx_word' id='word_1_836' title='bbox 1700 5091 1812 5164; x_wconf 83' lang='lat' dir='ltr'><strong>gravius</strong></span> 
     </span>
     <span class='ocr_line' id='line_1_62' title="bbox 146 5173 1813 5253; baseline 0.004 -22"><span class='ocrx_word' id='word_1_837' title='bbox 146 5173 202 5247; x_wconf 91' lang='lat' dir='ltr'><strong>mo]</strong></span> <span class='ocrx_word' id='word_1_838' title='bbox 231 5175 259 5231; x_wconf 95' lang='lat' dir='ltr'><strong>id</strong></span> <span class='ocrx_word' id='word_1_839' title='bbox 287 5185 328 5234; x_wconf 87' lang='lat' dir='ltr'><strong>est</strong></span> <span class='ocrx_word' id='word_1_840' title='bbox 346 5179 480 5236; x_wconf 88' lang='lat' dir='ltr'><strong>adventus</strong></span> <span class='ocrx_word' id='word_1_841' title='bbox 508 5179 695 5252; x_wconf 89' lang='lat' dir='ltr'><strong>apostolorum</strong></span> <span class='ocrx_word' id='word_1_842' title='bbox 732 5179 779 5253; x_wconf 91' lang='lat' dir='ltr'><strong>qui</strong></span> <span class='ocrx_word' id='word_1_843' title='bbox 803 5179 958 5238; x_wconf 88' lang='lat' dir='ltr'><strong>illuminant</strong></span> <span class='ocrx_word' id='word_1_844' title='bbox 1008 5189 1060 5249; x_wconf 88' lang='lat' dir='ltr'><strong>est,</strong></span> <span class='ocrx_word' id='word_1_845' title='bbox 1077 5190 1106 5238; x_wconf 96' lang='lat' dir='ltr'><strong>ut</strong></span> <span class='ocrx_word' id='word_1_846' title='bbox 1120 5182 1156 5238; x_wconf 92' lang='lat' dir='ltr'><strong>ad</strong></span> <span class='ocrx_word' id='word_1_847' title='bbox 1169 5182 1256 5237; x_wconf 89' lang='lat' dir='ltr'><strong>Deum</strong></span> <span class='ocrx_word' id='word_1_848' title='bbox 1272 5181 1389 5237; x_wconf 80' lang='lat' dir='ltr'><strong>reserant</strong></span> <span class='ocrx_word' id='word_1_849' title='bbox 1403 5195 1525 5251; x_wconf 87' lang='lat' dir='ltr'><strong>causam,</strong></span> <span class='ocrx_word' id='word_1_850' title='bbox 1542 5180 1588 5253; x_wconf 91' lang='lat' dir='ltr'><strong>qui</strong></span> <span class='ocrx_word' id='word_1_851' title='bbox 1603 5180 1647 5238; x_wconf 92' lang='lat' dir='ltr'><strong>vel</strong></span> <span class='ocrx_word' id='word_1_852' title='bbox 1662 5196 1813 5253; x_wconf 88' lang='lat' dir='ltr'><strong>quareaon</strong></span> 
     </span>
     <span class='ocr_line' id='line_1_63' title="bbox 149 5255 1812 5343; baseline 0.004 -22"><span class='ocrx_word' id='word_1_853' title='bbox 149 5264 292 5334; x_wconf 88' lang='lat' dir='ltr'><strong>mundum,</strong></span> <span class='ocrx_word' id='word_1_854' title='bbox 308 5266 336 5321; x_wconf 88' lang='lat' dir='ltr'><strong>in</strong></span> <span class='ocrx_word' id='word_1_855' title='bbox 351 5282 405 5340; x_wconf 86' lang='lat' dir='ltr'><strong>quo</strong></span> <span class='ocrx_word' id='word_1_856' title='bbox 425 5276 539 5340; x_wconf 86' lang='lat' dir='ltr'><strong>apparet</strong></span> <span class='ocrx_word' id='word_1_857' title='bbox 560 5267 622 5325; x_wconf 89' lang='lat' dir='ltr'><strong>illos</strong></span> <span class='ocrx_word' id='word_1_858' title='bbox 637 5284 653 5324; x_wconf 90' lang='lat' dir='ltr'><strong>a</strong></span> <span class='ocrx_word' id='word_1_859' title='bbox 667 5269 726 5327; x_wconf 90' lang='lat' dir='ltr'><strong>Deo</strong></span> <span class='ocrx_word' id='word_1_860' title='bbox 749 5268 859 5327; x_wconf 87' lang='lat' dir='ltr'><strong>missos.</strong></span> <span class='ocrx_word' id='word_1_861' title='bbox 876 5269 958 5327; x_wconf 86' lang='lat' dir='ltr'><strong>Alio·</strong></span> <span class='ocrx_word' id='word_1_862' title='bbox 1010 5271 1197 5339; x_wconf 89' lang='lat' dir='ltr'><strong>crediderunt,</strong></span> <span class='ocrx_word' id='word_1_863' title='bbox 1215 5269 1343 5343; x_wconf 86' lang='lat' dir='ltr'><strong>quoniam</strong></span> <span class='ocrx_word' id='word_1_864' title='bbox 1358 5269 1418 5343; x_wconf 90' lang='lat' dir='ltr'><strong>ipse</strong></span> <span class='ocrx_word' id='word_1_865' title='bbox 1430 5255 1812 5336; x_wconf 79' lang='lat' dir='ltr'><strong>excecaviteos,&#39;etindura-</strong></span> 
     </span>
    </p>
   </div>
   <div class='ocr_carea' id='block_1_6' title="bbox 186 5441 1335 5516">
    <p class='ocr_par' dir='ltr' id='par_1_13' title="bbox 186 5441 1335 5516">
     <span class='ocr_line' id='line_1_64' title="bbox 186 5441 1335 5516; baseline 0 -18"><span class='ocrx_word' id='word_1_866' title='bbox 186 5441 258 5515; x_wconf 77' lang='lat' dir='ltr'><strong>(ata)</strong></span> <span class='ocrx_word' id='word_1_867' title='bbox 275 5448 658 5516; x_wconf 80' lang='lat' dir='ltr'><strong>Angasttuns,anpartoannan.</strong></span> <span class='ocrx_word' id='word_1_868' title='bbox 1046 5441 1119 5513; x_wconf 78' lang='grc' dir='ltr'>(ιιι)</span> <span class='ocrx_word' id='word_1_869' title='bbox 1137 5443 1186 5512; x_wconf 82' lang='lat' dir='ltr'><strong>tt,</strong></span> <span class='ocrx_word' id='word_1_870' title='bbox 1202 5443 1335 5500; x_wconf 82' lang='lat' dir='ltr'><strong>tuaodanr.</strong></span> 
     </span>
    </p>
   </div>
   <div class='ocr_carea' id='block_1_7' title="bbox 0 0 1970 6052">
    <p class='ocr_par' dir='ltr' id='par_1_14' title="bbox 0 0 1970 6052">
     <span class='ocr_line' id='line_1_65' title="bbox 0 0 1970 6052; baseline 0 0"><span class='ocrx_word' id='word_1_871' title='bbox 0 0 1970 6052; x_wconf 95' lang='lat' dir='ltr'><strong> </strong></span> 
     </span>
    </p>
   </div>
  </div>
 </body>
</html>
