3878 6322
144 83 212 136 leae
527 77 624 135 ontio
644 79 766 136 ababa
785 77 865 148 QUAE
884 78 921 133 ΙΝ
939 76 1009 134 HOC
1029 75 1128 135 totto
1147 75 1408 134 CONTINENTUR.
1737 78 1834 131 1696

145 207 293 278 tratribus,
312 204 358 275 qui
374 219 467 260 secam
483 211 554 258 sunt.
572 205 609 260 Da
632 205 729 276 Apollo
743 207 841 259 antem
851 205 943 275 preire
953 219 980 264 A
994 205 1063 259 sunt
1078 203 1215 275 primitiae
1229 202 1352 269 Achaiae,
1369 201 1397 259 id
1413 209 1454 258 est
1467 201 1548 273 primi
1562 202 1754 260 crediderunt
1794 201 1833 254 in

146 293 327 351 notrimvabis
341 293 567 364 sociapaoniam
591 294 717 349 multam
732 292 826 365 ropooi
839 294 943 348 sumni
995 289 1139 358 Achaimel
1146 292 1351 348 ordinaverunt
1357 293 1463 362 seipsos
1471 291 1502 346 in
1510 292 1711 348 ministerium
1721 305 1834 346 sanc-

147 383 255 437 oeniret
270 382 306 436 ad
322 397 366 436 uos
381 397 444 437 cnm
461 381 610 451 patritus.
628 382 686 436 lloc
704 381 767 436 ideo
781 379 856 448 dicit,
883 379 946 452 quia
997 380 1179 448 torum,inest
1190 379 1714 452 utministrarentsanctis.[Ambmsius]
1729 379 1830 436 Gau-

147 470 278 526 Corinthii
289 471 360 525 lianc
369 469 550 541 requisierant
565 469 596 527 1
607 469 638 527 1
647 470 682 525 5
696 469 759 542 quia
768 468 804 525 ab
814 467 946 540 Apostolo
997 467 1551 541 deoouteminprasenliuStephunoe,el
1561 469 1718 524 Fortunati
1727 470 1764 524 et
1775 467 1826 522 A·

147 559 290 616 ordinatus
306 557 393 613 luerat
407 559 552 630 episeopus
566 557 698 614 illorum:
729 557 775 629 qui
804 572 866 614 cum
891 571 946 611 non
997 555 1098 622 choici,
1110 555 1187 611 idest
1196 555 1549 628 quiapraesentesapudvos
1564 564 1637 624 sunt,
1653 573 1688 612 ex
1705 555 1829 628 quibus

147 655 241 720 posset
256 663 304 703 eos
319 647 426 716 sedare,
442 646 602 702 venerated
618 645 777 717 Apostolum
796 645 946 717 Ephesum.
998 643 1077 700 vobis
1092 651 1134 699 est
1143 643 1292 717 proiectus
1304 645 1382 701 Unde
1390 645 1481 700 subdit
1493 663 1499 700 :
1512 646 1651 714 Quoniam
1665 646 1727 718 ipsi
1743 660 1828 715 sup·

150 735 255 807 Quibus
269 735 417 806 respondet
431 735 475 790 hic
490 734 636 805 Apostolus
651 735 756 804 dicens,
771 733 877 806 rogavi,
894 739 946 788 etc.
997 732 1157 805 piaverunt,
1169 732 1304 802 docendo,
1319 733 1349 788 id
1363 734 1521 805 puad‘uobis
1536 733 1644 790 deerat.
1661 732 1826 788 Etmerito

151 823 184 876 El
201 821 298 892 ratique
307 835 364 875 uon
374 819 568 889 snitvoluntas
582 819 777 895 apenninum
791 819 901 873 veniret
912 816 948 872 acl
999 821 1117 892 gaudeo,
1134 823 1298 892 refecerunt
1313 822 1391 878 enim
1404 826 1433 878 el
1443 839 1538 879 meum
1549 824 1687 895 spirltum
1702 825 1736 877 el
1749 837 1825 876 oes-

151 925 206 977 vos,
214 909 276 980 quia
284 907 359 961 timet
369 906 546 961 incorrectos.
569 907 662 961 Veniet
677 909 773 961 aulem
789 921 854 961 aum
865 906 893 961 ei
903 921 949 961 oa·
1001 913 1094 966 trum:
1104 909 1685 982 meumutiquelaetitia,vestrumcheritate.
1700 909 1825 974 Velita,

151 1014 238 1053 cuum
252 996 353 1067 fuerit,
369 993 550 1067 [Ambrosius]
566 993 592 1047 id
613 1002 654 1048 est
678 1001 870 1066 opportunum,
894 992 950 1049 sci·
1001 997 1108 1068 gaudeo
1123 1005 1212 1053 autem
1228 997 1255 1052 iu
1271 998 1418 1070 prasentia
1439 999 1594 1071 Stephanae,
1612 1007 1639 1055 et
1665 996 1827 1054 Fortunati

152 1086 214 1142 licet
229 1100 290 1138 cum
304 1099 353 1139 vos
367 1082 483 1138 correcti
497 1081 612 1137 fueritis.
636 1084 688 1137 Vos
717 1090 807 1138 autem
835 1083 951 1154 cipitata
1002 1093 1029 1141 et
1043 1085 1164 1156 Achaici,
1180 1085 1208 1140 id
1222 1093 1265 1141 est
1280 1087 1357 1159 quasi
1372 1086 1438 1141 mibi
1453 1094 1586 1143 venerunt
1600 1085 1748 1158 pronubis
1767 1084 1828 1138 rni-

153 1172 251 1228 mentis
265 1170 351 1226 oculis
362 1178 457 1227 contra
471 1170 581 1226 astutias
589 1169 702 1240 diaboli,
716 1175 745 1227 et
754 1174 829 1227 state
843 1171 875 1226 in
885 1170 949 1239 fide,
1002 1173 1127 1244 nistrare,
1146 1175 1274 1246 quoniam
1287 1175 1340 1246 ipsi
1360 1175 1556 1247 suppleverunt
1570 1174 1597 1229 id
1625 1174 1700 1247 quod
1730 1173 1827 1230 vobis

153 1262 216 1332 quia
231 1258 311 1314 stanti
325 1275 380 1314 non
394 1258 499 1330 obrepit
513 1274 635 1326 somnne,
652 1261 776 1316 viriliter
789 1261 875 1331 opita.
891 1259 952 1314 blu-
1003 1262 1107 1328 deerat,
1125 1263 1187 1335 quia
1201 1262 1421 1319 ministraverunt
1435 1263 1512 1336 mihi,
1528 1263 1599 1334 quod
1615 1277 1663 1318 ros
1692 1277 1756 1317 non
1775 1259 1824 1315 se-

155 1348 380 1406 liemmenimest
390 1347 582 1417 inconstantia,
598 1352 627 1404 el
641 1349 847 1420 confortamini
861 1349 894 1403 in
901 1349 953 1405 Do-
1004 1350 1232 1407 cistis.Etmerito
1247 1351 1532 1424 gaudeo,resacerunt
1542 1352 1619 1407 enim
1629 1355 1658 1408 el
1672 1351 1825 1423 spiritum

155 1439 243 1502 mino,
259 1444 287 1491 ut
302 1436 329 1490 in
343 1443 436 1491 vestra
451 1435 549 1492 virtute
563 1436 598 1491 sit
624 1436 773 1507 proiectus,
802 1439 829 1492 el
858 1436 954 1492 omnio
1005 1456 1111 1508 meum,
1128 1439 1260 1512 quoniam
1274 1439 1378 1495 scilicet
1393 1455 1438 1494 me
1466 1446 1610 1512 paverunt,
1626 1443 1655 1496 el
1669 1443 1819 1503 vestirem,

155 1531 259 1592 uestra,
273 1525 353 1580 idest
367 1524 511 1594 correctio,
522 1525 796 1594 pantincharitale,
808 1539 953 1580 noncausa
1007 1527 1105 1600 quibus
1121 1526 1281 1599 Apostolum
1296 1534 1484 1584 servaverunt.
1512 1528 1673 1599 Copnosaile
1691 1543 1772 1598 erpo,
1792 1525 1825 1581 id

156 1615 244 1670 inanis
265 1614 370 1687 gloriae.
397 1611 520 1670 Obsecro
543 1620 643 1669 autem.
666 1613 740 1670 Ordo
761 1613 856 1669 littera
878 1611 958 1681 hujus
1009 1623 1051 1672 est
1065 1617 1199 1671 honorate
1214 1615 1276 1672 illos
1292 1617 1341 1688 qui
1355 1620 1424 1672 sunt
1439 1615 1753 1688 hujusmodi.8alulant
1769 1631 1824 1670 vos

158 1702 280 1774 respicit,
297 1709 324 1756 et
338 1703 439 1773 pendet
449 1718 536 1774 usque
551 1701 614 1757 illuc
630 1721 637 1768 3
656 1705 689 1760 bt
704 1705 732 1757 el
746 1719 791 1758 vos
807 1702 914 1758 subditi
924 1703 961 1758 si·
1010 1705 1140 1762 Ecclesia
1154 1703 1325 1774 Asioe.Quasi
1339 1703 1411 1760 dicat
1429 1722 1436 1758 :
1452 1702 1531 1773 Quod
1546 1719 1598 1776 ego
1608 1703 1700 1760 scribo
1715 1717 1824 1758 omnes

159 1793 205 1846 tis.
223 1789 307 1859 Quasi
323 1790 395 1846 dicat
413 1806 420 1844 ε
436 1790 568 1847 Praedicta
584 1788 663 1846 tacite
677 1799 706 1846 ut
720 1789 775 1844 dixi
790 1790 840 1845 hos
868 1796 959 1846 autem
1010 1792 1311 1860 desiderant,salutanl
1321 1792 1531 1849 eosiuDomino
1540 1791 1823 1864 multumAqnila,et

160 1879 312 1934 imitamini.
329 1880 363 1934 Et
378 1880 432 1935 boc
446 1887 495 1945 est,
1012 1881 1156 1948 Priscilla,
1172 1881 1244 1953 apud
1267 1896 1336 1952 quos
1351 1880 1485 1952 hospitor,
1502 1897 1567 1938 aum
1590 1879 1746 1937 domestica
1764 1895 1823 1935 sua

195 1969 282 2022 vans.
300 1969 428 2024 ibat-
440 1969 554 2023 Obsecro
565 1971 662 2023 aulem
673 1984 729 2034 vos,
741 1967 962 2038 protrimentis
1011 1970 1148 2036 Ecclesia,
1159 1968 1186 2024 id
1202 1975 1245 2025 est
1254 1968 1369 2024 lratrum
1380 1969 1603 2042 congregatione,
1620 1967 1696 2040 opud
1708 1983 1780 2040 pnos
1792 1971 1824 2022 et

163 2057 278 2110 dannan
286 2055 447 2127 Stephanae,
457 2060 487 2112 et
496 2057 648 2111 Fortunati
658 2057 818 2123 etAahoioi,
829 2055 963 2129 pubniom
1014 2057 1288 2130 hospitor.Solulunl
1299 2073 1344 2114 nos
1358 2057 1764 2128 praesperasshtatanoos
1773 2057 1825 2110 in-

162 2148 230 2200 sunt
244 2144 385 2215 primitie
399 2143 525 2211 Achnioe,
545 2149 573 2201 el
589 2147 621 2200 in
638 2145 832 2202 ministerium
846 2148 963 2202 saneto·
1013 2147 1102 2204 uicem
1116 2146 1145 2201 in
1158 2145 1266 2218 signum
1277 2146 1363 2218 pacis,
1374 2153 1401 2202 et
1416 2147 1470 2202 boo
1483 2147 1516 2202 in
1530 2147 1623 2204 asculo
1636 2149 1748 2211 saneto,
1762 2143 1824 2200 sci-

163 2249 229 2288 rum
244 2232 452 2308 ordipuuerunl
467 2235 587 2305 seipsos,
604 2239 638 2288 ut
662 2237 691 2289 et
714 2249 761 2288 eos
780 2232 885 2289 subditi
898 2233 964 2289 silis
1015 2235 1079 2291 licet
1094 2249 1160 2292 vero
1176 2234 1269 2291 corde.
1285 2235 1319 2290 Et
1334 2243 1364 2290 ut
1378 2233 1466 2291 sciant
1481 2234 1540 2304 ejus
1554 2250 1617 2290 esse
1631 2235 1702 2290 hanc
1712 2233 1823 2305 Episto

164 2321 303 2392 ejusmodi
319 2325 347 2376 el
361 2321 439 2376 omni
454 2323 618 2394 cooperanti
633 2325 661 2377 el
677 2321 828 2378 laboranti.
855 2321 965 2377 Gaudeo
1014 2323 1069 2378 lam
1084 2319 1194 2379 subdit:
1210 2323 1354 2381 Sululolio
1365 2339 1428 2380 mea
1441 2322 1545 2395 scripte
1558 2331 1601 2378 est
1616 2339 1707 2378 manu
1722 2323 1822 2377 Pauli.

166 2413 263 2466 nutem
278 2410 310 2465 in
334 2411 490 2480 prasentia
513 2411 682 2482 saphane,
712 2413 740 2466 el
771 2411 924 2466 Fortunali
938 2413 969 2466 et
1015 2411 1080 2467 Hac
1095 2411 1221 2467 salutatio
1236 2419 1277 2467 est
1290 2410 1328 2465 ibi
1344 2427 1350 2465 :
1369 2411 1468 2467 Gratia
1482 2412 1606 2479 Domini,
1622 2409 1824 2483 sedpraemittit

166 2498 293 2564 Achaici,
309 2500 444 2569 quoniam
456 2500 485 2554 id
500 2499 572 2572 quod
586 2500 660 2556 vobis
675 2499 775 2554 deerat
785 2499 840 2571 ipsi
854 2499 967 2571 supple·
1018 2499 1144 2555 similiter
1157 2515 1240 2554 manu
1265 2514 1315 2554 sua
1345 2499 1476 2570 scriptum
1501 2501 1578 2554 hoc:
1607 2500 1638 2556 Si
1666 2501 1733 2573 puis,
1763 2506 1813 2553 etc.

165 2591 278 2642 verunt.
309 2589 481 2657 Defecerant
502 2588 580 2644 enim
602 2591 631 2644 el
656 2603 752 2644 meum
775 2587 911 2659 spiritum
940 2590 968 2642 el
1018 2586 1100 2654 Quasi
1117 2585 1190 2640 dicat
1206 2604 1212 2638 :
1229 2585 1336 2638 Fideles
1351 2586 1450 2650 seluto,
1467 2584 1633 2657 sedsipuis
1663 2601 1720 2640 non
1742 2589 1820 2639 amat

166 2679 303 2730 oestrum.
321 2675 484 2747 Copnoscite
499 2692 564 2746 erpo
580 2677 627 2748 qui
642 2675 779 2746 ejusmodi
793 2677 872 2731 sunl.
887 2672 969 2729 Solu-
1018 2673 1172 2729 Dominum
1189 2673 1426 2728 nostrumlosum
1442 2672 1642 2738 Christum,sil
1656 2673 1821 2741 anathema,

169 2767 235 2816 tant
259 2779 306 2816 uos
329 2780 428 2818 omnes
453 2765 585 2818 Ecclesia
609 2764 691 2816 Asiae.
715 2760 853 2816 Solutanl
877 2775 923 2815 uos
937 2760 969 2815 in
1020 2758 1209 2833 [Augustinus]
1226 2759 1307 2815 idest
1322 2767 1465 2831 separatus
1479 2777 1495 2815 a
1510 2761 1580 2828 Deo,
1595 2759 1824 2817 velcondemna-

168 2851 286 2908 Domino
302 2850 541 2922 multumApailo
555 2853 584 2905 et
594 2849 727 2904 Priscilla
738 2865 805 2903 cum
815 2848 970 2904 domestica
1020 2855 1072 2916 tus,
1090 2848 1275 2917 maranatha,
1292 2847 1320 2904 id
1338 2855 1380 2904 est
1393 2848 1482 2904 donec
1495 2848 1586 2904 veniat
1608 2849 1748 2916 Dominus,
1779 2848 1827 2904 vel

168 2955 221 2994 sno
236 2939 373 3004 Ecclesia,
390 2938 466 3010 apud
478 2953 544 3010 quos
559 2941 587 2995 et
605 2936 744 3009 hospitor.
771 2937 909 2993 Salulant
924 2952 971 2994 rios
987 2917 1050 2992 Oin
1064 2938 1183 2994 adventu
1198 2935 1320 2992 Domini.
1333 2935 1517 3010 [Ambrosius
1539 2937 1719 3011 Augustinus]
1732 2939 1823 2994 blara·

171 3043 267 3084 omnes
283 3030 399 3098 (ratres.
415 3027 547 3084 Salutate
560 3027 682 3082 invicem
696 3027 727 3081 in
743 3027 837 3082 osculo
860 3028 970 3082 sancto.
1022 3025 1103 3081 natha
1118 3025 1191 3081 enim
1205 3025 1542 3097 interpretaturDominus
1552 3029 1640 3096 venit,
1652 3034 1679 3082 et
1693 3033 1735 3082 est
1748 3041 1826 3082 com-

169 3116 313 3172 saturano
336 3131 420 3183 man,
445 3132 535 3171 manu
556 3116 650 3171 Pauli.
676 3114 705 3170 Si
727 3115 788 3186 puis
811 3131 869 3170 non
893 3116 974 3169 amat
1023 3114 1142 3188 positum
1157 3128 1190 3169 err
1206 3113 1276 3184 Syro
1304 3121 1331 3169 et
1346 3114 1454 3182 Graeco,
1483 3114 1753 3187 magisque'Syrum
1784 3123 1828 3170 est

172 3205 326 3261 bornicum
340 3207 473 3261 nostrum
483 3207 579 3260 lesum
592 3203 746 3271 Christum,
758 3204 796 3258 sit
807 3202 972 3270 anathema,
1025 3217 1107 3274 quam
1122 3201 1278 3257 Hebraeum.
1294 3202 1447 3258 Anatbema
1461 3217 1528 3258 vero
1544 3203 1671 3260 Graecum
1685 3211 1711 3259 et
1737 3203 1827 3258 inter-

174 3293 359 3348 maranathu.
377 3293 475 3348 Gratia
489 3293 604 3348 Domini
619 3292 711 3347 nostri
725 3294 791 3348 lesu
807 3290 912 3347 Christi
925 3306 974 3347 oo·
1025 3297 1156 3363 pretatur,
1172 3291 1370 3347 condemnatus
1384 3290 1429 3346 vel
1445 3299 1599 3362 separatus.
1629 3291 1730 3348 Similis
1757 3308 1828 3365 ergo

174 3382 293 3437 bisam.
305 3380 436 3436 Charitas
451 3397 588 3437 meorum
599 3381 728 3436 omnibus
740 3379 812 3435 uobis
822 3381 853 3434 in
866 3377 975 3434 Christo
1027 3379 1126 3436 Graeco
1140 3387 1168 3434 et
1182 3378 1252 3450 Syro
1263 3379 1348 3434 utitur
1361 3379 1458 3435 verbo.
1474 3379 1656 3453 [Ambrosius]
1670 3380 1774 3436 Deinde
1783 3397 1828 3436 se-

176 3471 251 3524 lesu.
268 3470 370 3524 Amen.
1028 3466 1119 3540 quitur
1133 3466 1258 3522 salutatio
1277 3481 1283 3521 :
1302 3467 1401 3524 Gratia
1416 3468 1529 3524 Domini
1543 3469 1631 3524 nostri
1643 3468 1709 3522 lesu
1720 3469 1828 3524 Christi

214 3556 330 3613 Obsecro
344 3561 441 3613 aulem
453 3573 531 3624 uos,o
545 3558 713 3630 frairenpui
723 3557 814 3612 nostis
829 3555 979 3627 Stephanae
1029 3557 1067 3612 sil
1076 3554 1393 3620 vobiscum,etchurilas
1402 3571 1465 3612 meu
1480 3557 1518 3612 sil
1530 3571 1595 3612 cum
1604 3555 1729 3611 ominibus
1740 3556 1825 3622 uobis,

179 3646 303 3713 domurn,
319 3649 347 3701 al
363 3646 514 3704 Fortunali
527 3645 689 3700 ctAchm'at.
708 3644 741 3698 Hi
756 3659 817 3698 eum
845 3642 978 3714 Apostolc
1033 3643 1063 3698 id
1078 3649 1119 3699 est
1133 3657 1167 3698 ea
1181 3641 1312 3699 charitate
1326 3659 1376 3700 vos
1390 3643 1506 3700 invicem
1530 3643 1573 3700 rel
1600 3642 1688 3698 Deum
1714 3643 1828 3714 diligite,

180 3733 288 3790 luerunt
302 3734 330 3788 in
352 3733 549 3804 predicatione
578 3731 789 3798 Corinthiorum,
818 3735 852 3788 ul
875 3735 904 3787 el
934 3747 980 3786 uos
1034 3745 1151 3804 maros
1169 3745 1223 3804 ego
1250 3730 1295 3786 vel
1324 3732 1412 3786 Deum
1439 3731 1532 3804 diligo.
1563 3731 1597 3785 Et
1625 3733 1678 3787 hoc
1706 3729 1783 3787 tacite
1798 3735 1829 3788 in

180 3823 286 3878 subditi
300 3823 363 3878 sitis
378 3821 420 3876 his
435 3823 637 3892 ethujusmodi‚
648 3825 677 3876 et
692 3821 769 3877 omni
780 3821 943 3892 cooperanti
953 3822 982 3876 et
1028 3819 1154 3888 Christo,
1185 3817 1213 3873 id
1238 3826 1280 3873 est
1317 3835 1372 3874 non
1401 3819 1549 3876 secundum
1578 3834 1701 3874 amorem
1728 3819 1829 3875 seculi.

183 3911 324 3966 laboranti
337 3910 365 3964 in
380 3910 467 3967 vobis.
485 3910 548 3964 ideo
564 3909 665 3964 subditi
680 3908 749 3974 sitis,
767 3909 901 3980 qraoniam
927 3908 983 3979 ipsi
1033 3907 1132 3964 Amen.
1149 3906 1200 3963 ttic
1214 3922 1306 3962 senno
1321 3905 1492 3963 confirmatio
1507 3915 1548 3963 est
1563 3907 1767 3963 benedictionis.

155 4301 370 4403 ,bubo
411 4301 625 4405 natabit
672 4303 817 4428 QUAE
857 4301 920 4403 lN
958 4299 1085 4402 HOC
1138 4298 1315 4400 ΤΟΜΟ
1369 4297 1830 4404 CONTINENTUR.

192 4544 319 4596 Parnes
350 4545 561 4605 cantabatis,
598 4547 765 4600 ntatsttttt
797 4543 992 4598 SENTENTIA·
1079 4560 1254 4612 dilectorem.
1806 4565 1840 4616 ba

341 4611 836 4674 11011,ΡΔΒΙΕΙΕΝεΙεΕΡιεΟοΡϋε.
1080 4627 1194 4678 Praelatio
1205 4627 1271 4678 Petri
1289 4627 1432 4680 Lambardi.
1806 4631 1840 4684 5¹5

226 4678 318 4730 Notitia
329 4679 456 4730 historica.
976 4681 994 4732 θ
1080 4693 1335 4745 Golltllblh'ThltlUs.
1793 4698 1839 4750 ¹53

227 4745 586 4822 dictitiahistorico-litteraria.
963 4757 992 4808 tt
1078 4761 1304 4812 contacebunt
1334 4762 1366 4812 lli
1377 4760 1482 4812 OMNES
1511 4762 1540 4811 D.
1570 4761 1664 4814 rnbtt
1695 4763 1841 4815 arostott

227 4813 319 4862 Notitae
331 4825 361 4862 ex
372 4813 494 4865 Fabricio.
962 4823 995 4874 at
1045 4827 1228 4880 aelstanus.

230 4879 480 4932 connectantur
495 4883 525 4932 ΙΝ
535 4884 686 4936 PSALilOS.
1079 4893 1204 4946 Praelatio.
1779 4895 1842 4948 ttat

230 4945 341 5008 Epistola
359 4950 534 5012 nuncupatoria
549 4951 633 5003 lratds
647 4952 775 5004 llicbardi.
965 4958 994 5008 bl
1082 4961 1110 5011 tn
1123 4959 1251 5023 epistolam
1264 4959 1295 5010 ad
1307 4962 1443 5012 Romanos.
1782 4963 1841 5014 teat

229 5012 346 5076 Prologus
359 5013 429 5065 lretai
443 5016 570 5068 Richardi.
965 5024 999 5076 55
1082 5027 1110 5077 tn
1122 5026 1251 5091 epistolam
1262 5027 1271 5078 l
1284 5027 1316 5078 ad
1328 5026 1476 5080 corinthios.
1783 5031 1844 5082 tibi

640 5190 731 5246 FtNIS
750 5191 836 5248 Tottt
855 5194 1043 5252 CENTESIMI
1061 5196 1286 5256 NONAGESIMI
1306 5199 1411 5255 antiit.

1255 5435 1400 5502 Derigueur,
1414 5435 1487 5500 impr.
1500 5435 1624 5488 burum
1637 5437 1662 5488 si
1675 5437 1716 5490 (Ρ.
1726 5435 1762 5487 tu
1773 5435 1814 5488 ab.

741 5563 911 5694 5503
974 5597 1097 5718 059
