3940 6066
143 223 214 282 ttl'l
555 221 837 283 cottttttrtttttmtt
864 225 902 282 IN
928 224 1393 288 Psttttos.-rstt.cxtv1.
1728 235 1798 292 ¹278

147 347 220 406 tatis.
234 345 279 405 Sic
298 345 391 420 imago
404 345 455 404 Dei
477 345 506 404 in
528 355 554 404 te
569 339 769 406 reformabitur.
794 351 859 408 Post
875 354 982 414 con-A
997 352 1048 408 dus
1063 351 1145 408 etiam
1159 361 1200 408 εει
1211 353 1239 408 in
1249 369 1341 412 cursu.
1356 357 1411 414 Nec
1426 357 1635 430 beneplacitum
1647 357 1703 414 erit
1718 359 1745 414 ει·
1763 359 1796 416 ire

146 438 295 496 tassionem
310 452 378 494 vero
393 444 544 509 sequuntur
557 453 640 510 opera
649 438 733 507 bona,
747 439 820 495 unde
836 439 944 496 subdit:
999 441 1075 498 tibiis
1090 443 1155 508 oiri,
1180 441 1209 497 id
1219 449 1261 499 est
1274 443 1302 498 in
1317 443 1344 498 in
1365 445 1518 516 composito
1546 445 1639 500 babitu
1665 461 1798 516 praesum-

146 528 267 584 Prollite
283 525 415 597 operibus
425 526 480 584 Deo
494 529 592 584 nostro
605 526 771 595 irreitboro,
789 527 835 582 ubi
849 543 946 584 manus
996 527 1085 598 ptuosi
1096 537 1123 584 ει
1136 529 1395 604 audacis.[dlouin.]
1409 533 1461 588 Per
1474 533 1563 588 virum
1577 533 1649 588 enim
1665 534 1795 590 audacem

146 615 269 688 sequitur
286 629 393 684 rocam,
409 613 446 669 ita
467 629 564 670 vocam
578 613 829 687 laudissequantur
851 631 944 688 opera.
995 618 1237 688 presumptionem
1263 626 1348 675 notat.
1376 621 1407 674 ln
1432 619 1505 676 tibiis
1533 629 1644 677 notatur
1671 619 1795 678 incessus

146 705 182 760 lit
200 701 278 775 quasi
293 702 355 776 quis
369 710 520 776 quareret:
537 701 674 759 cuiDeot
995 703 1201 776 incompositus.
1218 706 1269 762 Vel
1284 708 1433 763 secundum
1460 707 1542 763 aliern
1556 709 1682 776 litteram,
1705 726 1795 784 neptae

182 793 268 849 Vens.
287 795 314 846 8.
336 811 349 842 e
371 790 424 861 Qui
437 791 525 862 operit
547 791 648 848 coelnm
676 790 808 860 nubibus:
826 799 853 848 ει
867 799 945 866 perat
994 795 1027 850 tra
1042 794 1234 850 tabernaculis
1248 795 1313 858 oiri.
1330 795 1358 850 id
1371 803 1421 865 est,
1436 794 1465 850 in
1474 796 1671 864 conventiculis
1683 798 1794 854 baereti-

148 899 160 932 «
178 887 258 936 tarrae
271 877 402 951 pluviam.
419 898 432 931 ε
995 896 1098 948 corum,
1110 883 1318 955 beneplacitum
1331 883 1388 940 crit
1406 885 1442 940 ei.
1459 882 1554 957 [tingi
1571 885 1726 958 Notaquod
1740 900 1795 941 non

185 970 238 1038 Qui
259 969 351 1041 operit
370 969 472 1025 colom
490 969 620 1028 noetus.
642 970 788 1045 [Cassiod.
805 969 888 1044 lup]
903 969 946 1026 td
995 970 1043 1036 ait,
1057 970 1085 1024 in
1099 969 1283 1026 tabernaculis
1298 971 1359 1038 Dei,
1375 971 1425 1028 sed
1439 971 1499 1042 viri,
1514 986 1564 1043 per
1577 974 1631 1029 hoc
1644 972 1793 1044 designans

146 1055 264 1112 litteram
287 1064 422 1113 memorat
435 1072 530 1128 opera,
546 1075 595 1130 per
613 1075 694 1132 quem
713 1065 834 1132 potestas
853 1065 945 1114 osten·
994 1057 1138 1114 audacium
1151 1058 1342 1116 hereticorum
1361 1060 1547 1127 tnbcmacula,
1569 1061 1633 1134 quin
1651 1068 1693 1116 εει
1706 1065 1734 1116 ει
1748 1067 1793 1116 ta-

147 1145 231 1202 ditur.
244 1143 294 1201 Vel
303 1145 394 1217 potius
408 1147 522 1218 mystice
536 1149 585 1222 qut
598 1151 689 1220 operit
703 1147 942 1213 columnabibnn
994 1141 1172 1198 bemaordum
1187 1143 1248 1211 Dei,
1265 1143 1369 1200 scilicet
1383 1143 1537 1200 Ecclesiae
1553 1161 1606 1216 qua
1620 1160 1651 1200 se
1664 1144 1793 1202 dividen-

147 1233 235 1289 idest
258 1233 305 1305 qui
328 1233 450 1307 contegit
478 1249 587 1292 sacmm
612 1236 779 1308 scripturam
798 1235 894 1309 figuris
917 1242 945 1291 et
993 1237 1035 1286 tas
1071 1230 1201 1298 hererici,
1232 1231 1286 1286 sibi
1321 1231 1493 1288 tabernacula
1525 1239 1686 1304 posuerunt.
1715 1232 1794 1289 Unde

148 1322 335 1388 sacramentis,
355 1330 384 1378 ut
406 1321 499 1379 incitet
520 1323 554 1380 ad
575 1326 761 1396 quaerendum.
787 1325 823 1401 Et
849 1337 884 1380 ne
912 1323 944 1378 ti·
994 1318 1085 1392 pullus
1098 1319 1175 1376 corvi
1188 1317 1259 1375 forte
1272 1319 1301 1374 in
1310 1319 1447 1387 Ecclesia,
1463 1335 1561 1376 carens
1576 1321 1719 1392 temporali
1747 1321 1794 1377 ho

147 1425 225 1468 meas
239 1411 274 1466 de
289 1418 384 1482 operta
406 1411 556 1484 Scriptura,
573 1413 636 1485 quia
652 1413 716 1469 inde
737 1416 823 1487 porat
845 1412 940 1486 gratis,
993 1425 1071 1479 nore,
1087 1407 1125 1464 ait
1141 1409 1239 1480 :Elepi
1252 1408 1376 1481 objectus
1386 1411 1486 1466 cerain
1500 1409 1579 1468 donno
1596 1410 1645 1466 oet
1654 1411 1719 1475 mei,
1731 1427 1793 1466 mn·

147 1513 204 1556 non
221 1499 324 1554 meritis
337 1500 459 1567 babetur,
480 1501 608 1574 pluuium
630 1505 724 1568 terrae,
749 1502 784 1556 nd
798 1501 852 1558 hoc
870 1501 942 1557 enim
992 1500 1034 1572 pis
1048 1515 1133 1571 panna
1147 1497 1276 1554 babitare
1290 1499 1323 1552 in
1335 1497 1518 1556 tabernaculo
1530 1499 1687 1570 peccatoris
1700 1499 1790 1570 (Psoi.

146 1588 231 1644 voluit
245 1588 371 1661 quedam
392 1589 509 1645 obscura
532 1605 594 1646 esse
614 1589 643 1645 in
667 1589 824 1661 scripturis,
840 1596 869 1646 ut
892 1591 942 1645 bs·
992 1588 1122 1657 runnu).
1133 1586 1194 1642 Non
1208 1585 1282 1642 enim
1297 1593 1373 1642 extra
1383 1585 1536 1643 Ecclesiam
1550 1586 1602 1642 sibi
1616 1585 1681 1642 iacit
1698 1587 1792 1644 taber·

146 1677 244 1733 berent
264 1677 336 1733 servi
349 1677 399 1733 Dei
418 1679 492 1750 quod
513 1678 717 1750 interpretando
736 1678 879 1735 induerent
894 1694 942 1734 sn·
955 1709 982 1770 B
993 1676 1129 1746 naculum,
1149 1675 1176 1730 in
1192 1690 1246 1747 quo
1261 1689 1317 1730 non
1330 1674 1365 1730 sit
1379 1674 1581 1747 beneplacitum
1591 1675 1660 1732 Deo.

146 1781 198 1840 per
225 1781 314 1832 altres,
343 1773 371 1822 θῑ
396 1765 480 1821 0⁰¹'dfl
507 1765 657 1834 hminum,
687 1767 878 1838 milidunum
906 1767 941 1824 de
1032 1783 1228 1840 ιεεε.ιι.-
1248 1781 1482 1852 «beneplacitum
1504 1789 1546 1837 est
1571 1781 1687 1838 Domino
1709 1795 1792 1853 super

146 1855 264 1910 nubibus
278 1853 328 1910 Dei
342 1853 464 1926 “dinam
478 1854 578 1911 Ῑθῑῑῑῑθ
598 1855 756 1927 spiritualis.
771 1856 807 1912 Εῑ
820 1855 879 1928 ῑιιθθ
900 1863 943 1912 θὸῑ
998 1870 1151 1926 «timentes
1165 1885 1247 1937 eum;
1263 1869 1329 1926 etin
1343 1869 1440 1942 eisqui
1454 1868 1694 1941 speraut313
1707 1885 1791 1942 snper

182 1962 270 2018 Vana.
286 1963 314 2016 9.
332 1983 390 2011 -ι
408 1960 459 2030 Qui
474 1961 601 2032 producit
628 1962 657 2016 in
675 1962 813 2019 montibus
836 1962 938 2031 lentum,
998 1957 1298 2026 «misericordiosius.
1317 1976 1329 2008 r

149 2072 161 2100 ι
178 2057 205 2108 ει
218 2049 333 2106 herbam
346 2049 468 2106 servituti
482 2049 630 2108 hominum.
648 2071 659 2102 ε
1031 2049 1254 2122 beneplacitum.
1271 2045 1326 2120 [Gl.
1343 2045 1403 2119 int]
1419 2045 1504 2115 Quasi
1513 2047 1587 2104 dicat
1602 2048 1651 2103 :ln
1666 2045 1792 2120 superbis

185 2139 238 2208 Qut
250 2139 382 2212 producit
394 2140 495 2210 senum
508 2143 536 2196 ει
547 2139 670 2195 bcrbom.
689 2137 782 2212 [Aug]
797 2139 868 2196 Ecce
880 2139 941 2196 ira-
996 2143 1023 2192 at
1036 2135 1171 2192 haereticis
1187 2143 1214 2190 et
1227 2135 1414 2206 incompositis
1424 2151 1480 2191 non
1494 2143 1535 2192 est
1548 2135 1746 2208 beneplacitum
1755 2136 1791 2193 ei.

148 2235 208 2286 otus
229 2226 338 2300 pluvie,
358 2241 414 2283 non
437 2227 519 2283 modo
532 2227 560 2282 in
575 2235 648 2283 terra
666 2228 772 2300 humili,
798 2229 942 2285 sedetiam
995 2225 1209 2298 beneplacitum
1225 2227 1268 2279 est
1285 2225 1403 2282 Domino
1421 2241 1507 2298 super
1522 2225 1655 2282 timentes
1669 2241 1744 2292 cum,
1761 2227 1792 2281 ει

147 2316 175 2372 in
189 2315 339 2382 montibus,
367 2315 396 2370 id
424 2323 465 2371 cst
486 2315 514 2370 in
529 2316 646 2373 excelsis
661 2316 763 2384 soeculi,
780 2333 841 2390 qoae
854 2319 943 2390 magis
994 2315 1027 2370 ιε
1041 2315 1082 2370 eis
1100 2313 1281 2386 quisperant
1301 2327 1388 2384 supcr-
1409 2313 1605 2370 misericordia
1619 2315 1691 2383 cios,
1708 2313 1736 2367 id
1750 2320 1793 2369 εει

147 2413 240 2462 amant
253 2403 374 2460 divitias.
389 2405 462 2462 Ecce
476 2405 549 2460 unde
562 2405 698 2477 produxit,
715 2413 742 2462 et
756 2406 855 2478 quibus
877 2421 943 2479 pro·
995 2401 1195 2474 heneplacitum
1203 2408 1244 2456 est
1253 2400 1380 2472 Domino,
1390 2400 1418 2455 in
1426 2401 1469 2456 his
1477 2401 1522 2472 qui
1530 2401 1627 2457 timent
1635 2409 1662 2457 et
1670 2407 1790 2473 sperant.

148 2494 233 2564 duxit,
264 2494 398 2550 seruituti
420 2493 577 2560 bominum
602 2493 631 2550 id
654 2501 696 2550 εει
722 2493 943 2566 predicatoribus
994 2490 1096 2546 Timeri
1110 2506 1187 2561 spem
1210 2488 1359 2559 conjunxit,
1376 2488 1441 2561 quia
1455 2504 1511 2545 non
1537 2489 1610 2545 valet
1638 2489 1719 2546 timor
1732 2488 1791 2546 sinc

148 2583 195 2656 qui
216 2582 371 2638 bominibus
388 2581 519 2638 serviunt.
541 2583 619 2639 Unde
642 2583 789 2656 Apostolus
811 2584 850 2640 ait
866 2601 873 2641 :
890 2586 943 2642 Noa
995 2595 1044 2651 spe
1055 2578 1152 2636 veniae.
1168 2577 1261 2650 [iugi
1278 2577 1361 2632 iudas
1377 2577 1451 2632 enim
1465 2577 1600 2649 poenitens
1615 2577 1724 2644 timuit:
1740 2577 1789 2634 sed

148 2675 347 2729 notemscroos
355 2674 616 2746 oestrorperlesum
624 2673 767 2730 Christum
777 2673 814 2745 (ll
820 2674 881 2731 Cor.
891 2675 941 2746 tv).
994 2683 1050 2724 non
1065 2666 1182 2739 speravit
1196 2666 1224 2720 in
1244 2666 1443 2722 misericordia.
1469 2667 1589 2738 ideoque
1618 2666 1790 2739 desperando

148 2761 183 2816 tli
197 2760 331 2816 seminant
351 2759 509 2832 spiritualia,
527 2768 553 2816 et
568 2759 703 2832 recipiunt
720 2760 753 2816 ab
763 2762 878 2818 excelsis
889 2779 943 2819 sae·
995 2755 1114 2814 cucurrit
1141 2756 1176 2811 ad
1201 2755 1340 2826 laqueum,
1369 2761 1396 2810 et
1420 2769 1451 2810 ae
1472 2753 1624 2827 suspendit.
1651 2753 1703 2824 Qui
1721 2769 1790 2828 ergo

148 2847 203 2906 culi
223 2853 325 2921 fenam
346 2854 374 2905 ει
389 2849 512 2916 borbum,
529 2849 556 2904 id
577 2857 627 2917 εει,
651 2851 819 2922 temporalia.
846 2850 945 2908 Omnia
994 2845 1070 2902 timet
1092 2846 1180 2900 lterum
1201 2850 1303 2915 speret,
1319 2851 1345 2898 et
1358 2843 1394 2898 ab
1417 2843 1477 2915 ipso
1493 2843 1632 2916 adipsum
1647 2843 1741 2917 fugiat,
1757 2843 1793 2898 ab

148 2939 222 2996 enim
237 2955 299 3014 quar
320 2938 419 2994 dantur
440 2937 742 3012 Ecclesiaea,divitibus
764 2939 856 2997 lenum
871 2950 942 2997 aunt.
994 2934 1065 2990 irato
1087 2933 1122 2988 ad
1137 2930 1284 3004 placatum.
1308 2931 1431 2986 Placebis
1449 2939 1539 2988 autem
1563 2947 1626 2988 eum
1650 2931 1674 2987 si
1695 2947 1791 3003 speres

144 3031 179 3088 lit
193 3029 252 3102 ipse
266 3035 307 3085 est
995 3023 1023 3077 in
1049 3019 1238 3077 misericordia
1258 3019 1332 3087 aius:
1353 3027 1434 3092 atque
1458 3021 1493 3076 de
1520 3027 1620 3077 caetero
1639 3020 1678 3076 ita
1692 3035 1791 3077 careas

182 3120 268 3175 Vsus.
286 3120 330 3173 to.
346 3147 381 3160 -
399 3138 410 3169 ι
430 3115 483 3188 Qui
497 3117 542 3174 det
553 3118 683 3189 jumentis
701 3135 793 3176 escam
810 3119 941 3192 ipsomm,

151 3230 162 3261 ι
180 3216 207 3264 ει
217 3207 299 3280 pullis
314 3222 458 3264 corvorum
470 3206 659 3264 invocantibus
675 3225 746 3266 eum.
763 3229 775 3260 a

185 3297 238 3366 Oui
248 3297 453 3370 dntjumcntia,
462 3296 667 3368 velpscoribus,
683 3297 711 3353 id
725 3305 767 3354 est
774 3297 944 3372 simplicibus

147 3385 288 3454 Ecclesia,
305 3384 409 3442 scilicet
423 3384 554 3459 gregibus
571 3385 690 3456 Domini,
702 3405 795 3445 escum
805 3389 941 3462 ipsorum,

147 3474 242 3551 [lup]
261 3474 289 3530 id
308 3482 350 3530 εει
363 3474 492 3546 pabulum
507 3475 593 3530 divini
614 3476 701 3548 verbi,
719 3477 839 3549 quiaeos
857 3479 945 3551 pascit

147 3567 222 3622 Deus
236 3563 418 3636 perhomines
434 3581 442 3618 :
458 3564 504 3636 qni
518 3563 654 3637 accipiunt
672 3565 774 3634 lenum,
791 3567 819 3623 id
833 3575 883 3636 est,
895 3584 945 3639 per

147 3652 341 3727 praedicatores
358 3650 405 3725 qui
418 3649 572 3726 largiuntur
588 3653 628 3709 eis
640 3655 798 3726 spiritualia,
814 3673 830 3711 a
845 3657 944 3730 quibus

147 3749 252 3799 metunt
273 3741 400 3810 carnalia,
417 3747 444 3798 ει
457 3741 503 3796 det
518 3747 610 3799 escam
627 3745 716 3816 pollis
730 3761 876 3802 cornorum
895 3747 944 3801 ln-

145 3831 310 3890 oocontibur
324 3847 398 3887 eom.
416 3829 497 3886 Corvi
511 3839 573 3886 sunt
588 3832 703 3905 gentiles
717 3831 789 3907 nigri
804 3834 831 3888 in
846 3850 944 3906 pecca·

146 3921 191 3977 tis.
208 3921 286 3977 Unde
308 3927 335 3976 et
349 3917 435 3975 luctet
463 3919 510 3992 qui
538 3935 568 3976 se
593 3921 668 3976 solos
694 3921 782 3990 iustos
804 3921 942 3993 dicebant,

147 4024 244 4066 omnes
259 4008 377 4082 gentiles
392 4015 550 4080 peccatores
567 4009 705 4072 dicebant.
720 4012 754 4065 Ει
767 4027 833 4067 vere
852 4019 945 4083 patres

152 4097 239 4154 nostri
255 4097 329 4154 corvi
349 4096 468 4167 luerunt,
491 4097 554 4170 qnia
568 4105 726 4172 peccatores
746 4105 772 4155 et
782 4099 943 4167 idololatrae,

148 4203 200 4243 nos
216 4193 305 4244 autern
329 4202 384 4242 non
399 4185 439 4243 sic
461 4201 652 4242 remanemus:
669 4195 759 4243 tamen
783 4197 858 4246 recte
878 4189 945 4261 pulli

147 4291 292 4333 corvorum
324 4274 450 4331 dicuntur
489 4282 516 4331 et
554 4291 658 4332 sumus.
685 4273 830 4350 [Cassiod.,
861 4279 945 4354 dum]

147 4363 217 4421 Pulli
237 4364 310 4420 enim
333 4379 478 4419 corromm
502 4361 627 4420 dicuntur
640 4381 702 4421 roro
729 4367 791 4422 coeli
818 4369 945 4435 nesciet

148 4449 282 4511 beneficio
300 4452 385 4509 aetatis
400 4451 528 4528 ignorant
545 4459 673 4525 paternas
693 4471 779 4523 escas,
803 4455 830 4513 id
845 4465 887 4512 εει
901 4456 944 4514 ie-

992 3125 1118 3184 peccare,
1130 3115 1159 3164 ut
1173 3109 1207 3165 de
1230 3106 1374 3180 praeteritis
1395 3108 1553 3180 depreceris
1567 3117 1596 3166 ut
1621 3107 1669 3166 tibi
1696 3109 1791 3166 dimit-

993 3208 1095 3256 tantur.

993 3358 1124 3402 connato
1146 3358 1176 3398 ΙΝ
1197 3357 1327 3400 ratam
1349 3358 1457 3399 cxtvt:
1480 3364 1492 3396 t
1513 3355 1640 3400 mantra
1662 3355 1791 3400 nomint

1119 3430 1246 3481 Quorum
1260 3431 1349 3472 BONUS
1363 3430 1415 3471 nst
1429 3429 1563 3482 osthane,
1584 3423 1661 3471 reio.

1027 3541 1113 3596 Vens.
1131 3539 1156 3594 l.
1173 3537 1337 3596 -baodote
1351 3539 1737 3614 Dominnmpoontombooos
1748 3543 1791 3596 εει

993 3613 1128 3686 psalmus.
1145 3612 1203 3666 Deo
1217 3614 1313 3668 nostro
1333 3612 1372 3667 rit
1381 3614 1522 3683 jucundo,
1540 3618 1592 3668 etc.
1616 3611 1697 3666 Hebr.
1713 3610 1792 3666 aliter

992 3683 1174 3764 distinguunt,
1190 3688 1219 3736 ut
1233 3681 1260 3736 id
1275 3681 1349 3753 quod
1359 3689 1401 3736 εει
1415 3684 1470 3738 Deo
1485 3685 1593 3749 nostro,
1605 3681 1739 3754 pertineat
1754 3681 1789 3736 nd

993 3768 1137 3825 superiora
1149 3752 1201 3808 boc
1215 3760 1303 3824 paeto,
1318 3754 1451 3826 qnoniam
1461 3753 1564 3809 bonnm
1575 3758 1617 3808 εει
1626 3767 1728 3808 canere
1736 3755 1790 3808 Deo

993 3829 1106 3894 nostro,·
1129 3823 1179 3878 sed
1193 3837 1226 3878 ea
1240 3837 1300 3946 εἰπε
1322 3831 1472 3894 sequuntur
1489 3823 1597 3879 abunde
1618 3821 1793 3878 manifestant

993 3895 1096 3952 utrovis
1118 3909 1199 3965 posse
1221 3893 1325 3961 reerri,
1358 3909 1409 3950 nec
1433 3909 1530 3950 omnes
1557 3894 1603 3966 qui
1624 3891 1791 3948 transierunt

993 3966 1136 4039 assignant
1150 3964 1250 4034 ubique
1265 3963 1388 4018 eamdem
1404 3965 1615 4037 hypostiginem.
1632 3963 1703 4020 Dicit
1718 3963 1792 4019 enim

994 4039 1118 4102 Sanctes,
1142 4035 1257 4090 tondale
1280 4036 1449 4103 Dorninnm,
1468 4037 1600 4108 paeoniam
1624 4036 1726 4092 bonnm
1748 4037 1791 4090 εει

994 4123 1095 4166 canere
1108 4108 1160 4162 Deo
1169 4110 1277 4175 nostro,
1289 4107 1423 4178 qnoniam
1438 4105 1539 4173 dulcis,
1551 4107 1651 4164 decoro
1661 4109 1704 4162 εει
1716 4105 1790 4162 loos.

994 4185 1028 4236 tlt
1042 4181 1203 4242 llunstems,
1219 4178 1352 4249 quonism
1368 4179 1470 4234 bonum
1485 4183 1528 4234 εει
1539 4195 1647 4236 cancre
1664 4180 1719 4235 lieo
1741 4192 1792 4232 no·

993 4255 1052 4308 stro
1067 4247 1328 4322 otqocjocandum,
1343 4249 1473 4322 optabilis
1489 4253 1532 4307 εει
1547 4251 1620 4306 icus.
1633 4250 1687 4306 Cur
1701 4255 1792 4304 autem

993 4322 1083 4388 vertit,
1101 4319 1232 4393 optabitis
1247 4323 1289 4375 εει
1307 4320 1379 4386 tous,
1395 4319 1441 4374 ubi
1455 4319 1499 4374 alii
1509 4320 1728 4394 dicuntpntclrnn
1738 4322 1790 4387 εει,

996 4391 1126 4448 rationem
1142 4389 1241 4456 reddit,
1260 4390 1322 4462 quia
1337 4390 1502 4446 Hebraicum
1517 4401 1586 4453 Γιιιιι
1605 4406 1711 4456 Ntvnn,
1727 4389 1791 4461 qui-

996 4465 1061 4520 dam
1076 4462 1212 4518 deducunt
1225 4461 1260 4516 ab
1275 4472 1330 4521 τιιιι
1351 4476 1428 4528 tvae,
1444 4462 1497 4518 hoc
1511 4471 1554 4518 est
1571 4462 1749 4528 άεειιιενεειι,
1764 4465 1794 4514 ut

148 4549 224 4599 tores
238 4541 402 4599 cadavemm
419 4556 426 4595 :
443 4541 482 4598 sic
496 4539 543 4596 lilii
558 4556 726 4614 paganorum
741 4560 796 4599 non
811 4545 947 4602 imitantes
996 4533 1184 4607 ⁸1²P³⁵⁵ivl¹f¹¹
1200 4532 1267 4602 ejus,
1292 4531 1339 4588 alli
1352 4541 1443 4590 aulem
1462 4551 1479 4590 a
1502 4543 1571 4596 ltin:
1597 4547 1702 4601 novata.
1718 4529 1792 4604 (1¹¹0d

148 4641 277 4704 paternos
299 4631 378 4701 ritus,
393 4629 553 4686 innoeentes
576 4639 639 4686 sunt
661 4632 707 4705 qui
722 4633 860 4704 invocent,
885 4651 948 4692 cor·

147 4737 198 4777 vus
212 4735 266 4776 non
281 4719 398 4776 invocet.
409 4720 467 4776 Nos
482 4735 549 4776 vero
564 4719 670 4776 dimissi
686 4719 855 4780 invocamus.
870 4725 946 4798 Ergo

148 4809 193 4866 dat
207 4825 299 4865 escam
313 4808 394 4881 pullis
416 4821 570 4875 corvorum,
588 4807 616 4864 id
631 4816 673 4866 εει
689 4809 751 4866 lillis
765 4828 945 4888 paganorum,

149 4897 340 4955 invocantibus
350 4915 422 4956 eum.

183 4987 268 5043 Vens.
282 4990 325 5043 tt.
336 5018 371 5029 -
388 4989 474 5045 «Non
487 4988 516 5046 in
529 4989 686 5046 tortitudine
702 4989 765 5063 equi
780 4990 946 5048 voluntatem

997 4606 1129 4664 decoram
1144 4602 1290 4676 significat.

1031 4679 1116 4734 Vens.
1134 4677 1160 4730 9.
1176 4675 1256 4729 -tit
1270 4673 1384 4730 borbum
1397 4677 1531 4734 seruituti
1547 4676 1703 4732 bornicum.
1727 4673 1791 4729 Haec

996 4748 1120 4805 clausula
1144 4761 1199 4801 non
1223 4744 1360 4800 invenitur
1382 4744 1409 4800 in
1436 4747 1520 4802 Hebr.
1544 4747 1677 4818 Pleraque
1700 4743 1752 4798 alia
1776 4758 1793 4798 a

996 4821 1071 4875 Lxx
1092 4817 1198 4888 abjecta
1221 4823 1362 4881 suntuna
1379 4816 1437 4874 sine
1463 4817 1578 4889 Spiritus
1593 4815 1678 4873 sancti
1695 4821 1791 4871 aucto·

996 4891 1084 4955 ritate,
1102 4896 1148 4945 aut
1164 4887 1260 4959 quavis
1270 4887 1323 4942 alin
1336 4887 1450 4956 ratione,
1462 4898 1490 4944 ut
1500 4889 1590 4944 multis
1604 4887 1728 4958 superius
1738 4899 1793 4940 non

997 4961 1082 5017 semel
1098 4960 1252 5016 discussum
1272 4964 1323 5012 εει.
1349 4957 1383 5014 D.
1407 4959 1493 5016 Hilar.
1516 4957 1697 5031 deprehendit
1703 4971 1794 5083 gnos·

995 5033 1059 5088 darn
1073 5030 1184 5089 codices
1204 5028 1315 5097 habero,
1332 5031 1466 5099 quosdam
1490 5046 1544 5086 non
1567 5030 1677 5086 trabere.
1729 5025 1793 5082 raeci

150 5096 161 5127 ι
179 5074 302 5144 babebit;
318 5092 370 5134 neo
390 5075 420 5133 in
433 5078 505 5134 tibiis
519 5079 571 5135 riri
588 5078 787 5150 beneplacitum
811 5079 863 5137 erit
881 5097 916 5138 er.
932 5104 943 5132 a
995 5102 1091 5176 procul
1104 5100 1188 5156 dubio
1202 5100 1386 5171 hancpmem
1400 5103 1596 5188 nunqlegum·

184 5165 245 5222 Non
255 5167 286 5221 in
300 5165 472 5238 fortitudine
490 5170 564 5240 epesi,
580 5165 636 5242 [Gl.
654 5166 715 5242 int]
731 5169 810 5240 quasi
825 5169 948 5240 jumenta

1031 5176 1116 5230 Vsus.
1137 5174 1179 5226 tt.
1196 5201 1231 5210 —
1245 5171 1300 5226 Νεε
1317 5171 1349 5226 in
1367 5173 1442 5228 tibiis
1457 5174 1520 5229 otri.
1544 5172 1606 5228 Divi
1619 5169 1738 5226 Hilarius
1767 5175 1796 5228 et

147 5253 234 5325 pascit
248 5260 274 5310 et
284 5253 383 5326 pullos,
398 5255 447 5311 sed
462 5271 516 5313 non
531 5257 642 5314 habebit
654 5258 840 5329 volontatem,
863 5255 890 5314 id
906 5267 947 5316 est
996 5247 1067 5318 ¹¹¹¹ss-
1083 5259 1114 5298 ³⁰
1128 5239 1286 5297 manerium
1302 5239 1454 5299 R⁰m⁸¹¹¹¹¹¹¹
1466 5244 1577 5312 babenb
1593 5260 1645 5300 ΜΟ
1655 5243 1686 5298 ῑη
1700 5241 1793 5298 taber·

148 5342 357 5414 beneplaoitum,
369 5344 401 5400 io
415 5345 597 5416 fortitudine,
614 5346 659 5403 vel
673 5345 702 5402 in
715 5353 855 5420 potentatu
871 5349 945 5422 equi,

147 5430 175 5486 id
189 5439 230 5487 est
244 5432 272 5486 in
296 5432 426 5504 superbia
452 5433 662 5492 contumacium.
679 5435 731 5492 Per
754 5453 853 5509 equum
873 5437 946 5494 enim

149 5519 277 5592 superbia
305 5521 476 5596 intelligitur,
501 5523 566 5597 quia
593 5524 628 5580 de
651 5539 723 5597 equo
744 5523 824 5582 altior
847 5525 947 5582 incedit

149 5609 241 5666 bomo.
265 5609 300 5668 lit
313 5609 406 5670 cervix
417 5611 476 5683 ejus
485 5627 551 5672 rara
564 5611 665 5670 indicat
675 5613 842 5685 superbiam.
864 5615 947 5688 Rapi-

996 5315 1108 5373 occulte
1122 5313 1186 5369 oiri.
1203 5311 1339 5367 Arnobius
1355 5321 1445 5371 eutem
1459 5315 1562 5371 indicat
1576 5313 1673 5370 crece
1687 5327 1749 5369 esse
1762 5313 1795 5368 in

998 5387 1083 5452 tibiis,
1100 5387 1195 5452 ινταις
1207 5383 1327 5463 κνήμαις,
1341 5401 1408 5456 quas
1426 5394 1518 5442 tamen
1531 5387 1689 5458 Hieronym.
1706 5385 1793 5440 inter·

995 5472 1116 5538 pretatur
1129 5465 1326 5601 πιΐεινήμιδας,
1340 5468 1392 5522 hoc
1415 5472 1458 5522 est
1471 5469 1642 5523 omomcato
1664 5481 1793 5533 crorum,

996 5559 1056 5672 im
1084 5551 1162 5617 tropo
1173 5545 1253 5630 opiee
1275 5545 1368 5630 retent,
1382 5543 1417 5630 acl
1439 5545 1582 5627 incessam
1601 5544 1792 5625 libidinosam.

1020 5614 1099 5672 moh.
1122 5624 1219 5691 occiput
1232 5631 1282 5691 pro
1296 5617 1464 5686 stobtlttotc,
1482 5631 1560 5690 quan
1581 5629 1637 5674 non
1656 5626 1794 5689 possimus
