3878 6322
210 210 278 266 mu
882 197 984 254 earm
997 193 1186 253 nouerant.
1790 191 1860 244 rara
1914 192 1915 262 t

209 342 352 396 aternum,
369 329 469 401 etipsa
484 326 619 399 sapientia
632 341 696 382 earo
710 324 782 381 lacta
805 331 857 391 est,
881 331 908 378 et
926 321 1007 377 habi·
1018 322 1045 382 A
1058 320 1102 376 Nil
1111 318 1232 389 judicavi
1246 334 1290 374 me
1305 316 1376 374 scire
1391 315 1525 372 intervos
1540 313 1591 370 nisi
1604 315 1697 370 lesum
1706 312 1855 376 Christum,

208 420 275 476 tavit
294 419 322 474 in
343 419 432 486 nobis,
454 425 480 472 et
504 418 557 472 hoc
581 414 653 481 lacit,
678 414 768 470 idest
791 428 841 468 nos
860 411 1002 478 illuminat,
1056 416 1082 464 ει
1097 409 1168 464 hnnc
1183 405 1355 463 crucifixum.
1372 406 1402 460 ln
1417 403 1549 462 crncitixo
1564 403 1637 458 enim
1660 402 1769 467 dicitur,
1795 401 1857 473 qnia

208 508 273 580 quia
288 506 374 564 lactus
389 513 431 562 est
444 505 524 561 nobis
534 504 662 577 justitia,
679 502 705 556 id
721 509 762 557 est
777 501 840 573 quia
864 499 938 572 prius
960 499 1005 567 ju·
1056 504 1134 553 vetus
1149 497 1230 551 homo
1245 493 1390 552 crucifixus
1414 500 1465 561 est,
1486 500 1516 548 nt
1538 492 1608 546 ultra
1626 507 1680 547 non
1702 491 1855 546 serviamus

208 595 307 654 stificat
321 612 371 652 nos
387 595 459 652 bona
474 591 643 665 operatione.
658 590 764 646 lustitia
788 589 860 645 enim
884 604 944 659 quae
967 585 1006 642 vi·
1056 592 1169 657 peccato
1185 587 1274 655 (Rom.
1292 586 1343 654 vr).
1367 584 1429 638 Nau
1452 597 1518 654 ergo
1541 581 1577 636 ita
1599 579 1791 652 accipiendum
1816 586 1857 634 est

208 686 246 743 vit
259 685 287 740 in
302 684 402 757 seipsa,
415 680 603 754 proculdubio
628 681 700 735 Deus
724 686 774 748 εει,
798 661 879 750 atoue
903 675 1008 732 incom-
1057 675 1130 746 quod
1145 673 1189 730 hia
1202 673 1269 730 dicit
1283 672 1429 744 Apostolus
1444 678 1571 742 tanquam
1592 685 1626 725 aa
1648 677 1753 724 tautum
1774 668 1856 723 ‹lixe-

209 773 374 830 mutahiliter
389 770 463 828 vivit.
479 769 553 826 Sicut
574 777 664 824 autem
687 766 798 823 comsit
826 765 855 819 in
881 779 912 819 εε
939 763 1004 829 vita,
1057 762 1091 818 rit
1107 779 1166 835 quae
1181 769 1246 818 suat
1259 761 1397 818 credenda
1415 761 1450 816 de
1474 761 1591 826 Christo,
1614 759 1662 814 sed
1689 758 1769 814 etiarn
1794 773 1856 828 quae

208 862 289 920 etiam
304 861 383 917 nohis
397 859 424 914 lit
440 859 504 927 vita,
521 873 581 914 aum
598 857 656 926 ejus
679 853 810 910 efficimur
834 851 981 924 participes
998 867 1005 904 :
1056 850 1229 906 observanda
1243 850 1269 904 in
1284 849 1346 918 vita,
1363 857 1389 906 ει
1406 849 1479 907 Ἡ
1498 849 1620 905 moribus
1635 847 1661 902 ei
1681 846 1789 903 accedit
1812 845 1857 918 qui

209 951 246 1008 ita
260 949 361 1006 eumin
383 964 412 1003 se
437 947 473 1002 sit
493 945 607 1016 iustitia,
632 943 713 999 etiam
737 941 816 998 nobis
840 940 868 996 fit
892 939 1005 1009 justitia,
1056 939 1160 995 accedit
1174 938 1208 993 ad
1222 938 1411 1011 compaginem
1425 939 1560 1010 corporis.
1576 939 1610 994 lit
1630 953 1687 1009 epo,
1710 942 1762 992 etc.
1785 933 1857 1006 [An-

209 1056 272 1096 cum
288 1039 313 1094 ei
327 1035 489 1094 cohaerendo
501 1035 574 1103 jaste
589 1032 727 1097 vivamus,
740 1038 767 1086 et
779 1030 887 1101 perhoc
897 1037 938 1083 est
948 1027 1007 1098 ipse
1057 1026 1192 1099 gustinus]
1207 1025 1291 1095 Quasi
1306 1026 1378 1082 dicat
1393 1041 1399 1081 :
1414 1025 1530 1082 Humilis
1544 1024 1592 1080 fuit
1610 1023 1768 1096 praedicatio
1793 1037 1855 1077 mea
1917 1039 1918 1050 ι

209 1127 288 1184 nobis
300 1125 414 1195 iustitia,
431 1122 493 1195 quia
506 1121 581 1193 prius
596 1119 848 1186 estranetificatio,
860 1116 887 1172 id
897 1115 1008 1186 estquis
1058 1115 1130 1185 apud
1157 1130 1216 1182 ros,
1244 1114 1354 1169 humilis
1377 1115 1459 1170 etiam
1485 1121 1513 1170 et
1540 1128 1667 1184 persona.
1698 1110 1776 1180 Quod
1821 1111 1855 1164 ita

172 1225 178 1236 ·
208 1216 283 1288 prius
306 1215 334 1267 in
354 1210 487 1282 baptismo
510 1209 622 1263 mundat
643 1222 703 1261 nos.
716 1207 750 1260 Et
772 1207 824 1261 hoa
846 1204 918 1272 iden,
944 1203 1008 1274 quia
1057 1203 1104 1266 ait,
1121 1207 1149 1258 ct
1164 1219 1212 1273 epo
1227 1203 1361 1275 suiupad
1376 1199 1698 1271 rosinintirmitatc,id
1712 1199 1797 1254 estin
1813 1198 1857 1252 tri·

208 1303 284 1375 prius
300 1308 341 1356 εει
356 1298 443 1356 lactus
457 1297 536 1352 nobis
551 1296 717 1366 redemptio,
738 1293 821 1348 idest
843 1292 904 1365 qnia
931 1291 1007 1362 prius
1059 1290 1204 1360 bulatione,
1221 1294 1249 1346 et
1266 1292 1368 1346 timore
1383 1290 1476 1360 animi,
1492 1289 1520 1345 id
1533 1297 1574 1346 εει
1595 1289 1673 1344 εειιο
1696 1286 1807 1350 animo;
1829 1294 1855 1342 et

208 1389 325 1446 redemit
338 1403 389 1442 nos
403 1385 541 1458 patiendo.
558 1385 592 1438 h't
606 1384 658 1438 hoc
672 1390 757 1437 totum
773 1381 835 1436 iden
850 1380 890 1436 sic
908 1379 1008 1435 lactum
1059 1382 1179 1434 tremore
1194 1380 1283 1434 mutto
1298 1377 1422 1449 corporis
1441 1395 1447 1433 :
1464 1379 1499 1433 Et
1515 1394 1605 1434 sermo
1619 1393 1708 1444 meus,
1725 1376 1772 1447 qui
1797 1375 1856 1445 pri-

209 1486 250 1534 est
265 1482 297 1534 ut
313 1475 404 1531 nullus
419 1473 551 1547 glorietur
564 1471 617 1525 nisi
632 1471 667 1526 da
689 1469 769 1525 bouis
792 1469 851 1534 Dei,
873 1468 1007 1541 quemad·
1058 1466 1141 1522 vatim
1155 1465 1246 1533 fiebat,
1262 1471 1291 1522 et
1302 1466 1470 1539 pradicatio
1484 1483 1557 1532 mea,
1574 1482 1635 1538 quea
1648 1464 1731 1520 tiebat
1746 1463 1774 1518 in
1784 1478 1856 1518 com

208 1565 470 1635 modamscriptum
485 1565 528 1617 ast
542 1560 568 1615 in
581 1559 700 1615 Jeremia
716 1575 722 1612 :
740 1558 792 1625 Qut
805 1557 954 1629 plcriutur,
977 1557 1009 1612 in
1059 1554 1144 1620 muni,
1161 1571 1218 1611 non
1228 1555 1328 1626 suitin
1338 1555 1569 1628 persuasibilibus
1579 1554 1666 1611 uerbis
1676 1553 1858 1608 humanaru-

209 1655 327 1714 Domina
341 1652 489 1724 glorietur.
501 1650 533 1704 ln
542 1647 661 1704 teremia
676 1655 766 1702 tamen
782 1645 821 1701 sic
830 1645 946 1701 habetur
959 1659 964 1697 :
977 1645 1046 1729 lnB
1059 1643 1185 1715 pientia.
1201 1641 1269 1711 Quia
1282 1643 1333 1698 etsi
1347 1642 1535 1713 persuasibilia
1559 1641 1657 1698 luerint
1678 1641 1764 1698 verba
1783 1654 1854 1702 mea,

210 1743 260 1800 boc
274 1743 414 1814 gloriatur
425 1739 473 1811 put
486 1738 628 1809 ploriatur
638 1737 721 1804 scire,
737 1739 765 1791 et
781 1749 926 1800 nosseme,
942 1732 1008 1804 quia
1059 1746 1113 1786 non
1129 1739 1217 1786 tamen
1231 1732 1439 1801 perhumanum
1454 1730 1626 1802 sapientiam,
1642 1729 1856 1800 utrarbapseu-

210 1848 258 1904 epo
274 1830 409 1887 Dominus
425 1828 493 1897 (ter.
509 1825 551 1896 ι).
1058 1819 1291 1890 doapostolorum.
1307 1819 1360 1876 Sed
1380 1817 1429 1874 luit
1450 1819 1479 1872 in
1505 1820 1664 1875 ostentione
1685 1818 1809 1890 spiritus
1830 1821 1857 1872 ει

526 1913 639 1968 CAPUT
657 1911 692 1966 ΙΙ.
946 1923 948 1928 ·
1058 1908 1184 1974 uirtutis,
1200 1907 1229 1962 id
1245 1914 1287 1962 est
1311 1907 1340 1962 in
1369 1922 1495 1963 sannone
1522 1915 1550 1962 et
1576 1906 1770 1978 predicatione
1799 1921 1858 1960 mea

244 2007 400 2063 Vacat-8.
412 2003 492 2058 -lit
508 2017 556 2072 epo
571 2016 637 2056 aum
657 2001 795 2055 venissem
814 1999 851 2054 ad
870 2013 924 2065 uos,
945 2001 1009 2069 sra—
1058 1995 1166 2052 ostendi
1180 2011 1224 2050 me
1245 1995 1347 2051 habers
1370 1994 1500 2067 Spiritum
1523 2003 1654 2065 sanctum,
1679 2000 1708 2050 ει
1730 1992 1858 2052 mantem

213 2099 279 2164 tres,
291 2093 356 2150 veni
369 2107 427 2148 nort
441 2092 474 2146 in
488 2089 665 2145 sublimitate
679 2087 817 2142 sermonis
832 2089 883 2142 aut
893 2088 1009 2157 sapien·
1058 2083 1086 2139 in
1096 2083 1238 2140 miraculis
1252 2083 1394 2140 iaciendis.

212 2184 270 2249 tior,
294 2181 474 2238 annuntians
493 2178 567 2234 vobis
588 2177 782 2232 testimonium
813 2174 928 2230 Christi.
949 2175 1009 2230 Non
1095 2173 1158 2228 ldeo
1173 2172 1211 2228 ita
1225 2171 1285 2238 leci,
1302 2175 1335 2227 ut
1349 2172 1416 2240 fides
1433 2175 1530 2228 uestra
1543 2188 1601 2229 non
1615 2173 1665 2238 st't,
1690 2170 1719 2225 id
1738 2177 1782 2226 est
1804 2185 1858 2225 non

212 2272 290 2328 enim
298 2269 426 2341 judicavi
439 2283 483 2323 me
498 2267 570 2323 scire
580 2263 688 2336 aliquid
698 2265 775 2318 inter
784 2279 840 2328 uos,
850 2262 1010 2318 nisilcsum
1058 2275 1120 2316 esse
1135 2260 1311 2331 intelligatur,
1325 2262 1356 2316 in
1375 2260 1686 2332 sapientiabaminum,
1698 2259 1747 2315 scd
1756 2260 1788 2314 iu
1799 2262 1858 2314 uir-

215 2359 368 2422 Christum,
376 2361 404 2412 ει
415 2355 490 2410 itanc
501 2351 777 2423 crucifixamlitepo
785 2352 816 2406 in
826 2351 1009 2419 luminitate,
1060 2353 1121 2405 tate
1129 2351 1188 2418 Dei,
1198 2348 1226 2402 id
1239 2355 1280 2404 εει
1295 2357 1323 2403 ιιι
1346 2347 1414 2404 fides
1429 2357 1521 2404 vestra
1539 2363 1595 2404 non
1617 2348 1779 2403 attribuatur
1807 2348 1858 2404 ho-

213 2452 242 2506 et
271 2447 382 2514 timore,
411 2447 440 2500 et
465 2447 585 2499 tremore
606 2441 699 2496 multo
721 2440 768 2510 sai
794 2438 869 2510 apad
892 2455 957 2505 vos,·
981 2443 1010 2495 ει
1059 2437 1133 2503 mini,
1150 2437 1196 2492 sed
1215 2438 1281 2492 Deo.
1297 2437 1471 2509 Sapientiam
1486 2441 1593 2493 autem.
1610 2435 1696 2505 Quasi
1710 2437 1785 2493 dicat
1800 2437 1859 2492 :lu-

214 2553 305 2592 sermo
318 2549 407 2599 maus,
420 2536 449 2588 ει
463 2530 629 2603 predicatio
642 2544 716 2592 mea,
732 2543 790 2584 non
813 2529 844 2582 in
864 2527 1010 2599 persuasi·
1061 2533 1102 2580 ter
1116 2541 1165 2582 vos
1179 2525 1325 2596 incapaces
1339 2524 1498 2596 simpliciter
1519 2524 1601 2581 locuti
1623 2541 1728 2594 sumus,
1753 2524 1860 2596 sapien-

214 2625 314 2682 titum
325 2622 458 2677 humanae
473 2619 621 2690 sapientior
636 2616 735 2684 uc'rbis,
750 2613 798 2670 sed
812 2616 844 2670 in
852 2615 1010 2671 ostensione
1059 2613 1128 2668 tiam
1144 2621 1243 2678 autem,
1259 2629 1319 2686 qnae
1334 2620 1376 2668 est
1389 2613 1424 2669 de
1438 2613 1550 2670 secretis
1558 2613 1617 2683 Dei,
1631 2615 1776 2687 loquimur
1783 2617 1858 2669 inter

214 2711 333 2784 spiritus
357 2712 385 2764 et
401 2707 528 2770 uirtutis,
544 2708 577 2760 ut
592 2705 660 2774 rides
675 2706 768 2758 vestra
782 2717 840 2758 non
855 2703 894 2758 sit
920 2703 952 2756 in
966 2719 1011 2758 sa·
1059 2701 1267 2774 perfectosllio
1281 2701 1346 2758 dicit
1360 2717 1415 2757 non
1430 2701 1567 2774 perlectos
1581 2701 1739 2774 cognitores
1765 2709 1792 2758 ει
1812 2702 1858 2756 do-

212 2794 553 2872 pientiabamlnum,sed
579 2793 611 2848 in
625 2794 732 2849 uirtute
749 2791 809 2847 Dei.
834 2792 1011 2863 Sapientiam
1059 2797 1159 2854 atores,
1176 2789 1275 2861 quibua
1289 2806 1358 2861 opus
1380 2806 1436 2846 non
1458 2799 1500 2846 est
1519 2790 1622 2858 doceri,
1648 2791 1699 2846 sed
1719 2791 1859 2846 auditores

214 2889 311 2942 autem
326 2884 467 2956 loquimur
481 2882 560 2937 inter
580 2884 732 2953 perfectos,
750 2880 923 2952 sapientiam
947 2894 1011 2933 vero
1056 2879 1113 2948 jam
1122 2876 1858 2951 capacesQuarnsapientiaminnnuerosapicntiam

214 2988 272 3030 non
281 2970 745 3044 baiassaecali,neqacprincipum
755 2970 839 3040 bajus
848 2968 1010 3040 saculipui
1061 2967 1145 3038 liujus
1154 2967 1261 3032 saculi,
1274 2983 1334 3039 quaa
1341 2967 1466 3023 humanis
1474 2968 1621 3023 rationibus
1637 2967 1750 3034 nititur;
1762 2983 1860 3040 napae,

214 3059 471 3128 destruccionem
486 3059 627 3130 loquimar
636 3059 684 3113 bet
695 3055 866 3130 sapientiam
879 3057 911 3112 in
934 3019 1047 3128 mys-G
1062 3055 1221 3126 sapientiam
1235 3057 1398 3130 priucipam
1413 3055 1496 3128 liujus
1509 3057 1615 3123 saculi,
1631 3056 1659 3111 id
1668 3065 1712 3112 εει
1725 3057 1861 3129 maligno·

213 3149 294 3217 taric,
311 3165 372 3222 paee
381 3146 544 3204 abscondita
555 3150 607 3214 est,
619 3163 702 3218 quam
711 3146 926 3218 predestinasti
942 3145 1013 3200 Deus
1061 3161 1121 3199 rum
1149 3143 1281 3214 spiritum,
1312 3144 1355 3200 vel
1382 3144 1618 3218 philosophorum,
1648 3145 1696 3216 qui
1722 3145 1862 3216 principes

216 3241 283 3294 ante
298 3236 403 3293 sacrata
416 3237 447 3291 in
461 3236 582 3305 gloriam
596 3238 735 3300 nostram,
752 3234 1014 3306 quemnemoprin-
1061 3231 1155 3286 mundi
1171 3231 1341 3299 videbantur,
1358 3235 1405 3306 qui
1420 3234 1617 3302 destruuntur,
1632 3232 1659 3288 id
1679 3241 1724 3288 est
1747 3249 1862 3304 quornm

212 3326 308 3397 cipum
322 3324 407 3394 liujus
423 3323 520 3379 sarculi
530 3323 666 3394 capnovit.
683 3323 713 3378 st
724 3323 796 3378 enim
806 3321 1011 3394 cognovissent,
1061 3319 1192 3392 sapientia
1206 3320 1364 3376 destruitur.
1380 3320 1433 3377 Sed
1448 3323 1590 3395 loquimur
1603 3323 1653 3377 Dei
1674 3323 1859 3394 sapientiam,

213 3429 361 3485 nunquam
375 3411 526 3467 Dominum
540 3411 638 3481 plarioe
652 3410 879 3479 crucifixissent.
1060 3408 1088 3464 id
1102 3417 1144 3463 εει
1158 3408 1304 3477 Christum,
1328 3409 1356 3464 in
1380 3425 1435 3482 quo
1457 3417 1569 3466 ostensa
1588 3410 1639 3466 Dei
1663 3417 1705 3465 est
1727 3410 1862 3482 sapientis

249 3503 285 3556 lit
295 3514 343 3572 epo
353 3513 417 3554 cum
428 3498 566 3553 venusam
580 3497 617 3553 ad
630 3514 686 3554 uos.
709 3496 794 3566 Quasi
817 3497 891 3554 dicat
907 3512 913 3552 :
938 3497 1014 3554 Sicut
1062 3497 1097 3553 tle
1108 3496 1296 3568 redemptione
1305 3497 1456 3553 hominum.
1468 3498 1704 3570 Loquimur,dico,
1716 3500 1748 3554 in
1758 3503 1862 3570 myste-

215 3587 301 3645 etalii
317 3602 371 3642 uon
399 3584 537 3655 sapientes
562 3584 641 3640 electi
670 3593 732 3640 sunt
760 3584 795 3640 ad
823 3585 1012 3657 apostolatum,
1062 3587 1114 3655 rio,
1132 3585 1159 3640 id
1173 3593 1215 3641 est
1231 3586 1392 3658 exponendo
1408 3587 1538 3658 mysteria
1550 3587 1658 3644 Veteris
1685 3587 1862 3652 Testamenti,

214 3676 252 3733 ita
268 3683 302 3744 et,
319 3674 347 3731 id
361 3681 402 3730 εει
412 3673 492 3728 etiam
507 3689 569 3745 ago,
587 3673 632 3745 qui
647 3687 723 3728 eram
738 3672 857 3744 sapiens,
873 3671 912 3728 iul
935 3672 1013 3745 quasi
1063 3675 1090 3728 in
1106 3673 1203 3746 quibus
1218 3673 1342 3729 Christus
1357 3673 1535 3746 significatur,
1558 3683 1586 3730 ut
1609 3675 1637 3730 in
1663 3675 1754 3731 hostia
1782 3675 1861 3738 Abel,

217 3781 272 3819 non
287 3778 376 3819 essem
392 3759 511 3832 sapiens,
527 3777 587 3816 cnm
612 3760 748 3816 venissem
769 3761 804 3816 ad
829 3776 925 3826 vos,o
950 3764 1013 3833 sra—
1063 3761 1246 3818 relnbrahae.
1271 3760 1452 3835 [Ambrosius]
1473 3765 1547 3832 Ques,
1572 3763 1705 3834 sapientia
1727 3763 1789 3832 Dei,
1814 3771 1864 3818 aa·

218 3857 285 3918 tres,
302 3850 364 3923 quia
392 3851 456 3905 uani
482 3849 517 3904 ad
540 3865 589 3905 vos
600 3866 657 3906 non
667 3847 886 3906 insudlimitatc
910 3866 1014 3906 semna-
1064 3850 1192 3907 scondita
1207 3854 1260 3916 est,
1273 3859 1302 3905 ut
1316 3851 1438 3907 nesciant
1454 3851 1558 3922 pseudo
1572 3852 1633 3923 quia
1649 3867 1703 3906 non
1716 3851 1746 3906 in
1760 3853 1863 3920 serbis,

216 3942 271 4006 ais,
284 3937 434 3996 secundum
444 3936 570 4010 logicam,
588 3937 692 3994 scilicet
701 3945 729 3992 ut
739 3937 838 4010 logicis
867 3937 1015 3993 rationibus
1064 3938 1114 3994 sed
1128 3937 1156 3992 iu
1170 3938 1268 3995 virtute
1284 3947 1342 4005 est;
1357 3955 1413 3996 non
1427 3941 1546 3996 humana
1560 3941 1664 3998 ratione
1676 3941 1864 4011 comprehen-

218 4035 309 4085 uterer
319 4045 327 4094 ;
339 4030 390 4082 aut
409 4028 441 4081 in
475 4026 651 4082 sublimitate
678 4027 836 4098 sapientia,
864 4025 1014 4082 secumdum
1065 4025 1161 4092 sibilis,
1178 4025 1227 4082 sad
1241 4027 1352 4098 spiritns
1366 4026 1486 4085 efficacia
1499 4028 1647 4086 credibilis.
1659 4028 1748 4099 Quam
1756 4029 1865 4101 sapien-

218 4115 411 4188 physicam‚nt
420 4113 541 4184 physicis
559 4113 707 4169 rationibus
731 4113 797 4168 illud
814 4112 1013 4180 confirmarem,
1064 4113 1130 4168 tiam
1146 4115 1219 4171 Deus
1231 4115 1456 4188 pradestinavit,
1487 4117 1514 4172 id
1532 4125 1574 4173 est
1592 4119 1763 4190 praepararit,
1793 4123 1865 4175 unta

219 4219 281 4277 quas
291 4201 381 4258 duoin
392 4200 494 4272 pseudo
504 4200 619 4256 laudatis
640 4209 733 4258 contra
752 4203 838 4257 Deum
850 4221 858 4268 ;
870 4203 919 4258 sed
942 4202 1013 4271 veni,
1065 4204 1180 4273 seacula,
1196 4203 1223 4259 id
1239 4213 1279 4260 est
1295 4213 1358 4260 ante
1373 4221 1455 4277 quam
1469 4206 1586 4261 mundus
1600 4214 1682 4276 esset,
1693 4207 1725 4262 in
1740 4209 1865 4278 pluriam

219 4292 400 4348 annuntians
408 4289 481 4346 uobis
493 4290 687 4346 testimoninm
699 4291 815 4357 Christi,
827 4291 855 4346 id
863 4299 1017 4364 estaaquae
1066 4295 1204 4360 nostram,
1231 4293 1335 4348 scilicet
1357 4293 1552 4364 apostolorum,
1577 4295 1623 4366 qni
1646 4311 1704 4351 earn
1726 4296 1865 4365 praedica-

219 4380 254 4436 de
265 4378 372 4436 Christo
382 4376 472 4433 testati
482 4384 543 4431 sunt
553 4378 700 4448 prophetae.
711 4379 772 4434 llou
789 4381 866 4435 enim
882 4371 1054 4450 judicaviD
1069 4395 1139 4435 mus.
1154 4379 1205 4437 Vel
1218 4379 1246 4435 in
1259 4381 1376 4454 gloriam
1388 4391 1520 4450 nostram,
1537 4382 1639 4439 scilicet
1657 4384 1779 4439 omnium
1801 4401 1867 4442 cre·

221 4468 306 4538 Quasi
320 4467 393 4523 dicat
408 4483 415 4520 τ
432 4466 501 4522 Vere
516 4480 570 4522 non
584 4464 721 4536 perillam
735 4466 927 4523 sublimitatem
948 4468 1020 4537 reni,
1071 4467 1203 4536 dentium,
1219 4476 1248 4524 ut
1261 4468 1363 4526 scilicet
1376 4484 1472 4526 omnes
1489 4487 1540 4541 per
1561 4487 1630 4537 eam,
1650 4480 1781 4528 aeternam
1803 4474 1868 4548 glo·

224 4555 288 4629 quia
300 4571 352 4611 aec
366 4555 449 4610 etiam
464 4569 514 4625 per
528 4569 588 4609 eam
604 4570 666 4625 quae
680 4553 715 4609 de
729 4554 786 4610 Deo
802 4563 852 4623 est,
869 4563 896 4611 et
910 4557 962 4613 hoc
988 4573 1022 4612 ex
1071 4555 1141 4611 riam
1154 4571 1362 4630 consequamur.
1381 4561 1469 4628 Quam
1484 4575 1575 4617 namo.
1592 4559 1676 4629 Quasi
1690 4561 1767 4617 dicat
1778 4581 1785 4617 :
1795 4563 1868 4620 liena

221 4643 325 4715 jndicio
335 4642 432 4698 mentis
441 4640 502 4698 leci.
514 4643 643 4699 Iudicavi
652 4643 729 4698 enirn
739 4659 784 4699 me
796 4659 854 4699 non
873 4647 947 4701 scire
964 4646 1021 4700 ali·
1072 4643 1133 4700 dico
1148 4644 1305 4701 abscondita
1319 4653 1369 4712 ast,
1395 4647 1460 4719 quia
1477 4647 1538 4719 ipsa
1559 4655 1600 4703 εει
1623 4648 1765 4720 sapientia,
1786 4667 1868 4724 quam

226 4731 440 4805 quidintcruos.
453 4729 542 4785 minus
556 4745 682 4802 capaces,
694 4732 1020 4800 nisilcsamCtn-istam,
1072 4747 1153 4788 nemo
1163 4734 1330 4807 principum
1351 4734 1436 4807 liujus
1459 4735 1565 4802 saecuti,
1582 4735 1610 4792 id
1633 4745 1674 4794 est
1697 4737 1866 4806 daemonum,

227 4823 255 4875 ct
269 4817 534 4886 hunccrucifixum,
551 4818 635 4873 idest
654 4817 707 4872 nisi
730 4819 781 4875 hoa
802 4819 875 4893 quad
899 4819 1022 4876 Christus
1072 4821 1358 4893 velphilosophorum,
1373 4822 1418 4878 rel
1431 4823 1572 4880 doctorum
1587 4825 1614 4880 in
1639 4825 1711 4898 lege,
1726 4833 1865 4899 cognorit.

224 4916 266 4962 est
280 4914 370 4963 rector
382 4914 408 4962 ει
423 4905 540 4962 salvator
557 4913 660 4962 noster.
681 4907 737 4978 (ιιι)
762 4908 796 4962 Et
814 4909 866 4964 hoc
886 4924 935 4979 per
957 4925 1022 4964 cru·
1072 4907 1151 4977 Quod
1165 4909 1228 4964 inde
1242 4919 1356 4982 apparet
1371 4926 1378 4966 :
1394 4911 1487 4979 Enim,
1504 4911 1532 4967 id
1546 4921 1588 4968 est
1601 4913 1664 4984 quia
1676 4915 1702 4969 si
1722 4919 1867 4987 capacem

226 4993 390 5051 citixionem.
414 4995 449 5048 Et
470 4993 610 5050 sciendum
635 4994 708 5066 quod
734 4995 871 5051 Christum
893 4997 1023 5068 praedioat
1071 4997 1284 5054 sentdaemones
1306 4999 1467 5070 sapientiam
1482 5000 1543 5066 Dei,
1559 5001 1593 5057 tle
1608 5001 1798 5073 redemptione
1815 5005 1868 5058 hu·

226 5100 282 5140 non
296 5082 385 5139 solum
400 5083 446 5155 qui
460 5081 541 5137 iidem
558 5082 663 5148 astruit,
689 5082 738 5137 sed
760 5083 840 5138 etiam
863 5085 910 5157 qui
933 5101 1023 5141 mores
1072 5084 1146 5140 mani
1158 5087 1267 5159 generis
1280 5102 1330 5159 per
1345 5088 1443 5144 Christi
1457 5096 1573 5144 mortem
1594 5089 1770 5160 implendam,
1792 5109 1868 5147 sun·

227 5171 324 5244 quibus
339 5170 367 5224 in
388 5185 421 5226 eo
444 5169 543 5225 vivitur
565 5169 682 5224 instruit.
707 5171 765 5226 lloo
787 5171 901 5244 intelligi
923 5181 1021 5244 potest,
1072 5190 1157 5246 paam
1176 5176 1386 5245 crucifixissent
1402 5177 1553 5234 Dominum
1573 5179 1681 5250 plortoe,
1701 5178 1730 5233 id
1748 5189 1792 5234 εει
1813 5197 1870 5236 non

228 5258 309 5315 etiam
323 5258 351 5314 in
365 5273 398 5315 eo
414 5257 484 5330 quod
500 5265 697 5314 commemorat
711 5259 867 5330 Apostolus,
884 5277 945 5316 cum
960 5261 998 5317 ait
1014 5278 1021 5317 ι
1072 5261 1478 5337 suggessissentcruaifigi,quia
1492 5274 1712 5338 nonsuggereret
1728 5281 1791 5324 suar
1807 5268 1870 5323 dis-

262 5432 318 5502 (aa)
337 5437 451 5502 sumu,
465 5437 501 5489 tta
512 5435 560 5491 fite
571 5437 597 5491 ει
609 5449 690 5502 apere.
