3878 6322
191 202 260 264 itta
650 199 655 217 '
850 201 1139 262 entaltolssttnot.
1771 201 1846 254 teto

189 332 275 388 noluit
287 331 379 402 utique
393 331 522 387 mentitus
537 338 587 386 est.
610 327 672 387 Non
688 329 760 386 enim
775 327 841 384 dixit
863 344 916 386 non
932 328 1020 389 sibiA
1036 329 1186 400 spetaculo.
1203 327 1242 384 lbi
1265 327 1337 384 enim
1357 342 1428 382 unus
1452 331 1554 381 tantum
1576 323 1675 395 accipit
1688 321 1841 389 bravium,

188 419 292 488 deberi,
309 420 359 475 sed
383 419 477 476 deberi
493 419 620 485 ostendit,
636 427 663 475 ει
677 418 769 474 debito
784 435 813 473 se
829 434 907 473 usum
930 432 986 473 uon
1037 418 1128 473 caeteri
1148 417 1212 474 victi
1232 416 1385 483 discedunt,
1403 415 1448 486 qui
1471 413 1605 469 similiter
1616 413 1817 468 laboraverunt
1832 429 1841 476 ;

189 524 260 576 esse,
278 523 329 564 nec
339 508 450 564 omuino
464 507 502 562 uti
518 507 587 564 velle
601 507 743 578 professus
757 514 807 574 est,
824 522 857 562 eo
870 505 930 576 ipso
944 504 957 558 l
973 535 985 546 ·
1035 505 1080 562 hic
1100 514 1259 562 autemnon
1276 513 1317 561 est
1333 503 1382 560 sic.
1397 505 1437 574 (3)
1462 501 1601 573 Quotquot
1623 500 1694 556 enim
1709 507 1840 564 currunt,

187 603 247 653 ctus
261 595 374 651 infirmis
388 595 521 651 infirmus.
538 597 599 651 Nou
614 603 656 651 est
670 611 737 668 ergo
760 594 841 650 sallas
854 603 881 650 et
895 593 985 649 versi·
1035 593 1059 648 si
1084 602 1294 665 perseveranter
1315 599 1437 654 currunt,
1465 590 1601 662 accipiunt
1617 608 1624 644 :
1640 597 1666 644 ει
1689 589 1737 660 qui
1760 588 1842 659 prior

190 684 270 756 pellis
290 684 435 752 simulatio,
452 685 502 740 sed
516 684 642 740 omuibus
662 682 787 756 congruit
801 682 859 752 ejus
873 681 984 738 miseri·
1033 682 1155 750 venerit,
1187 688 1325 753 exspectat
1353 687 1383 735 ut
1411 687 1556 736 coronetur
1583 695 1644 734 cum
1672 676 1836 748 posteriori.

188 787 250 829 cors
271 773 435 844 compassio,
459 779 603 845 portatque
631 771 815 826 infirmitatem
839 785 934 826 eorum
957 769 985 824 in
1034 771 1159 843 Agonem
1179 770 1279 842 quippe
1302 769 1384 825 istum
1398 783 1453 824 uon
1477 766 1621 838 cupiditas,
1647 766 1696 822 sed
1713 765 1840 821 charitas

185 862 385 933 compassionis
414 860 599 926 simulitudine,
628 876 683 916 non
719 859 816 914 lallans
848 857 984 914 mendacii
1032 858 1105 914 lacit.
1121 858 1223 914 Omnes
1238 865 1380 914 eumentes
1395 864 1487 912 amant
1501 872 1542 924 se,
1558 863 1586 910 ει
1599 855 1657 926 ipse
1672 869 1751 910 amor
1766 869 1835 910 cur-

184 948 341 1016 lictione,ita
351 949 604 1017 eis,scilicettudaeo
614 949 658 1004 vel
665 963 775 1021 pagano
785 947 982 1014 subveniendo,
1033 962 1080 1001 sus
1105 954 1156 1002 est.
1173 945 1256 1016 Quasi
1273 945 1347 1002 dicat
1364 963 1371 1001 ε
1386 945 1451 1000 ldeo
1465 943 1505 1000 sic
1519 943 1647 1000 cunibus
1669 942 1751 1007 insto,
1767 941 1837 1013 quia

185 1038 337 1110 sicutipse
361 1039 413 1094 sibi
441 1037 536 1093 similis
565 1045 647 1104 esset,
679 1034 816 1092 subveniri
841 1035 981 1102 voluisset,
1033 1049 1128 1090 omnes
1142 1042 1257 1107 possunt
1271 1034 1374 1089 habere
1389 1047 1529 1099 coronam,
1541 1031 1614 1103 quod
1628 1046 1683 1086 non
1698 1030 1727 1085 iu
1741 1031 1837 1102 agone

190 1127 270 1199 quasi
297 1125 469 1182 infirmitates
496 1141 590 1182 eorum
621 1125 681 1196 ipse
695 1124 816 1180 haberet.
845 1123 888 1179 Fit
911 1123 983 1178 enim
1032 1122 1171 1178 mundiali.
1196 1122 1314 1178 Nescitis
1329 1122 1402 1178 euim
1420 1121 1494 1193 quod
1509 1119 1536 1174 hi
1551 1119 1598 1191 qui
1611 1121 1640 1174 in
1653 1118 1742 1174 stadio
1766 1133 1837 1174 cur-

186 1213 264 1288 quasi
279 1223 399 1288 aegrotus
410 1214 455 1286 qui
469 1214 605 1269 ministrat
617 1221 732 1287 egroto,
745 1228 799 1268 uon
814 1228 877 1269 curn
891 1212 983 1268 febres
1031 1219 1104 1278 runt,
1120 1227 1216 1267 omues
1234 1211 1344 1283 quidem
1363 1211 1485 1276 turrunt,
1502 1208 1551 1264 sed
1572 1215 1677 1263 tautum
1689 1223 1771 1272 uuus,
1789 1206 1837 1260 hic

185 1317 216 1358 se
231 1303 334 1358 habere
348 1303 485 1369 mentitur,
500 1302 549 1358 scd
565 1318 626 1359 cum
642 1301 733 1356 animo
748 1300 919 1357 condolentis
932 1315 981 1357 co·
1030 1316 1097 1356 vero
1112 1300 1211 1370 omnis,
1228 1298 1326 1370 accipit
1340 1297 1483 1365 bravium,·
1498 1313 1548 1353 vos
1563 1305 1651 1352 autem
1666 1311 1773 1361 omues,
1792 1295 1836 1349 sic

183 1392 259 1464 gitet,
276 1392 413 1464 quomodo
437 1391 489 1446 sibi
502 1391 593 1447 ·vellat
608 1389 714 1457 serviri,
730 1389 753 1444 si
767 1397 920 1463 aegrotaret.
945 1389 981 1445 Se
1031 1389 1140 1455 currite,
1157 1395 1185 1442 ut
1208 1385 1453 1458 comprehendatis.
1471 1386 1520 1441 Vel
1535 1385 1582 1451 ita,
1602 1383 1724 1451 nescitis,
1750 1382 1836 1455 quasi

182 1495 250 1551 ergo
271 1479 373 1535 Judaeis
395 1479 463 1534 dixit
485 1487 615 1550 tanquam
634 1478 767 1546 Judaeum,
783 1485 809 1532 ει
833 1477 980 1548 gentilibus
1029 1476 1102 1534 dicat
1118 1492 1125 1531 ε
1141 1477 1207 1532 Ideo
1221 1476 1260 1532 sic
1283 1475 1409 1531 omnibus
1423 1474 1504 1542 iusto,
1531 1474 1594 1545 quia
1608 1473 1659 1529 etsi
1680 1472 1758 1528 multi
1778 1487 1833 1527 ro-

181 1576 310 1640 tauquam
338 1567 477 1641 gentilem,
503 1583 558 1622 non
580 1567 643 1622 ideo
668 1566 740 1638 quod
768 1565 981 1621 misericorditer
1029 1565 1093 1632 cati,
1111 1573 1202 1620 tamen
1217 1564 1300 1636 pauci
1315 1571 1377 1619 sunt
1391 1563 1480 1619 electi.
1498 1563 1618 1634 ideoque
1641 1561 1723 1626 iusto,
1741 1568 1769 1616 ut
1785 1559 1835 1614 vel

181 1656 229 1712 illa
243 1656 419 1722 simulaverit,
435 1657 483 1712 sed
507 1655 571 1727 quia
585 1671 619 1711 ea
633 1655 672 1711 sic
687 1670 742 1710 nou
766 1653 902 1709 simulavit
917 1670 1014 1740 quaess
1029 1653 1069 1709 sic
1083 1669 1115 1708 ex
1130 1651 1223 1707 multis
1237 1651 1316 1723 pauci
1339 1651 1489 1716 salventur,
1506 1649 1575 1706 sicut
1598 1657 1712 1721 apparet
1732 1649 1761 1704 iu
1778 1649 1835 1704 hoc

180 1744 245 1800 lecit
259 1743 358 1800 similia
371 1743 482 1810 tudoeis,
499 1743 568 1800 sicut
592 1758 643 1799 nec
666 1759 698 1799 ea
719 1759 780 1815 quse
795 1741 858 1798 lecit
879 1741 979 1797 similia
1028 1741 1118 1796 simili.
1135 1740 1252 1796 Nescitis
1267 1740 1339 1812 quod
1353 1739 1381 1794 hi
1396 1739 1443 1811 qui
1457 1738 1485 1794 iu
1499 1738 1587 1794 stadio
1595 1745 1717 1804 currunt,
1730 1753 1833 1792 omnes

181 1832 327 1904 gentibus3
345 1831 420 1888 91
440 1841 466 1887 et
475 1832 514 1888 sic
522 1831 649 1887 omnibus
661 1829 753 1886 omnia
763 1828 851 1886 lactus
861 1837 911 1896 εει,
923 1846 978 1884 non
1028 1829 1138 1900 quidem
1160 1837 1282 1895 currunt,
1299 1828 1348 1884 sed
1371 1843 1452 1892 unus,
1469 1826 1548 1899 quasi
1571 1826 1644 1882 dicat
1666 1841 1757 1891 raras,
1773 1841 1833 1880 non

180 1920 336 1976 mentientis
350 1928 418 1986 astu,
437 1920 486 1975 sed
500 1918 689 1990 compatientis
704 1917 812 1985 affectu,
825 1918 853 1973 id
868 1927 978 1974 estnon
1026 1917 1113 1973 omnis
1130 1917 1227 1989 accipit
1251 1916 1384 1972 bravium.
1401 1917 1435 1970 Et
1448 1915 1510 1987 quia
1525 1930 1581 1970 non
1601 1914 1690 1970 omnis
1712 1929 1833 1969 currens

180 2007 272 2063 omnia
285 2008 357 2062 mala
382 2023 476 2063 eorum
498 2006 631 2063 fallaciter
653 2007 770 2080 agendo,
786 2007 835 2062 sed
857 2005 977 2062 omnium
1026 2006 1134 2077 accipit,
1164 2006 1226 2061 ideo
1253 2004 1303 2071 sic,
1326 2005 1354 2060 id
1378 2011 1419 2060 est
1442 2012 1499 2059 tam
1519 2001 1641 2074 perlecta
1664 2001 1775 2069 currite,
1803 2010 1834 2056 ut

178 2095 258 2150 malis
275 2103 402 2166 tanquam
417 2110 466 2150 sua
481 2102 573 2150 essent
583 2094 796 2151 misericorditer
806 2093 975 2164 medicando,
1026 2093 1273 2166 comprehendatis.
1289 2094 1324 2148 lit
1343 2101 1408 2148 nota
1430 2092 1504 2165 quod
1527 2090 1654 2148 convenit
1675 2091 1736 2147 haec
1759 2106 1832 2146 sen-

177 2182 239 2239 aliis
253 2199 340 2256 agens
354 2199 415 2254 quae
429 2182 482 2238 sibi
495 2182 555 2238 lieri
568 2182 660 2252 vellet,
677 2183 700 2237 si
715 2198 784 2254 opus
799 2189 881 2238 esset.
899 2181 978 2255 Cogi·
1025 2183 1109 2238 tentia
1123 2198 1186 2238 cum
1200 2182 1289 2252 prima
1303 2181 1331 2235 in
1344 2189 1430 2252 parte.

177 2279 217 2325 tat
232 2270 304 2326 anim
319 2278 348 2326 ut
371 2271 453 2327 homo
468 2287 498 2327 se
513 2286 574 2326 esse
597 2269 718 2342 potuisse
740 2270 769 2324 in
791 2270 831 2326 eis
852 2269 926 2325 vitiis
948 2269 976 2324 in
1062 2271 1159 2328 Omnis
1181 2274 1288 2337 camna,
1305 2269 1362 2338 vel,
1376 2268 1458 2324 enim.
1484 2269 1570 2338 Quasi
1584 2269 1652 2324 dicat
1668 2284 1675 2324 :
1694 2269 1764 2324 Vere
1788 2266 1833 2324 sic

176 2358 276 2431 quibus
299 2367 362 2414 sunt
382 2359 438 2414 alii.
458 2359 536 2416 Unde
550 2358 613 2414 alibi
628 2358 694 2415 dicit
710 2377 717 2413 ι
734 2359 920 2415 Conciderant
935 2363 976 2414 te·
1025 2367 1067 2414 εει
1089 2358 1240 2427 nitendum,
1269 2358 1331 2429 quia
1358 2357 1440 2414 etiam
1453 2357 1481 2412 iu
1504 2357 1602 2414 minori
1625 2358 1677 2412 hoc
1698 2363 1830 2427 apparet,

175 2447 362 2520 ipsumneet
376 2451 408 2502 tn
424 2447 544 2503 tenteris
558 2447 632 2518 (Gal.
647 2447 697 2518 vt).
1024 2447 1070 2502 ubi
1091 2463 1162 2502 unus
1191 2446 1298 2518 accipit,
1328 2446 1411 2515 euim,
1441 2445 1469 2501 id
1496 2453 1537 2502 est
1563 2445 1627 2517 quia
1654 2447 1748 2502 omnis
1775 2449 1832 2518 pua·

213 2536 401 2593 Veneti-27.
413 2535 976 2607 ——OmnicautemtociopropterEvun·
1024 2536 1180 2604 contendit,
1207 2543 1258 2590 etc.
1283 2534 1332 2590 Vel
1355 2534 1391 2588 ita
1409 2535 1519 2606 junge:
1536 2535 1577 2589 lta
1596 2533 1677 2590 facite
1704 2541 1735 2588 ut
1757 2534 1828 2598 dixi,

175 2623 291 2695 pelium,
307 2627 341 2678 nt
352 2626 496 2695 particeps
510 2625 571 2694 eins
590 2623 706 2694 efficiar.
721 2623 842 2678 Nescitis
858 2623 929 2694 qaod
944 2622 974 2678 iti
1023 2624 1083 2680 haec
1110 2630 1200 2679 autom
1224 2622 1325 2678 debere
1346 2621 1416 2688 fieri,
1440 2622 1468 2676 iu
1489 2622 1589 2678 minori
1610 2631 1734 2693 apparet,
1759 2623 1829 2694 quia

175 2713 224 2782 pai
238 2712 270 2766 in
284 2710 375 2766 stadio
390 2714 523 2775 currunt,
540 2726 635 2767 omnes
649 2711 761 2782 attidem
775 2715 909 2776 currunt,
926 2710 974 2766 sed
1023 2713 1117 2768 omnia
1129 2711 1177 2782 ani
1191 2711 1339 2768 contendit
1352 2713 1384 2766 in
1394 2727 1492 2783 namu,
1505 2711 1539 2767 alr
1551 2712 1678 2766 omnibns
1691 2727 1721 2766 re
1739 2712 1828 2766 cisti·

174 2813 250 2853 unns
264 2797 368 2868 accipit
387 2799 514 2853 bravium
526 2798 592 2854 tSie
606 2798 724 2862 currite,
744 2801 777 2852 at
792 2798 974 2869 comprehen-
1023 2803 1082 2865 net,
1100 2815 1161 2870 quae
1175 2799 1318 2870 premium
1331 2799 1427 2872 agonis
1447 2798 1615 2869 impediunt;
1631 2798 1668 2853 ita
1682 2805 1708 2854 et
1722 2813 1773 2854 vos
1789 2800 1827 2854 ab

175 2883 259 2940 datis.
277 2884 374 2941 Omnis
389 2887 544 2957 cntempsi
558 2885 688 2956 incpcne
703 2885 859 2951 contendit,
871 2886 904 2940 alr
918 2902 973 2942 om·
1023 2885 1192 2944 offendiculis
1213 2887 1318 2942 debetis
1341 2887 1489 2943 abstinere.
1507 2889 1545 2958 (l)
1565 2887 1681 2942 Atteude
1701 2887 1775 2958 quod
1790 2888 1829 2944 de

173 2973 256 3028 niteas
270 2988 299 3028 sc
313 2972 448 3041 obstinet,
464 2977 492 3028 et
513 2973 559 3028 illi
573 2973 686 3046 qnidam
710 2976 743 3029 at
757 2973 972 3044 corruptibilem
1022 2976 1105 3031 rebus
1120 2991 1174 3030 uon
1190 2975 1332 3031 laudandis
1345 2975 1488 3031 trahuntur
1502 2975 1594 3031 multae
1617 2974 1823 3044 similitudines,

172 3075 305 3117 coronam
316 3061 469 3132 accipiunt,
479 3065 635 3117 nocentem
644 3063 850 3132 incorruptam.
860 3063 914 3132 Epo
924 3063 974 3134 ipi-
988 3031 1050 3119 Out
1063 3064 1091 3118 iu
1106 3063 1256 3137 Evangelio
1271 3064 1305 3120 de
1319 3063 1412 3135 iniquo
1433 3063 1537 3133 iudice,
1552 3063 1599 3135 qui
1612 3063 1721 3118 viduam
1741 3064 1826 3120 uole-

174 3152 224 3211 tan·
237 3150 278 3206 sic
292 3164 385 3215 carro,
397 3165 455 3204 non
465 3151 545 3221 qnasi
556 3150 588 3204 in
597 3149 751 3214 incertum,
763 3149 804 3204 sic
812 3165 970 3220 pnpnonon
1020 3152 1066 3207 bat
1079 3152 1175 3208 audire
1190 3171 1198 3219 3
1216 3161 1242 3208 et
1256 3152 1291 3208 de
1305 3152 1352 3208 illo
1365 3152 1443 3223 pigro
1456 3153 1503 3224 qui
1516 3167 1571 3208 non
1586 3161 1699 3224 propter
1720 3153 1826 3208 amici-

173 3237 253 3307 ascri
267 3252 362 3292 aerem
377 3237 546 3304 verberans;
562 3236 609 3292 sed
623 3238 728 3308 castipo
742 3252 842 3308 corpas
864 3253 968 3308 meam,
1019 3240 1094 3308 tiam,
1109 3239 1158 3296 sed
1180 3239 1261 3306 taedio
1275 3240 1364 3296 rictus
1379 3255 1465 3311 panes
1486 3241 1642 3296 commodat
1655 3241 1777 3312 petenti;
1795 3251 1826 3296 et

99 3317 113 3328 ’
173 3327 204 3379 ct
216 3324 248 3378 in
262 3324 429 3380 seruitutem
444 3324 546 3396 redipo,
559 3340 595 3381 ne
609 3327 695 3395 sorte,
711 3342 776 3381 cunt
791 3325 856 3380 aliis
870 3327 971 3396 predi·
1020 3329 1048 3384 in
1062 3329 1166 3400 psalmo
1185 3329 1265 3384 detur
1289 3328 1435 3384 similitudo
1450 3329 1485 3385 de
1509 3345 1608 3397 marso,
1631 3329 1677 3402 qui
1700 3329 1827 3386 incantat

172 3413 305 3480 ravenna,
321 3413 380 3484 ipsc
394 3413 527 3485 reprobas
541 3413 657 3482 efficiar.
1019 3424 1049 3472 ut
1072 3417 1171 3474 educat
1194 3417 1318 3489 aspidem
1342 3418 1377 3473 de
1401 3417 1548 3474 tenebrosa
1569 3433 1695 3474 caverna.
1719 3419 1754 3474 Et
1780 3417 1824 3474 ita

209 3498 320 3556 Omnia.
345 3499 418 3555 Ecce
445 3515 529 3570 quare
552 3500 678 3556 omnibus
711 3517 741 3556 se
765 3510 968 3574 contemperat;
1019 3505 1082 3562 hinc
1108 3521 1164 3562 uon
1191 3506 1399 3562 commendatur
1423 3506 1585 3578 agonistica,
1610 3514 1636 3562 et
1659 3506 1774 3572 ludrica,
1794 3517 1825 3563 et

174 3585 253 3658 ¹quani
267 3586 340 3643 dicat
357 3603 363 3640 :
380 3586 515 3644 Omnibus
536 3587 628 3643 omnia
644 3587 732 3645 lactus
750 3606 820 3659 sum,
837 3599 889 3647 etc.
908 3592 970 3646 llaec
1019 3601 1110 3650 tamen
1133 3593 1196 3650 inde
1220 3593 1369 3650 similitudo
1390 3593 1515 3650 trahitur.
1535 3597 1571 3650 nt
1594 3595 1652 3652 illi.
1673 3593 1758 3662 Quasi
1771 3595 1821 3650 di-

172 3682 263 3730 autem
278 3675 369 3731 omnia
392 3675 462 3732 facio
481 3683 593 3747 propter
615 3677 812 3750 Evangelium,
828 3687 858 3735 nt
879 3687 969 3736 currat
1018 3690 1061 3738 eat
1077 3700 1083 3737 :
1102 3681 1172 3738 Vere
1194 3683 1326 3738 debemus
1349 3683 1484 3739 abstinere
1498 3683 1533 3738 ab
1552 3681 1730 3760 offendiculis,
1755 3700 1823 3739 cum

174 3761 233 3818 sine
248 3762 441 3835 impedimento
454 3781 461 3831 ;
478 3771 505 3820 ει
518 3768 551 3820 nt
564 3765 671 3836 efficiar
691 3767 834 3839 particeps
848 3767 968 3838 promis·
1016 3769 1056 3824 illi
1078 3770 1232 3826 abstineant
1246 3786 1262 3826 a
1278 3771 1429 3837 contrariis,
1455 3771 1520 3842 quia
1534 3787 1581 3827 res
1595 3771 1682 3840 major
1695 3779 1737 3827 est
1760 3771 1821 3828 hic.

177 3849 284 3906 sionum
298 3853 369 3924 ejas,
386 3851 413 3906 id
432 3859 474 3907 est
485 3850 597 3919 justitie
610 3860 637 3907 ει
658 3853 830 3910 beatitudiuis
850 3863 968 3912 aeternae.
1017 3859 1059 3926 Et,
1071 3859 1100 3914 id
1112 3860 1240 3931 estquis,
1256 3861 1302 3916 itti
1317 3861 1428 3934 qnidam
1444 3860 1606 3928 abstineant,
1622 3867 1655 3916 at
1671 3861 1821 3932 accipiant

169 3938 289 3995 Nescitis
312 3939 383 4012 qaod
407 3939 437 3996 lsi
452 3940 500 4012 pai
522 3941 554 3995 in
578 3942 679 4008 stadio,
700 3949 752 3998 etc.
775 3943 968 4016 Agonistarum
1016 3949 1229 4021 corrnptititem
1243 3965 1385 4018 coronam,
1401 3965 1453 4006 nos
1472 3953 1570 4006 autern
1584 3949 1719 4004 abstinere
1731 3949 1823 4006 debe-

168 4025 342 4082 similitudine
367 4026 486 4083 ostendit
508 4026 662 4084 laciendum
687 4029 758 4100 quod
779 4021 857 4098 dixit,
878 4032 968 4088 idest
1016 4053 1078 4092 mus
1100 4045 1129 4091 ut
1155 4036 1322 4107 accipiamus
1346 4052 1473 4093 coronam
1497 4040 1704 4112 incorruptam.
1735 4037 1820 4110 [Am-

168 4113 359 4178 abstiuendum
374 4115 410 4172 ab
426 4114 469 4170 his
484 4131 544 4187 quse
567 4117 704 4172 contraria
727 4127 799 4174 sunt.
824 4118 907 4189 Quasi
923 4119 967 4175 di·
1016 4124 1135 4197 orosius]
1157 4124 1242 4180 Nobis
1264 4125 1335 4180 enim
1362 4140 1418 4182 non
1446 4126 1561 4184 terrenis
1584 4135 1610 4183 et
1640 4141 1822 4184 marcescen-

167 4209 210 4258 cat
225 4216 232 4255 :
249 4203 362 4273 Propter
375 4203 555 4275 Evangelium
570 4204 662 4260 omnia
682 4207 812 4276 praedicta
825 4207 906 4275 facio,
923 4224 966 4263 re·
1015 4213 1088 4268 tibus
1116 4213 1246 4282 llotibus,
1276 4214 1325 4269 sed
1352 4215 1461 4271 artemis
1487 4223 1614 4272 conserta
1641 4216 1760 4289 gemmis
1789 4217 1822 4272 in

168 4296 211 4346 cte
234 4289 334 4361 utiquc,
360 4290 423 4360 quia
445 4291 498 4346 nisi
521 4291 610 4347 omnia
633 4290 724 4350 fecero
740 4295 818 4352 etab
840 4295 966 4357 omnibus
1014 4301 1124 4356 modum
1139 4301 1242 4375 regalis
1255 4301 1426 4372 diadematis,
1443 4303 1590 4375 spiritualis
1605 4319 1705 4360 corona
1718 4321 1821 4360 serra-

168 4393 230 4448 quae
245 4386 338 4434 contra
353 4387 415 4433 sunt
429 4378 596 4450 abstruero,
612 4397 666 4436 non
682 4382 789 4439 habebo
811 4384 1000 4454 praemium,1)
1015 4396 1067 4444 tur.
1082 4391 1117 4445 Et
1131 4390 1193 4461 quia
1208 4389 1267 4446 talis
1282 4405 1385 4447 corona
1400 4400 1535 4460 servatur,
1551 4395 1641 4464 tpitur
1655 4410 1702 4466 epo
1714 4395 1768 4460 sic,
1786 4395 1818 4450 id

167 4464 238 4522 sicut
251 4482 301 4536 per
315 4465 517 4522 similitudinem
528 4476 650 4538 apparet.
667 4471 788 4540 Nescitis
802 4474 879 4528 enim
894 4473 965 4546 quod
1014 4485 1054 4532 est
1078 4485 1130 4533 mm
1151 4478 1272 4551 legitime
1294 4479 1442 4551 operando,
1471 4496 1564 4550 camo,
1593 4497 1652 4538 non
1673 4483 1755 4554 pansi
1781 4484 1819 4538 in

167 4553 197 4622 lsi
211 4554 965 4630 quiinstadiocnrrunt,omnesquidemcurrnnt:ln
1013 4567 1167 4635 incertum,
1191 4567 1219 4622 id
1242 4576 1282 4623 est
1307 4576 1336 4624 ut
1362 4568 1413 4623 sim
1436 4569 1555 4626 incertus
1577 4569 1611 4625 de
1632 4571 1756 4641 praemio.
1783 4573 1819 4627 ln

166 4639 260 4697 labore
272 4641 553 4715 quidemperessunt,
565 4645 813 4720 aedanusaccipit
825 4649 962 4706 bravium.
1013 4653 1146 4710 incertum
1166 4655 1258 4721 ciarrit,
1284 4656 1331 4726 qui
1352 4655 1418 4712 talia
1440 4656 1514 4727 lacit,
1540 4665 1568 4713 ut
1590 4674 1624 4714 ex
1648 4659 1818 4731 quibusdam

165 4728 291 4786 Bravium
310 4738 352 4786 est
374 4731 515 4801 praemium
539 4748 644 4788 cursus.
670 4732 857 4808 [Augustinus]
880 4737 963 4793 Simi-
1014 4753 1138 4809 sperare,
1164 4755 1197 4795 ex
1217 4739 1276 4796 aliis
1299 4740 1386 4812 possit
1409 4741 1568 4813 desperare.
1590 4743 1648 4799 Hoc
1669 4749 1759 4800 εσιειιι
1783 4761 1818 4802 εε

166 4816 266 4887 litaret
280 4833 340 4885 vos,
366 4819 407 4874 sic
430 4821 547 4888 currite,
573 4837 623 4892 per
646 4837 728 4892 opera
750 4823 965 4897 charitatisper-
1013 4842 1068 4882 non
1091 4826 1190 4883 iecisse
1214 4827 1280 4885 dicit
1301 4828 1459 4900 Apostolus,
1485 4829 1513 4886 iu
1537 4846 1593 4903 quo
1618 4831 1695 4904 ponit
1709 4848 1740 4888 se
1754 4833 1821 4888 aliis

165 4915 325 4962 severautes
339 4923 425 4978 usquc
440 4907 468 4961 in
482 4905 574 4975 finem,
588 4913 621 4964 ut
636 4911 881 4982 comprehendatis
896 4913 963 4970 bra·
1013 4913 1041 4968 in
1056 4915 1220 4987 exemplum.
1237 4918 1282 4974 Sic
1295 4934 1400 4990 peyna,
1424 4926 1518 4975 contra
1538 4919 1642 4987 hostes,
1657 4937 1715 4977 non
1729 4923 1816 4994 peuri

164 4991 237 5066 vium
265 5001 376 5050 aeterne
403 4994 566 5052 vocationis.
599 4997 648 5052 Vel
680 4998 726 5068 ita,
754 5001 876 5069 nescitis,
903 5011 959 5059 etc.
1012 5019 1107 5059 cerem
1120 5004 1279 5072 verteras,
1295 5004 1322 5060 id
1338 5013 1377 5062 est
1393 5022 1449 5062 uon
1464 5006 1564 5078 verbis,
1580 5008 1629 5064 sed
1645 5009 1729 5064 rebus
1744 5025 1819 5066 con-

166 5079 346 5156 [Ambrosius]
370 5082 496 5140 Ostendit
515 5084 567 5141 hoc
591 5085 715 5156 exemplo
734 5097 834 5159 quanta
854 5092 963 5147 estuti-
1012 5091 1104 5159 teudo,
1128 5093 1172 5148 vel
1194 5109 1249 5149 non
1272 5093 1388 5150 inaniter
1413 5111 1516 5169 pugno,
1540 5102 1568 5152 ut
1593 5098 1639 5170 qui
1661 5113 1713 5168 pro
1735 5098 1819 5156 hosts

163 5168 225 5240 litas
239 5169 310 5244 legis
324 5179 436 5243 uostrae,
448 5171 474 5226 iu
490 5188 544 5244 qua
559 5188 613 5228 uon
626 5174 682 5239 uui,
695 5176 744 5231 sed
758 5178 885 5234 omuibus
899 5196 964 5251 pro-
1012 5177 1075 5235 lerit
1088 5195 1188 5251 aerem,
1205 5182 1253 5238 sed
1267 5185 1373 5256 costipo
1387 5200 1489 5256 corpas
1504 5201 1609 5256 mrem,
1625 5185 1652 5240 id
1666 5194 1709 5242 est
1723 5188 1816 5258 repri-

162 5257 246 5333 missa
270 5267 310 5316 est
334 5259 434 5332 palma,
458 5261 532 5333 quod
555 5276 609 5318 uon
624 5261 653 5318 in
676 5261 722 5320 illo
745 5264 844 5334 stadio,
866 5267 894 5322 in
916 5267 963 5326 illo
1011 5282 1058 5326 mo
1067 5267 1176 5325 illicitos
1186 5278 1276 5328 motus
1284 5271 1418 5344 corporis,
1432 5277 1460 5330 et
1475 5274 1508 5330 in
1522 5275 1688 5332 servitutem
1696 5275 1814 5334 rationis
1840 5297 1844 5304 ·

197 5433 237 5506 (a)
255 5436 413 5508 Auentinus,
426 5440 450 5491 iu
462 5440 525 5508 psal.
538 5453 626 5496 aratu.
1044 5444 1081 5512 il)
1099 5445 1148 5510 ld„
1160 5447 1186 5502 ia
1198 5449 1260 5514 ital·
1274 5461 1334 5502 arta.
