3866 6176
716 1 977 10 —ffi—..q-

127 209 198 266 toto
299 201 309 218 “
464 201 720 260 COLLECTANEA
739 199 776 257 ΙΝ
794 198 904 256 beist.
925 199 960 255 Ι).
980 199 1093 257 esunt.
1109 231 1144 244 -
1159 203 1198 260 IN
1215 205 1269 260 ΕΡ.
1286 205 1299 259 Ι
1316 205 1365 262 ΑΙ)
1384 203 1465 264 coti.
1724 211 1792 264 1690

125 335 213 391 sunus
228 329 394 404 spirituales,
419 327 539 385 ostendit
559 327 689 396 subdens,
709 326 820 400 primns
842 325 933 383 bomo.
950 323 1051 398 edici,
1069 327 1158 398 aperit
1173 329 1304 398 subdens,
1322 347 1411 404 neque
1435 331 1585 404 corruptio,
1600 331 1680 404 quasi
1694 331 1792 390 dieat:

128 422 215 492 Quasi
229 421 302 476 dicat
319 437 325 474 :
341 419 414 474 Vere
432 416 538 489 primus
556 417 640 472 horno
662 414 749 471 iactus
772 421 815 471 εει
828 415 856 470 in
871 413 932 468 ani·
983 414 1049 470 ldeo
1064 415 1120 470 dixi
1136 418 1210 489 quod
1225 433 1292 475 caro
1307 425 1334 475 et
1349 419 1464 493 sanguis
1482 435 1539 475 non
1552 419 1731 492 possidebunt
1745 436 1793 477 re-

129 527 203 567 mam
223 509 372 576 viventem,
396 505 461 578 quia
480 504 587 577 primus
611 505 695 560 bomo
721 510 763 560 est
786 503 820 560 de
844 506 931 570 terra,
984 519 1069 576 gnum
1083 503 1144 568 Dei,
1161 506 1226 578 quie
1248 507 1387 579 corruptio
1409 508 1670 582 mortalitatisque
1683 507 1794 566 nomine

129 598 204 672 quod
214 598 249 653 de
258 597 372 669 pulvere
383 593 606 650 terraelormatus
614 601 665 661 est,
676 591 770 649 etidco
780 591 863 648 etiam
874 594 934 648 ter·
984 591 1076 649 cernis
1090 591 1136 649 hie
1150 593 1312 662 ostenditur,
1324 611 1382 653 non
1393 597 1544 669 possidebit
1558 599 1795 672 incorruptelam,

130 703 227 754 renna,
239 686 267 741 id
282 693 324 740 est
339 682 466 739 animalis
475 689 502 738 et
516 681 656 755 passibilis
671 698 703 738 er
713 681 935 737 naturaseenn·
985 680 1011 736 id
1028 687 1070 737 est
1084 681 1292 753 incorruptibile
1315 699 1442 755 regnum.
1459 686 1494 740 Et
1521 685 1585 756 quia
1612 685 1679 740 dixit
1693 685 1796 743 eleetos

130 777 183 832 das
198 781 240 831 εει
261 776 342 831 bomo
367 771 455 828 iactus
474 771 502 826 in
526 771 651 844 spiritum
666 768 857 838 vivificantem,
873 768 936 841 quia
985 779 1190 827 resurrecturos
1217 770 1247 825 in
1275 770 1373 845 gloria,
1404 779 1431 827 ει
1454 781 1517 844 post
1538 773 1605 829 dixit
1630 789 1742 831 carnem
1770 786 1798 833 et

131 862 269 922 secundus
284 863 367 918 bomo
382 868 424 916 est
438 860 472 916 de
487 860 565 927 coelo,
583 857 647 932 quia
661 865 757 914 natura
781 856 873 914 divina
886 855 937 912 luit
987 857 1150 932 sanguinem
1163 874 1219 915 uon
1232 858 1376 932 possidere
1386 875 1505 932 regnum
1514 860 1575 928 Dei,
1591 863 1729 934 quomodo
1743 863 1796 920 hoc

134 953 260 1007 humanae
274 949 359 1020 unita,
383 955 410 1005 et
432 947 495 1004 ideo
520 946 651 1014 coelestis,
673 946 702 1002 id
722 953 763 1002 est
786 943 937 1018 spiritualis
987 947 1212 1022 distinguendum
1227 947 1271 1015 sit,
1288 948 1386 1019 aperit.
1401 949 1435 1003 Et
1450 948 1682 1021 quasiquisdieat
1699 970 1706 1006 :
1724 950 1799 1020 Quo.

93 1087 96 1094 .
134 1041 162 1095 in
183 1039 398 1094 resurrectione.
425 1035 476 1093 Vel
489 1035 609 1092 eoelestis
623 1034 731 1104 dieitur,
748 1034 796 1106 qui
809 1049 864 1090 non
882 1035 938 1088 hu·
989 1036 1072 1092 modo
1088 1051 1154 1093 earo
1168 1036 1230 1107 erit,
1247 1042 1274 1092 et
1291 1051 1356 1093 earo
1383 1051 1438 1092 non
1467 1037 1541 1092 erit?
1556 1037 1666 1108 exponit
1681 1037 1796 1095 dicens:

135 1127 298 1197 memerito,
321 1127 371 1183 sed
395 1124 488 1182 divino
501 1131 567 1180 nutu
583 1130 733 1195 conceptus
749 1129 791 1180 est
806 1130 832 1179 et
845 1130 936 1178 natus.
989 1126 1059 1182 Ecce
1073 1125 1144 1193 dieo,
1161 1124 1189 1180 id
1215 1132 1257 1181 est
1288 1125 1382 1196 aperio
1410 1125 1484 1181 vobis
1508 1127 1685 1198 mysterium,
1702 1125 1730 1181 id
1758 1134 1800 1183 εει

138 1217 236 1284 Qualis
250 1221 342 1270 autem
368 1218 507 1280 terrenus,
527 1219 607 1284 pater
629 1210 689 1281 luit,
712 1210 741 1267 id
756 1217 798 1267 est
812 1209 939 1267 anbnalis
993 1211 1123 1285 quiddam
1153 1213 1226 1286 quod
1265 1211 1343 1269 vobis
1371 1219 1413 1268 εει
1442 1212 1587 1269 oecultum.
1616 1212 1800 1289 [Ambrosius]

137 1311 164 1361 et
176 1302 312 1369 mortalis,
330 1303 401 1358 tales
412 1305 441 1357 et
449 1300 569 1368 terreni,
581 1299 686 1358 scilieet
696 1299 828 1356 animales
838 1315 872 1354 ex
882 1297 940 1352 ani·
989 1300 1165 1357 Nominando
1180 1301 1254 1357 enim
1268 1301 1427 1373 mysterium
1441 1301 1638 1358 obscuritatem
1653 1301 1797 1372 signifieat.

138 1391 213 1460 muli,
238 1389 367 1446 mortales
391 1405 424 1444 ex
447 1387 567 1444 mortali.
593 1389 630 1443 lit
649 1388 742 1461 qualis
763 1394 805 1444 est
818 1386 940 1444 celestis
990 1389 1062 1444 Nam
1088 1389 1251 1462 mysterium
1276 1389 1403 1447 Graecum
1428 1397 1479 1457 est,
1497 1390 1571 1462 quod
1593 1391 1688 1446 Latine
1702 1390 1802 1448 dicitur

139 1481 230 1544 Pater,
252 1478 279 1532 id
302 1484 344 1533 est
365 1476 514 1549 spiritualis
528 1485 556 1533 et
569 1475 740 1544 immortalis,
756 1477 839 1546 tates,
856 1474 884 1530 id
900 1481 941 1530 est
992 1484 1139 1545 secretum,
1155 1477 1200 1534 rel
1214 1478 1350 1535 occultum
1367 1497 1373 1533 :
1391 1478 1464 1551 quod
1484 1486 1526 1535 est
1538 1479 1616 1547 illud,
1631 1479 1684 1536 hoc
1697 1479 1800 1538 seilicet

142 1566 296 1639 spirituales
319 1573 346 1621 et
361 1564 531 1620 immortales
553 1571 640 1634 erunt,
664 1567 694 1621 et
719 1565 857 1632 celestes,
877 1562 942 1635 quio
992 1567 1066 1640 quod
1080 1583 1176 1624 omnes
1189 1567 1314 1623 homines
1337 1576 1393 1622 tam
1408 1567 1473 1623 boni
1488 1583 1571 1641 quam
1590 1567 1656 1623 mali
1671 1585 1801 1643 resurge·

142 1655 212 1710 tales
231 1661 311 1710 erunt
331 1652 469 1709 coelestes.
492 1653 593 1724 igitar,
609 1659 639 1708 ut
652 1651 791 1724 possimus
805 1666 867 1708 esse
881 1665 978 1743 ete-B
992 1673 1066 1712 mas.
1083 1653 1202 1728 [licimo]
1216 1655 1275 1712 Hoc
1289 1655 1454 1728 generaliter
1476 1655 1646 1730 intelligitur,
1664 1656 1688 1711 si
1701 1656 1803 1714 dixeri·

141 1745 225 1800 testes
239 1745 315 1799 nont
325 1741 501 1815 portavimus
511 1741 666 1814 imaqinem
678 1741 796 1812 terrent,
812 1739 942 1813 [Ambro-
991 1760 1063 1814 mus,
1079 1743 1240 1816 quinetiam
1265 1743 1351 1800 saneti
1363 1744 1418 1802 vivi
1441 1744 1540 1816 reperti
1556 1744 1664 1801 Christo
1676 1746 1803 1804 veniente

142 1831 210 1904 sius]
225 1831 253 1886 id
271 1838 313 1886 est
330 1830 399 1887 sieut
422 1829 548 1901 exemplo
568 1829 635 1886 bdae
656 1837 764 1885 terrena
784 1827 940 1896 dileximus,
992 1831 1152 1890 morientur.
1170 1832 1215 1888 Sic
1230 1832 1303 1889 enim
1331 1849 1479 1907 resurgere
1507 1841 1645 1904 poterunt.
1669 1835 1726 1906 (27)
1740 1835 1803 1892 Non

142 1921 179 1975 ita
193 1927 221 1976 et
235 1927 297 1990 post
307 1917 482 1989 baptismum.
649 1934 653 1943 ·
992 1921 1066 1978 enim
1081 1920 1247 1978 resurreetio
1261 1919 1321 1976 fieri
1335 1921 1443 1993 poterit,
1455 1921 1509 1976 nisi
1528 1939 1603 1978 mors
1617 1923 1800 1994 praecesserit.

180 2010 329 2065 Portemus
343 2007 499 2078 tmapinem
519 2007 648 2076 celestes,
669 2005 798 2061 sectando
810 2003 944 2076 justitiam
994 2010 1024 2066 si
1038 2025 1107 2082 ergo
1121 2016 1231 2066 sanctos
1244 2009 1291 2082 qui
1305 2009 1478 2081 reperientur
1498 2009 1605 2067 Christo
1619 2011 1746 2067 veniente
1760 2012 1804 2068 vi-

144 2103 172 2153 ει
185 2096 339 2163 veritatem,
356 2102 383 2150 ει
397 2094 594 2150 obedientiam.
609 2095 665 2151 llac
679 2098 776 2150 autem
791 2093 862 2164 dico,
878 2100 943 2163 eto,
993 2105 1099 2166 ventes,
1129 2097 1209 2171 eique
1236 2097 1345 2154 obviam
1371 2098 1529 2170 rapientur,
1559 2098 1758 2154 crediderimus
1776 2099 1805 2155 in

146 2185 222 2258 quasi
237 2183 309 2240 dicat
325 2201 332 2238 :
350 2183 417 2240 Dico
431 2190 460 2238 ut
478 2190 619 2255 portemus
641 2182 791 2256 imaginem
805 2181 943 2249 eoelestisr
994 2186 1092 2243 eodem
1106 2193 1185 2258 raptu
1202 2186 1238 2242 de
1259 2185 1421 2242 mortalibus
1444 2185 1605 2258 corporibus
1625 2186 1755 2253 exituros,
1779 2203 1807 2256 er

146 2273 196 2330 sed
211 2273 235 2328 si
257 2288 312 2328 non
334 2271 542 2344 portaverimus,
563 2285 618 2327 non
641 2270 744 2328 erimus
767 2261 907 2340 coelestes}
920 2277 947 2326 et
995 2275 1030 2331 ed
1058 2274 1154 2331 eedem
1182 2289 1247 2330 mox
1279 2273 1441 2330 immortalia
1468 2273 1615 2340 redituros,
1640 2273 1809 2348 generaliter

146 2363 199 2419 hoc
213 2360 339 2433 estquod
354 2359 428 2416 dicit.
445 2361 500 2418 lloo
515 2363 613 2416 antem
629 2359 785 2427 discoobis,
803 2362 945 2432 osratres,
997 2364 1098 2420 dictum
1112 2379 1174 2419 esse
1188 2363 1241 2420 hoe
1263 2363 1390 2434 accipere
1414 2377 1571 2434 possumus,
1593 2361 1698 2419 scilicet
1711 2379 1808 2420 omnes

147 2451 283 2524 quoniam
292 2465 358 2506 earo
372 2453 400 2505 et
409 2448 536 2520 sanguia
548 2448 577 2503 id
588 2455 630 2504 est
639 2448 766 2504 homines
777 2447 862 2504 dediti
875 2446 949 2504 vitiis
998 2466 1186 2524 resurgemus,
1199 2453 1248 2507 sed
1258 2467 1316 2507 non
1325 2450 1681 2507 omnesimmatabimnrin
1691 2450 1808 2523 gloriam

150 2553 212 2612 quae
226 2537 262 2594 de
275 2553 358 2594 carne
372 2545 398 2593 et
412 2535 544 2610 sanguine
558 2535 690 2606 oriuntur,
700 2553 759 2593 non
766 2537 950 2609 possidebant
998 2538 1222 2595 immortalitatis.
1251 2536 1434 2610 [Ambrosius]
1458 2537 1507 2593 Vel
1522 2537 1576 2607 ita,
1592 2553 1688 2594 omnes
1716 2555 1809 2595 resur-

150 2642 270 2698 repnam
280 2627 339 2692 Dei,
356 2633 383 2680 ει
396 2641 470 2692 vere,
487 2623 550 2697 quia
564 2623 821 2696 eorreptiopeceati
838 2629 951 2696 quaeest
1000 2643 1107 2702 gemus,
1125 2627 1230 2684 seilicet
1245 2626 1333 2699 quiin
1356 2626 1473 2682 adventu
1494 2625 1594 2680 Christi
1615 2625 1715 2683 mortui
1732 2627 1809 2685 inve-

147 2711 261 2768 effectas
277 2711 367 2766 earnis
381 2718 408 2764 ει
432 2711 585 2782 sanguinis,
610 2711 638 2763 id
662 2718 704 2764 est
716 2710 815 2780 aliquis
828 2711 952 2764 serviens
999 2715 1118 2771 niemur.

150 2797 318 2870 corruptioni
332 2797 951 2870 peceati,neqnspassidebtttncorraptetam,
1048 2801 1102 2858 Sed
1134 2817 1190 2857 non
1213 2817 1318 2868 ornnes,
1344 2801 1399 2858 vivi
1432 2802 1536 2874 reperti
1557 2802 1761 2858 immutabimur
1782 2804 1812 2858 in

150 2886 178 2942 id
193 2892 235 2942 est
257 2901 287 2941 se
312 2885 503 2941 immortalem.
528 2884 579 2941 Vel
602 2884 713 2940 nomine
732 2884 820 2941 carnis
844 2891 871 2940 et
887 2899 953 2940 sen·
1003 2887 1130 2963 gloriam,
1146 2887 1196 2942 sed
1224 2886 1276 2943 soli
1298 2888 1383 2943 sancti
1409 2888 1470 2943 Dei.
1493 2890 1682 2961 Resurgemus
1697 2890 1769 2958 diac,
1786 2898 1813 2947 et

152 2973 243 3048 guinis
253 2973 298 3030 hie
317 2972 415 3044 accipit
430 2989 513 3045 opera
528 2973 629 3030 carnis.
648 2974 824 3029 Peroamem
840 2971 955 3028 enimet
1004 2977 1056 3031 hoe
1070 2977 1103 3031 in
1123 2979 1275 3045 marcente,
1302 2974 1420 3048 [Haimo]
1436 2975 1463 3031 id
1488 2982 1529 3031 est
1552 2976 1581 3031 in
1608 2977 1771 3034 brevissimo
1787 2995 1813 3051 eq

152 3061 314 3136 sanguinem
330 3069 453 3118 ventrem
469 3069 496 3118 et
506 3060 657 3128 libidinem,
669 3061 698 3117 id
712 3068 754 3118 εει
764 3075 849 3133 opera
863 3060 953 3117 earnis
968 3029 1117 3119 Gminimo
1129 3071 1156 3118 et
1168 3062 1364 3136 angustissimo
1387 3063 1519 3134 temporis
1544 3064 1641 3135 spatio.
1658 3066 1692 3121 Et
1707 3066 1772 3138 qaia
1784 3066 1812 3121 in

151 3167 215 3224 quae
228 3151 265 3206 ibi
279 3166 333 3206 non
349 3157 439 3218 erunt,
457 3149 605 3224 significat,
617 3149 715 3206 nolens
725 3165 773 3206 eos
784 3149 913 3205 arbitrari
923 3165 954 3206 se
1004 3159 1145 3209 momento
1160 3159 1202 3207 est
1216 3166 1304 3217 mora,
1316 3150 1379 3207 lieet
1389 3150 1490 3217 brevis,
1505 3151 1589 3219 addit,
1606 3153 1637 3208 in
1649 3153 1711 3210 ictn
1725 3156 1811 3225 ocati,

153 3239 221 3296 talia
242 3238 364 3296 facturos
386 3238 415 3293 in
442 3253 530 3310 regno
553 3238 697 3305 coelcrum,
723 3237 814 3312 qualis
836 3237 904 3294 bunt
926 3237 954 3292 in
1004 3241 1033 3296 id
1049 3247 1090 3296 est
1105 3255 1187 3312 quam
1202 3239 1257 3294 cito
1271 3238 1367 3294 oculus
1381 3238 1437 3304 icit,
1454 3237 1482 3294 id
1497 3247 1539 3294 est
1553 3240 1669 3311 pereutit
1683 3241 1752 3308 visa,
1770 3249 1814 3304 vel

152 3331 206 3385 heo
220 3327 285 3398 vita,
301 3327 370 3382 sicut
383 3326 470 3382 Judaei
484 3326 626 3398 putabant.
637 3326 695 3399 (Ξὸ)
709 3326 796 3382 ludaei
807 3326 881 3382 enirn
895 3341 956 3382 cre-
1005 3324 1087 3380 ioitur
1101 3338 1117 3379 a
1130 3322 1272 3395 palpebra,
1283 3322 1311 3377 id
1321 3329 1362 3377 εει
1375 3321 1403 3376 in
1414 3323 1679 3379 summeceleritute.
1689 3324 1815 3398 [Ambro-

155 3417 258 3473 debant
286 3414 403 3470 laturam
431 3415 670 3483 resurrectionem,
695 3415 744 3470 sed
769 3430 847 3470 more
875 3415 956 3484 hujus
1007 3411 1074 3484 sius]
1102 3412 1156 3466 Per
1180 3411 1265 3467 ictum
1292 3411 1366 3465 enim
1394 3410 1467 3466 cauli
1504 3411 1615 3470 nimiam
1656 3413 1816 3469 brevitatem

156 3505 220 3562 vitae
233 3512 262 3560 ut
275 3503 312 3558 ibi
326 3503 461 3559 nuberent
475 3511 502 3558 et
515 3510 691 3577 generarent.
706 3503 785 3559 Unde
800 3502 957 3560 Saddueceis
1007 3499 1164 3571 significat,
1189 3507 1219 3554 ut
1240 3515 1292 3571 per
1320 3499 1373 3555 hoe
1397 3497 1549 3555 mirabilior
1572 3501 1732 3556 ostendatur
1754 3517 1816 3558 esse

155 3592 325 3664 respondere
339 3607 395 3647 non
408 3599 534 3663 poterant
548 3592 727 3664 questionem
741 3591 958 3663 proponentibus
1007 3587 1183 3656 resurreetio,
1200 3594 1227 3642 ει
1242 3586 1293 3642 Ilei
1307 3587 1425 3657 potentia
1449 3603 1483 3643 ex
1505 3588 1564 3657 ejus
1586 3589 1724 3645 celeritate
1738 3605 1817 3647 eorn-

158 3683 193 3738 de
218 3680 381 3753 septemvira
405 3679 518 3736 muliere
544 3680 656 3749 (llattb.
673 3682 757 3751 xxii),
773 3680 836 3751 quia
855 3694 957 3735 carna-
1007 3676 1165 3732 mentietur.
1188 3674 1247 3730 Fiet
1272 3689 1340 3747 ergo
1363 3675 1548 3743 resurreetio,
1564 3675 1593 3738 in
1614 3677 1668 3732 ictu
1683 3677 1773 3746 oculi,
1788 3677 1818 3734 id

160 3769 272 3826 litarde
292 3769 495 3825 resurreetione
522 3768 689 3841 cogitabant.
715 3766 794 3838 Quod
812 3767 959 3840 Apostolus
1010 3773 1052 3822 est
1084 3779 1164 3836 quam
1189 3762 1241 3819 cito
1269 3761 1340 3819 oculi
1360 3761 1452 3818 radius
1476 3763 1571 3817 transit
1586 3763 1621 3817 ad
1649 3772 1765 3832 remota,
1792 3775 1818 3822 et

160 3865 284 3914 removet
298 3857 412 3913 dicens:
429 3859 484 3913 llos
499 3861 607 3913 antem.
624 3855 708 3924 Quasi
721 3855 793 3913 dicat
810 3874 817 3911 :
833 3857 874 3911 Ex
888 3872 959 3926 praa·
1009 3852 1159 3909 transvolat
1172 3851 1282 3918 media,
1298 3849 1348 3906 etsi
1376 3849 1411 3906 sit
1435 3849 1472 3905 ibi
1495 3850 1569 3923 prius
1584 3859 1610 3906 ει
1623 3861 1705 3924 post,
1726 3862 1820 3910 tamen

159 3946 241 4004 dietis
259 3953 365 4002 constat
387 3945 460 4016 quod
484 3960 671 4019 resurgemus.
692 3945 751 4001 iloc
772 3951 864 4000 sutem
886 3945 958 4010 dieo,
1011 3941 1089 4014 quasi
1105 3939 1186 3995 simul
1209 3947 1295 3994 totum
1312 3937 1357 4006 sit,
1374 3939 1453 3995 sicet
1474 3939 1638 3996 resurrectio
1653 3949 1818 3998 mortuorum

160 4039 279 4107 tratres,
296 4037 363 4107 qnia
379 4049 446 4090 caro
460 4037 489 4089 et
503 4034 630 4106 sangnis,
645 4033 673 4087 id
684 4041 725 4089 est
735 4048 819 4105 opem
829 4032 920 4090 earnis
934 4039 962 4088 ει
1010 4029 1065 4086 iiet.
1086 4031 1120 4084 Et
1135 4030 1187 4084 boc
1199 4027 1255 4094 iret,
1272 4029 1304 4084 ia
1321 4028 1386 4083 tuba
1397 4029 1560 4092 nouissima,
1572 4028 1601 4082 id
1612 4036 1653 4084 εει
1663 4045 1712 4100 per
1727 4031 1820 4086 tubam

160 4122 314 4198 sanguinis,
331 4140 388 4180 non
401 4121 583 4196 possidebant
598 4138 719 4194 regnam
731 4123 791 4190 Dei,
809 4121 836 4177 id
851 4129 961 4176 estnon
1013 4126 1040 4175 et
1055 4133 1104 4190 per
1118 4133 1214 4173 vocem
1230 4131 1369 4190 magnam,
1392 4115 1436 4172 vol
1461 4115 1650 4184 manifestam,
1673 4125 1820 4191 postquam

160 4219 243 4269 erunt
257 4211 284 4266 in
300 4227 385 4284 regno
400 4209 463 4266 Dei.
477 4211 512 4265 Et
519 4225 586 4266 vere
596 4225 661 4278 non,
672 4209 735 4283 quia
745 4213 889 4283 compito
903 4225 964 4267 ear
1013 4223 1068 4263 non
1083 4206 1135 4262 erit
1150 4205 1211 4260 alia.
1226 4207 1308 4261 istest
1324 4221 1421 4259 sensus
1437 4204 1628 4262 :Resurrectio
1643 4204 1689 4261 liet
1703 4207 1731 4262 in
1745 4207 1820 4276 tuba,

161 4300 216 4370 nis,
232 4300 309 4369 cujus
319 4307 406 4370 opera
414 4298 540 4367 subtilla,
552 4315 610 4355 non
619 4298 771 4370 possidebit
780 4300 963 4371 incorrupte·
1014 4295 1043 4351 id
1058 4301 1099 4350 est
1111 4293 1261 4350 novissimo
1276 4293 1365 4365 signo,
1388 4293 1460 4366 quod
1483 4293 1602 4361 dabitur,
1618 4302 1648 4349 ut
1670 4294 1721 4350 ista
1744 4311 1822 4352 com-

164 4391 235 4454 tam,
264 4387 291 4442 id
315 4395 431 4443 estnon
453 4386 503 4442 erit
526 4386 555 4442 in
573 4402 660 4459 reguo
683 4387 889 4458 incorruptibili.
907 4379 1001 4459 (2th
1016 4383 1150 4455 pleantur.
1161 4383 1225 4438 llaec
1240 4382 1305 4436 tuba
1316 4388 1355 4436 est
1364 4381 1467 4437 clamor
1477 4382 1511 4437 de
1521 4398 1574 4453 quo
1585 4382 1684 4438 dieitur
1694 4383 1721 4437 in
1729 4384 1822 4440 Evan-

164 4477 216 4534 Vei
245 4475 334 4532 carnis
369 4483 396 4531 et
425 4474 566 4548 sauguinis
589 4475 709 4543 nornine,
738 4475 801 4548 ipsa
828 4476 965 4547 corruptio
1015 4471 1199 4544 geliozbicdio
1217 4475 1301 4528 noete
1316 4472 1424 4527 clamor·
1442 4475 1537 4542 [actas
1553 4475 1604 4540 est,
1627 4489 1823 4544 eccosponsas

162 4565 255 4622 earnis
264 4572 291 4618 ει
305 4563 447 4636 sanguinis
462 4562 630 4634 intelligitur,
648 4579 709 4635 quae
728 4563 821 4634 utique
835 4563 863 4618 in
877 4579 965 4637 regno
1015 4561 1104 4626 venit,
1121 4561 1200 4615 exite
1215 4559 1358 4615 obuiomei
1372 4558 1486 4630 (llattb.
1502 4559 1582 4629 xxv).
1594 4559 1768 4630 (ttttldemin
1779 4577 1822 4618 εο,

163 4653 213 4710 illo
228 4668 282 4707 non
296 4653 357 4718 erit,
374 4651 419 4730 ubi
435 4667 500 4707 caro
514 4650 728 4722 incorruptibilis
739 4651 801 4707 erit.
820 4653 883 4708 Non
898 4668 966 4725 ergo
1015 4649 1078 4703 Non
1093 4647 1165 4703 enim
1180 4655 1242 4703 tunc
1252 4646 1343 4703 veniet
1359 4662 1420 4703 eum
1431 4654 1563 4717 speratur,
1575 4648 1624 4702 sed
1634 4648 1823 4716 medienoete,

165 4743 208 4799 sio
221 4739 412 4812 accipiendum
428 4740 556 4812 estquod
571 4739 608 4795 ait
618 4739 775 4811 Apostolus,
786 4741 866 4812 quasi
876 4741 967 4797 carnis
1017 4736 1045 4791 id
1061 4744 1102 4792 est
1116 4752 1178 4792 cum
1193 4735 1272 4792 valde
1287 4735 1433 4790 obscurum
1444 4735 1507 4802 erit,
1522 4735 1550 4790 id
1565 4743 1607 4790 est
1621 4737 1765 4804 ocerrltum,
1782 4755 1827 4794 ve.

166 4829 319 4887 substantia
341 4829 369 4883 in
389 4845 475 4901 reguo
490 4828 540 4884 Dei
556 4844 610 4884 non
625 4827 660 4883 sit
673 4827 770 4884 futura.
786 4830 820 4884 Et
834 4830 886 4885 boe
901 4838 942 4886 est
959 4848 965 4884 :
1017 4825 1083 4880 niet.
1098 4825 1133 4878 Et
1142 4823 1220 4896 quasi
1227 4824 1288 4896 quis
1298 4831 1433 4896 quaereret
1450 4839 1457 4876 τ
1472 4825 1514 4878 An
1524 4823 1575 4878 erit
1590 4824 1695 4879 sonus?
1707 4826 1828 4897 Respon-

165 4920 226 4976 lloe
240 4927 340 4974 autem.
358 4917 442 4986 Quasi
456 4917 527 4973 dicat
540 4931 547 4971 τ
561 4917 674 4972 Constat
688 4917 762 4989 quod
777 4933 964 4990 resurgemus.
1017 4914 1063 4969 det
1078 4929 1084 4967 :
1101 4913 1210 4984 Utique.
1227 4913 1312 4968 Cauet
1324 4912 1396 4967 enim
1412 4911 1485 4966 tuba.
1503 4912 1586 4968 Tubae
1601 4913 1710 4968 nomine
1725 4913 1829 4987 aliquid

167 5009 227 5063 Hoc
242 5014 332 5062 sutem
348 5005 419 5073 dico,
436 5004 543 5072 iratres,
555 5005 618 5078 quia
629 5020 695 5062 caro
710 5013 736 5061 et
743 5006 865 5079 sanguis,
881 5007 910 5062 id
925 5015 968 5062 est
1018 5001 1130 5058 evidens
1136 5008 1162 5056 ει
1173 4999 1334 5073 praeclarum
1345 4999 1501 5074 significare
1509 4999 1675 5071 intelligitur,
1688 5003 1762 5073 quod
1776 5019 1829 5059 vox

168 5096 311 5167 corruptio
334 5095 425 5152 earnis
445 5101 472 5149 et
491 5093 641 5166 sanguinis,
656 5110 712 5150 non
727 5094 907 5166 possidebunt
920 5112 969 5152 re·
1020 5089 1189 5163 archangeli,
1206 5097 1232 5144 et
1247 5088 1311 5144 tuba
1325 5087 1376 5144 Dei
1403 5087 1468 5143 alibi
1491 5089 1597 5158 dieitur,
1615 5097 1640 5144 ει
1659 5105 1711 5145 vox
1729 5090 1829 5146 Christi

168 5201 254 5259 gnum
270 5184 330 5240 Dei.
347 5184 381 5237 Et
391 5199 426 5239 ne
440 5189 550 5254 putares
560 5183 711 5239 seeundum
721 5183 903 5240 substantiam
917 5186 972 5242 hoe
1022 5178 1050 5234 in
1064 5177 1215 5251 Evangelio
1229 5176 1337 5233 dieitur.
1360 5174 1448 5245 Quam
1471 5177 1582 5233 audient
1603 5176 1714 5248 mortui,
1738 5179 1827 5252 quiin

217 5363 251 5415 25
281 5365 356 5426 bug,
369 5363 394 5413 ia
407 5373 483 5414 serm.
495 5364 530 5414 lle
543 5361 626 5425 requie
638 5363 734 5416 mortis.
1059 5358 1116 5426 (nt)
1136 5359 1184 5426 id,
1197 5361 1232 5412 ite
1244 5359 1344 5411 civitate
1357 5360 1412 5411 bei.

218 5431 252 5481 ιθ
281 5430 329 5494 ld,
342 5430 368 5480 ia
380 5429 423 5480 lib.
437 5430 575 5482 denuctat.
1062 5426 1116 5493 (28)
1136 5427 1425 5491 immorerentur.

282 5623 403 5679 Person.
426 5622 519 5680 cxci.
