3906 6056
165 97 230 152 ttut
498 89 752 151 commutabat
770 93 808 150 IN
826 91 935 150 hulst.
955 93 989 150 ι).
1010 91 1127 150 etuti.
1146 123 1181 134 -
1196 93 1234 148 IN
1251 91 1306 149 ΕΡ.
1326 92 1375 151 ΔΙ)
1393 92 1479 151 hott.
1745 99 1814 174 atta

165 219 242 288 dixit,
256 217 393 276 laboranti
407 216 543 285 subvenit,
552 216 686 275 victorem
696 216 847 274 coronabit.
859 215 962 290 [Orig.‚
972 218 1002 280 A
1014 222 1077 273 cato
1090 223 1120 272 nt
1134 226 1230 290 regnet
1242 217 1343 291 qratia,
1361 218 1410 275 sed
1424 218 1512 292 potius
1526 219 1676 294 peripsam
1696 221 1813 296 gratiam

165 305 312 381 ambros]
334 305 383 364 Vel
402 305 637 378 superabundavit
654 306 751 381 matis,
768 306 830 380 quia
844 321 901 362 non
915 321 963 362 so-
1015 305 1162 374 debemus,
1179 313 1206 362 et
1229 321 1385 378 possumus,
1402 316 1515 379 peccato
1529 325 1591 366 esse
1606 309 1686 382 quasi
1713 310 1815 367 mortui

164 396 255 454 lama
274 394 420 468 preteritis
443 394 563 467 peccetis
587 395 713 465 absolvit,
729 411 826 451 verum
851 393 964 451 etisma
1014 400 1040 448 et
1054 393 1164 466 sepulti,
1185 401 1211 450 et
1225 399 1373 470 resurgere
1395 395 1568 467 injustitiam
1583 399 1669 470 ipsius
1684 399 1712 454 in
1729 399 1813 455 vitam

164 485 264 542 futuris
278 483 454 542 commonuit.
472 485 522 540 Vel
537 483 780 556 superabundavit,
798 483 862 556 quia
876 482 963 557 gratia
1013 488 1157 538 aeternam.
1173 481 1252 554 Quod
1268 493 1469 556 consequenter
1483 487 1602 543 ostendit
1616 487 1773 558 Apostolus,
1786 495 1813 544 et

165 574 272 642 Christi,
289 573 370 630 etiam
384 573 427 628 his
442 569 550 644 prolicit
564 588 636 644 quos
650 571 776 629 diabolus
791 573 964 630 vincerenon
1013 569 1090 642 prins
1113 572 1187 644 quod
1211 571 1311 627 mortui
1334 589 1428 629 sumus
1449 583 1573 646 peccato,
1600 575 1720 632 subdens
1737 591 1743 632 :
1761 575 1813 644 ost

162 661 269 734 potuit;
285 669 311 718 el
326 662 391 735 quia
404 669 546 734 peccatum
562 661 596 717 ad
607 669 713 734 tempus
723 660 857 736 regnavit,
874 661 963 734 gratia
1013 659 1100 726 enim,
1116 659 1171 726 vel,
1188 659 1212 716 si
1226 659 1308 728 enim,
1326 661 1406 733 quasi
1429 661 1503 718 dicct
1519 680 1525 717 :
1542 664 1615 720 Vere
1630 672 1737 722 nonest
1751 679 1808 736 per·

163 759 256 808 sutem
279 749 308 806 in
322 757 466 808 aeternum.
491 752 524 808 ill
549 750 624 807 ειειιι
639 751 779 823 reqncuit,
805 757 869 816 etc,
885 748 964 822 quasi
1012 747 1189 804 manandum.
1204 749 1296 816 lluim,
1312 749 1340 804 id
1356 757 1398 806 est
1411 750 1485 823 quia,
1506 753 1613 809 arr-ortui
1634 769 1731 810 sumus
1742 769 1811 826 pec-

163 839 235 896 dicat
251 857 258 894 :
275 839 342 895 Dico
370 838 442 912 quod
457 837 545 912 gratia
568 837 809 910 superabundavit,
827 846 962 895 eotemen
1012 839 1087 904 ecto,
1103 837 1131 892 in
1146 836 1293 908 baptismo,
1313 837 1340 892 id
1357 846 1399 894 est
1412 838 1523 895 liberati
1545 856 1639 896 sumus
1654 857 1670 895 a
1687 848 1811 912 peceato,

163 936 271 994 tenore,
286 943 322 984 ne
337 926 399 999 quis
414 925 534 984 confisus
545 927 641 1000 gratim
652 927 776 984 securius
790 933 894 998 peccet,
911 926 961 983 sed
1013 924 1108 994 utiam
1122 941 1178 981 non
1192 925 1346 982 dominetur
1374 927 1402 982 in
1424 927 1503 984 nobis
1532 928 1723 1003 pergratiam
1751 928 1813 986 Dei.

161 1014 253 1090 vigeat
268 1015 365 1090 gratia,
382 1022 409 1070 ει
423 1031 475 1088 per
484 1015 619 1084 justitiam
632 1015 714 1071 ducat
732 1015 768 1072 ad
782 1015 876 1082 vitam,
893 1015 963 1071 sieut
1012 1013 1080 1069 llori
1091 1013 1164 1070 enim
1179 1022 1305 1085 peccato,
1322 1021 1364 1070 est
1378 1015 1489 1072 liberari
1504 1031 1521 1072 a
1534 1024 1658 1088 peccato.
1673 1019 1708 1074 Et
1723 1017 1746 1073 si
1760 1014 1812 1074 hoo

161 1103 287 1178 viguerat
301 1111 445 1176 peccatum
473 1103 576 1161 ducens
602 1104 631 1160 in
649 1111 781 1172 mortem,
797 1112 823 1161 et
847 1105 899 1161 hoc
921 1111 962 1160 εει
1012 1109 1064 1170 εει,
1079 1102 1225 1176 quonwdo,
1242 1111 1295 1160 etc.
1308 1121 1316 1170 ;
1331 1103 1375 1160 vel
1397 1104 1420 1160 si
1435 1113 1476 1160 est
1490 1104 1539 1173 ibi,
1560 1107 1608 1179 qui
1630 1106 1667 1162 ita
1681 1106 1768 1180 leges,
1785 1113 1812 1162 cl

164 1193 238 1266 quod
253 1193 299 1260 ait,
327 1199 357 1247 ut
384 1191 463 1260 siout,
480 1191 557 1265 quasi
572 1207 605 1248 eo
632 1201 738 1260 tenore,
755 1193 816 1249 dico
843 1191 962 1267 gratiam
1012 1190 1069 1262 qui,
1085 1191 1138 1247 hoc
1147 1191 1203 1260 jam
1218 1191 1362 1247 habemus.
1372 1191 1525 1262 Quomodo,
1537 1193 1565 1247 id
1580 1201 1621 1249 est
1631 1211 1683 1266 qua
1693 1194 1810 1266 ratione,

163 1281 398 1353 superabundare,
415 1287 449 1338 ct
462 1282 705 1355 shulpcccctum,
717 1281 881 1354 quodetiam
892 1297 962 1354 prae-
1012 1279 1115 1348 αιιιιιιε,
1125 1287 1187 1352 post
1202 1287 1304 1336 tantum
1320 1279 1493 1348 beneficium,
1510 1282 1635 1339 vivemus
1649 1283 1680 1339 ιιι
1702 1284 1753 1339 illo
1763 1288 1775 1340 ι
1785 1292 1811 1341 ει

161 1377 205 1426 ιει·
220 1370 308 1426 idam
323 1377 374 1437 est,
391 1370 464 1442 quod
478 1369 540 1442 lege
554 1370 616 1425 dats
643 1369 801 1438 abundavit,
818 1370 892 1443 quod
906 1386 961 1427 non
1012 1367 1161 1424 reddemus
1185 1368 1257 1425 vires
1281 1369 1376 1425 hostii
1391 1369 1458 1426 Cum
1480 1369 1552 1426 enim
1576 1371 1629 1428 hoc
1655 1371 1812 1442 praestiterit

159 1466 202 1516 est
216 1458 341 1533 originis,
358 1459 408 1516 sed
421 1458 538 1530 propriae
552 1459 710 1516 voluntatis.
720 1458 840 1533 [licimo]
852 1463 962 1531 licque·
1012 1457 1103 1530 gratia
1116 1465 1146 1512 ut
1160 1473 1329 1514 moreremur
1351 1466 1476 1530 peceato,
1504 1457 1571 1532 quid
1594 1459 1669 1515 aliud
1682 1459 1807 1529 iacimus,

159 1548 210 1618 cit,
222 1545 335 1616 ducens,
352 1549 385 1604 ιιι
398 1551 520 1604 mortem
534 1555 675 1615 oeternem,
692 1550 735 1606 ita
750 1553 778 1605 et
790 1550 894 1621 metio,
912 1565 997 1638 re-B
1014 1543 1037 1600 si
1051 1544 1169 1601 vivimus
1183 1545 1210 1600 in
1226 1561 1268 1613 eo,
1295 1545 1348 1601 nisi
1362 1554 1391 1601 ut
1402 1545 1499 1620 gratiae
1514 1547 1601 1602 simus
1615 1546 1738 1622 ingrati?
1751 1549 1810 1605 Ne-

160 1635 301 1693 missionis
311 1643 487 1710 peccatorum
509 1640 606 1710 requei
626 1637 654 1692 in
682 1636 786 1707 electis,
804 1653 854 1709 per
877 1637 960 1707 justi·
1011 1633 1153 1706 quezo
1165 1634 1237 1691 onim
1251 1634 1567 1707 quilaudstbenelicrum
1577 1637 1730 1707 medicine,
1746 1652 1811 1709 pro-

159 1725 491 1797 tinmbonommoperum
502 1725 722 1796 perducenaeos,
732 1727 764 1782 ιιι
775 1727 865 1782 citam
880 1730 962 1784 oeter·
1011 1722 1092 1778 desse
1108 1722 1220 1778 morbos
1235 1721 1310 1790 dicit,
1327 1730 1354 1779 ει
1383 1723 1497 1780 vulnera
1512 1739 1528 1779 c
1543 1724 1643 1798 quihus
1656 1725 1704 1781 illa
1722 1725 1810 1781 honri-

159 1831 227 1872 nom
240 1835 250 1882 ,·
265 1821 293 1870 et
306 1814 433 1886 hoo,per
446 1815 541 1871 lesum
568 1813 712 1872 cerionem
730 1814 882 1872 amioum
896 1833 960 1874 noo·
1010 1826 1072 1866 nem
1088 1818 1187 1878 sanet3
1204 1811 1253 1866 sed
1276 1820 1379 1884 quanto
1392 1811 1519 1868 laudibus
1548 1813 1696 1884 majoribus
1719 1813 1810 1871 medi-

161 1906 250 1970 trum,
267 1902 326 1960 aine
341 1917 395 1975 quo
410 1901 483 1958 nulla
504 1901 607 1973 justitia
624 1911 675 1972 est,
692 1903 762 1960 sicut
780 1903 871 1976 aliqua
893 1920 961 1976 pee-
1010 1899 1073 1956 cina
1087 1899 1265 1971 praedicatur,
1283 1907 1358 1956 tanto
1386 1901 1477 1975 magis
1504 1899 1692 1973 vituperantur
1706 1909 1733 1958 et
1746 1902 1811 1958 hor-

159 1999 220 2050 cata
246 1999 347 2063 preter
374 1990 462 2047 Adam
485 1999 557 2046 sunt.
576 1991 641 2048 Ideo
669 2008 730 2048 cum
753 1991 878 2058 dixisset,
893 1993 962 2050 sicut
1010 1995 1106 2044 rentur
1130 1987 1245 2044 vulnera
1260 1997 1287 2044 ει
1309 1988 1431 2044 morbis
1446 1989 1545 2062 quibus
1561 1989 1659 2046 liberat
1675 2007 1682 2045 :
1699 1990 1811 2063 quaeita

158 2079 283 2153 regnarit
311 2086 454 2151 peccatum
482 2079 509 2134 in
538 2080 681 2147 mundum,
709 2095 765 2136 non
787 2081 891 2136 addidit
911 2097 962 2153 per
1009 2076 1145 2146 laudatur,
1163 2076 1233 2134 sicut
1246 2076 1307 2133 laus
1321 2077 1419 2152 gratiae
1437 2085 1464 2133 ει
1484 2077 1653 2150 praedicatio,
1673 2079 1811 2152 vitupera-

158 2185 252 2236 unum,
267 2167 311 2224 vel
326 2185 375 2240 per
387 2169 487 2235 Adam,
504 2168 568 2240 quia
585 2169 620 2224 dc
642 2169 690 2225 illo
704 2177 818 2241 peccato
832 2169 876 2226 hic
890 2185 960 2243 aga·
1012 2165 1048 2222 tio
1062 2173 1104 2222 est
1126 2165 1297 2222 delictorum.

157 2257 214 2324 bat,
230 2257 303 2330 quod
317 2272 373 2313 rron
387 2273 422 2313 ειι
437 2257 524 2313 Adam
537 2265 681 2314 traxerunt
695 2258 830 2325 homines,
847 2257 897 2314 sed
911 2273 961 2314 sua

156 2346 297 2406 voluntate
310 2345 472 2403 addiderunt
487 2347 578 2418 (ιιι).
598 2347 666 2402 Cum
681 2354 772 2403 autem
787 2347 862 2417 dicit,
871 2347 959 2420 qratia

158 2443 276 2509 regnet3
292 2442 319 2492 et
332 2450 395 2492 oum
408 2435 522 2500 addidit,
537 2449 588 2507 per
600 2437 694 2492 lesum
708 2435 847 2493 Christum
862 2436 958 2494 Domi-

158 2538 225 2580 num
240 2531 373 2592 nostrum,
388 2523 451 2596 quia
466 2539 594 2595 perenm
608 2539 663 2581 non
678 2531 782 2580 tautum
803 2524 955 2599 originalis,

161 2612 210 2670 sed
233 2611 313 2668 etiam
333 2612 547 2670 voluntariorum
561 2612 609 2669 tuit
631 2612 757 2670 remissio
769 2620 955 2685 peccatorum.

158 2701 202 2757 ab
215 2700 304 2758 ddum
327 2709 418 2758 autem
441 2701 629 2759 tantummodo
642 2701 709 2758 illud
733 2702 869 2774 trahitur,
885 2704 957 2775 quod

160 2792 202 2842 est
220 2784 363 2859 originale.

1047 2307 1133 2362 Vsus.
1150 2310 1175 2362 3.
1193 2337 1208 2348 -
1223 2309 1240 2362 5
1254 2337 1289 2347 -
1305 2328 1317 2354 ι
1334 2306 1376 2361 An
1391 2305 1536 2380 ignoratis,
1557 2307 1662 2375 iratres,
1675 2307 1738 2380 quis
1752 2309 1811 2382 qni·

1013 2419 1024 2444 ι
1039 2411 1147 2468 cunque
1162 2393 1293 2467 baptizati
1309 2411 1404 2450 sumus
1427 2395 1454 2451 in
1477 2394 1585 2452 Christo
1599 2397 1665 2452 lesu
1678 2396 1707 2452 in
1721 2405 1810 2455 morte

1010 2504 1022 2537 r
1041 2484 1127 2556 ipsius
1142 2483 1267 2555 baptisati
1296 2484 1416 2540 sumus?
1431 2483 1589 2556 Consepulti
1619 2485 1692 2542 enim
1715 2503 1810 2543 sumus

1012 2594 1023 2624 ι
1041 2587 1105 2630 eum
1118 2573 1165 2628 illo
1176 2587 1225 2644 par
1239 2571 1405 2644 baptismum
1429 2573 1457 2628 in
1484 2580 1611 2641 mortem,
1628 2582 1657 2630 ut
1672 2575 1810 2647 quomodo

1011 2683 1022 2714 ι
1040 2661 1164 2718 Christus
1179 2661 1297 2717 surrexit
1308 2675 1323 2716 a
1336 2661 1451 2718 mortuis
1465 2677 1517 2734 per
1530 2661 1646 2734 gloriam
1660 2663 1758 2731 Patris,
1774 2664 1810 2720 ita

1011 2773 1022 2800 ι
1041 2758 1068 2806 ει
1082 2765 1133 2807 ιιοε
1148 2749 1176 2804 in
1189 2749 1311 2806 novitate
1326 2750 1391 2807 vite
1405 2750 1587 2808 ambulemus.
1603 2751 1632 2808 Si
1647 2751 1719 2808 enim
1734 2767 1810 2810 oom-

1011 2861 1022 2888 ι
1040 2837 1154 2910 plantati
1169 2835 1232 2895 lacti
1242 2855 1336 2894 sumus
1351 2838 1521 2896 similitudini
1535 2839 1633 2897 mortis
1643 2835 1713 2912 ejus,
1728 2841 1810 2898 simul

419 2907 532 2965 CAPUT
553 2908 598 2964 Vl·
639 2935 643 2941 ·
965 2933 1063 3000 oret
1075 2926 1285 2983 resurrectionis
1308 2927 1448 2982 erimus·

193 3034 277 3090 vm·
295 3037 320 3100 ¹·
332 3037 359 3090 ²·
371 3054 428 3085 ’‘
446 3033 518 3103 Qum
535 3048 602 3106 θΓὲο
617 3031 762 3090 dicemus?
777 3032 954 3090 Pemnebi‘
1041 3069 1085 3124 ,ιιι
1100 3069 1240 3140 donaretis
1257 3110 1264 3135 ,
1280 3075 1333 3126 etc.
1350 3068 1401 3125 Hic
1428 3067 1571 3126 confirmat
1590 3071 1664 3143 quod
1691 3072 1807 3141 dixerat,

158 3144 170 3175 ‘¹
186 3138 248 3221 ΨΒ
261 3122 289 3177 in
317 3129 442 3222 ΝΜ
471 3130 500 3177 ¹¹²
523 3121 609 3196 grafia
633 3122 779 3178 abundem
793 3121 871 3177 Ab&
883 3119 890 3177 ¹
902 3120 955 3222 ΩΨ
1006 3156 1110 3214 scilicet
1125 3157 1199 3230 qnod
1224 3156 1325 3213 mortni
1353 3164 1467 3228 peccato
1486 3158 1559 3231 quod
1574 3157 1604 3214 ιιι
1616 3159 1645 3215 ιιι
1660 3159 1806 3233 baptismo,

158 3234 169 3260 ‘¹
187 3227 259 3266 emm
275 3219 377 3266 mmm
397 3227 491 3268 sumus
503 3219 626 3284 'mm'
644 3210 782 3283 q⁰⁰¹¹¹⁰d⁰
808 3209 896 3267 adhuc
911 3228 955 3268 Ψ
1005 3261 1061 3303 non
1076 3246 1208 3302 dehemus
1223 3245 1248 3302 ει
1262 3245 1362 3302 iterum
1378 3245 1482 3314 vivere,
1494 3247 1632 3304 utiterum
1646 3249 1717 3304 mori
1731 3249 1767 3306 sit
1781 3249 1807 3306 ei

157 3323 168 3348 ⁸¹
187 3315 283 3357 vemas
296 3299 324 3354 in
338 3299 436 3356 illm
1005 3349 1131 3402 necesse,
1147 3335 1209 3408 quia
1232 3351 1295 3392 cum
1309 3334 1480 3409 baptizamur
1507 3335 1702 3394 commorimur
1725 3338 1808 3395 Chri·

191 3425 262 3497 Quis
276 3440 340 3497 erpo
353 3423 503 3482 dicemus?
517 3425 593 3497 (ιιι)
609 3424 710 3496 objicit
724 3425 872 3498 Apostolus
883 3425 956 3499 qnod
1006 3431 1057 3490 sto,
1074 3432 1101 3480 ει
1115 3424 1167 3480 hoc
1181 3424 1308 3495 estquod
1322 3424 1369 3492 ait,
1385 3440 1420 3480 oo
1439 3424 1584 3498 ignoratis,
1600 3433 1652 3484 etc.
1666 3445 1675 3488 t
1690 3435 1717 3484 et
1730 3427 1808 3501 quasi

155 3513 255 3570 videta
269 3512 407 3584 perversis
435 3528 517 3585 posse
532 3513 623 3584 objici.
651 3512 769 3582 Quidam
794 3514 866 3570 enim
891 3531 956 3586 par·
1006 3513 1067 3586 quis
1082 3513 1186 3570 diceret
1203 3530 1210 3567 r
1226 3515 1269 3568 an
1279 3513 1379 3570 mortui
1391 3530 1485 3570 snmus
1495 3522 1608 3586 peccalo
1620 3516 1635 3572 ι
1649 3516 1809 3589 Respondet

154 3601 228 3658 versi
254 3601 397 3658 audiemes
427 3601 648 3674 praedicstionem
677 3602 771 3670 Pauli,
786 3611 813 3658 ει
839 3601 956 3660 aliorum
1004 3601 1108 3673 utique,
1124 3617 1229 3672 sumus,
1252 3603 1319 3675 quic
1333 3617 1394 3672 nos,
1422 3603 1589 3675 quicunque,
1604 3603 1633 3660 id
1657 3612 1699 3660 est
1712 3606 1807 3674 cnjus-

155 3690 354 3762 apostolorum,
371 3689 419 3746 ubi
444 3689 597 3747 debuemut
611 3691 736 3762 occipere
765 3691 857 3758 vitam,
873 3707 956 3750 coce—
1005 3705 1113 3762 cunque
1127 3689 1302 3759 conditionis,
1327 3691 1466 3762 baptizoti
1482 3707 1590 3760 samus,
1607 3691 1635 3747 id
1650 3700 1691 3747 est
1704 3709 1720 3746 a
1735 3692 1807 3748 vitiis

153 3787 253 3852 pemnt
276 3787 401 3848 mortem,
420 3779 543 3837 dieentes
563 3779 701 3851 apostolos
720 3779 868 3852 predicare
881 3781 955 3853 quod
1004 3775 1156 3850 purificati,
1172 3781 1205 3836 ira
1235 3779 1345 3836 Christo
1368 3779 1452 3844 lesa,
1468 3778 1496 3834 id
1524 3787 1567 3836 est
1593 3780 1622 3835 in
1640 3780 1806 3839 institutione

153 3875 256 3942 quanto
270 3869 387 3941 amplius
402 3869 484 3924 homo
495 3876 631 3942 peccaret,
647 3875 722 3924 tanto
734 3868 822 3942 magis
833 3870 890 3925 Deo
901 3869 956 3942 pls·
1004 3866 1105 3923 Christi
1120 3883 1181 3938 quse
1204 3874 1246 3922 est
1263 3867 1291 3922 in
1310 3865 1420 3923 nomine
1435 3866 1574 3924 Trinitatis
1595 3868 1639 3924 vel
1653 3869 1682 3924 in
1704 3884 1805 3941 opera-

153 3965 238 4025 ceret,
256 3964 283 4013 et
295 3957 424 4026 majorem
438 3957 558 4030 gretiam
572 3965 797 4030 consequeretur.
814 3955 954 4032 [August]
1004 3954 1077 4011 tione
1091 3954 1187 4026 ipsius,
1213 3954 1258 4027 qui
1278 3954 1394 4025 baptizat
1422 3971 1498 4012 vere.
1523 3955 1653 4028 Baptizati
1669 3973 1763 4014 sumus
1777 3959 1805 4014 in

155 4047 213 4103 flou
226 4055 318 4102 autem
331 4046 454 4118 perversi
464 4046 601 4118 accipiunt
612 4059 646 4103 ειι
660 4045 707 4103 illo
720 4045 838 4104 iocoubi
852 4047 954 4103 dictum
1004 4050 1093 4099 morte
1107 4041 1204 4114 ipsius,
1221 4042 1250 4098 id
1274 4050 1316 4099 est
1330 4042 1358 4098 in
1377 4043 1555 4101 similitudine
1581 4045 1678 4102 mortis
1692 4045 1803 4116 Christi,

153 4142 217 4191 est:
236 4135 287 4192 Ubi
316 4135 464 4192 abundarit
492 4135 645 4205 delictum,
668 4135 901 4207 superabundavit
926 4143 954 4191 et
1005 4139 1034 4188 ut
1048 4131 1118 4188 sicut
1133 4130 1258 4188 Christus
1273 4131 1358 4188 semel
1373 4140 1497 4190 mortuus
1526 4142 1568 4190 est
1581 4151 1673 4202 came,
1689 4143 1715 4192 ει
1728 4151 1804 4192 sem-

151 4223 249 4296 gratis,
271 4232 400 4296 tanquam
415 4223 515 4280 dixerit
542 4231 655 4296 propter
678 4223 873 4281 abundantiam
887 4240 953 4296 gra-
1003 4236 1054 4292 per
1068 4221 1143 4288 vivit,
1156 4220 1195 4277 ila
1206 4237 1258 4278 nos
1273 4221 1360 4279 semel
1372 4221 1472 4279 mortui
1485 4223 1558 4280 melo
1568 4223 1802 4297 perbaptismum,

150 4312 196 4369 tice
208 4311 340 4384 prodesse
355 4321 508 4383 peecatum.
526 4313 585 4370 Hoc
597 4312 691 4371 dicere
705 4320 746 4369 est
760 4298 988 4387 esseingratosD
1003 4325 1111 4382 semper
1126 4309 1249 4366 vivamus
1263 4310 1349 4367 bono.
1374 4309 1505 4386 [licimo]
1519 4312 1570 4368 Vel
1596 4313 1625 4368 in
1639 4322 1727 4370 morto
1754 4313 1799 4386 ip·

152 4400 264 4474 gretie,
280 4409 306 4456 et
321 4401 374 4458 hoc
393 4408 434 4456 est
457 4402 531 4474 quod
546 4401 710 4474 opponendo
735 4401 787 4458 sibi
802 4401 839 4458 ait
855 4419 861 4457 :
879 4400 950 4471 Quid
1000 4399 1058 4454 sins
1073 4397 1138 4454 dicit
1161 4414 1211 4455 nos
1240 4399 1381 4471 baptizari,
1396 4399 1460 4473 qnia
1484 4415 1559 4456 mors
1575 4401 1634 4470 ejus
1660 4411 1802 4460 causaest

153 4503 222 4562 orgo
236 4487 384 4546 dicemus?
404 4489 483 4562 quasi
502 4491 574 4547 dicat
591 4505 598 4545 :
614 4491 648 4546 Et
661 4490 726 4563 quia
754 4491 843 4563 grstia
863 4490 949 4565 viget,
1000 4483 1080 4556 hujus
1091 4485 1298 4558 purificationis.
1318 4489 1354 4544 Et
1367 4504 1402 4544 cn
1420 4487 1567 4563 ignoratis,
1583 4505 1632 4546 vos
1646 4490 1709 4560 hoo,
1725 4489 1803 4548 olra-

151 4577 199 4633 nbi
209 4576 339 4634 delictum
353 4578 509 4635 abundavit.
532 4577 603 4648 Quid
622 4594 690 4651 ergo
704 4578 851 4636 dicemus?
865 4579 950 4638 Dice·
1001 4575 1078 4631 tres?
1093 4577 1172 4648 qnasi
1187 4577 1259 4634 dicat
1275 4593 1281 4633 :
1298 4577 1357 4634 Hoc
1381 4593 1437 4633 non
1453 4577 1560 4634 debetis
1576 4577 1715 4652 ignorare.
1731 4579 1801 4636 Nota

151 4681 221 4733 mus,
240 4666 344 4724 scilicet
360 4667 413 4724 hoc
434 4667 507 4740 quod
531 4668 760 4740 permanebimus
773 4670 806 4725 ιιι
822 4673 947 4741 peccato,
1001 4664 1066 4737 quia
1076 4680 1150 4737 saepe
1160 4664 1222 4721 illos
1237 4664 1329 4738 arguit
1352 4665 1386 4722 de
1401 4665 1566 4738 ignorantia.

152 4759 187 4811 ιιι
202 4757 298 4826 qratia
313 4755 449 4827 abundet,
464 4763 492 4811 ιιι
508 4755 617 4828 quidam
628 4756 708 4812 nobis
723 4757 950 4829 imponuntirlb-
1038 4754 1202 4828 Consepulti
1216 4756 1294 4811 enim
1313 4771 1422 4812 sumus.
1444 4752 1529 4823 Quasi
1547 4754 1621 4813 dicat
1636 4772 1643 4813 :
1657 4756 1801 4832 [Augusti-

151 4843 190 4900 sit
200 4847 211 4900 l
221 4851 250 4898 ut
256 4843 366 4902 noshoc
376 4844 508 4901 dieamus.
529 4844 604 4916 (158)
618 4845 681 4901 Non
695 4853 737 4902 est
757 4845 829 4902 euim
843 4861 951 4918 permn-
1001 4858 1062 4911 nus,
1079 4841 1198 4914 Haimo.]
1213 4844 1284 4899 Vere
1294 4841 1321 4897 in
1332 4841 1495 4914 baptismate
1505 4860 1600 4900 sumus
1610 4843 1714 4902 similes
1723 4862 1801 4903 mor·

151 4931 272 4987 neudum
282 4932 310 4987 in
318 4941 441 5004 peccato,
457 4941 487 4990 ut
500 4933 611 5006 quidam
626 4949 677 4990 nos
692 4933 785 4991 dicere
795 4933 951 4991 existimant
1000 4929 1035 4986 tis
1046 4929 1320 5003 Christi,quiaetiam
1330 4931 1483 5004 consepulti
1493 4948 1587 4988 sumus
1599 4931 1653 4990 fide
1667 4933 1695 4988 in
1710 4934 1802 5006 bapti-

151 5034 202 5091 pro
216 5021 315 5091 mojori
330 5021 428 5095 gratia.
450 5023 511 5078 Non
526 5022 600 5078 enim
613 5023 752 5095 peccantis
777 5024 885 5091 merito,
901 5023 951 5080 sed
1001 5034 1061 5076 smo
1080 5035 1146 5075 cum
1163 5019 1224 5090 illo,
1253 5019 1282 5075 id
1300 5028 1342 5076 εει
1355 5020 1391 5076 ad
1412 5019 1616 5077 similitudinem
1639 5022 1708 5092 eins.
1731 5023 1799 5095 Nos,

150 5108 338 5166 subvenientis
352 5111 455 5168 anxilio
465 5099 797 5186 superabundavitgratia,
808 5113 951 5170 ubiahuu-
1000 5105 1072 5176 dico,
1089 5106 1173 5178 ducti,
1183 5123 1236 5180 per
1243 5110 1416 5183 baptmmcm
1426 5111 1459 5165 ιιι
1469 5114 1600 5178 ιιιενιειιι,
1611 5109 1640 5166 id
1650 5118 1692 5168 est
1702 5111 1730 5166 in
1738 5128 1801 5186 pec·

151 5197 226 5255 davit
240 5198 380 5258 delictum.
396 5199 459 5257 Non
469 5200 542 5256 enim
555 5202 773 5272 permanendum
787 5211 829 5260 est
843 5202 871 5258 in
885 5187 951 5275 pec·
1000 5203 1125 5253 catorum
1140 5195 1326 5254 abolitionem.
1343 5198 1452 5255 adhoc
1466 5197 1540 5255 enim
1553 5215 1646 5256 snmus
1662 5214 1800 5260 commor-

185 5375 259 5514 ἓξὲξ
276 5381 399 5501 quoque,⁸
399 5381 446 5514 1qu
447 5379 574 5499 tqspnsmo
586 5379 754 5445 pomulorum,
1035 5370 1104 5438 (ιιι)
1118 5373 1276 5440 hamedeus,
1289 5373 1325 5426 be
1336 5373 1425 5437 spiritu
1437 5376 1462 5428 ct
1473 5373 1565 5428 littera.

308 5485 326 5513 .,
477 5483 483 5496 .
