3896 6062
97 233 129 286 69
561 227 843 286 cohubnttnmtt
852 226 890 282 IN
903 225 1073 286 PSALliOS.
1089 257 1124 268 —
1139 227 1234 284 PSAL.
1249 227 1284 284 ll.
1714 225 1750 284 'to

103 361 186 423 tusta,
202 370 265 426 quae
278 361 334 409 tarn
349 353 441 409 multis
457 353 534 409 annis
548 353 689 424 explorata
710 360 781 408 sunt.
807 353 839 408 lit
856 351 902 406 illa
917 352 1066 424 Aquidem
1080 351 1223 408 consilium
1235 351 1353 420 bonini,
1364 359 1406 406 est
1415 352 1594 424 congregatio
1604 352 1751 423 justorum,

103 440 173 504 noua
188 424 291 480 nullius
307 433 398 480 εεεειιι
413 423 593 492 auctoritatis,
610 424 654 480 vel
677 431 750 479 certe
779 422 901 490 minoris,
955 423 1002 548 gui
1018 439 1052 478 ne
1066 422 1102 478 ad
1117 423 1200 477 latum
1214 439 1334 495 unguem
1346 423 1489 507 discedunt
1502 439 1519 506 a
1534 423 1672 508 voluntate
1683 424 1750 510 ejus.

104 511 156 548 ιιιει
169 503 278 550 vetusta
293 493 403 551 tierent.
978 494 1031 548 nde
1047 494 1122 549 l'sal.
1142 509 1282 559 cxxuvrtr,
1299 495 1372 550 Deus
1383 493 1753 565 qurptortticoturmconn·

139 565 296 620 trasn-
310 567 401 637 Neque
414 570 575 638 peccatores
584 567 615 620 in
624 565 901 636 concitiojustorum.
955 565 993 619 lio
1002 569 1178 632 sanctorum,
1195 563 1342 634 dupliciter
1356 563 1412 636 legi
1429 571 1527 634 potest,
1545 571 1590 618 aut
1604 581 1654 636 per
1668 581 1692 630 s,
1708 572 1754 619 aut

104 636 235 706 blagister
250 637 446 706 interpretatur
459 636 613 692 canalium
628 644 655 690 et
669 635 697 690 id
711 635 784 706 quod
800 640 841 690 est
856 649 905 689 vo-
954 649 1003 704 per
1016 651 1041 702 c,
1057 635 1139 690 etiam
1153 651 1186 690 ex
1209 635 1325 690 ltebraeo
1349 644 1423 720 'tlon
1439 647 1536 700 auson,
1563 642 1592 688 ut
1616 635 1754 708 intelligas

104 705 223 770 lumffls·
240 713 269 760 ⁰²
296 705 369 778 (ιι1οἀ
396 715 439 761 ⁶⁵²
453 706 684 778 ⁶⁰⁰itl⁸⁰³¹i⁰¹¹5⁸2
699 704 801 775 duplici
822 720 904 759 sensu
955 724 1198 796 congregationem
1213 730 1379 792 sanctorum,
1397 738 1513 794 quorum
1523 729 1566 778 εει
1584 721 1754 778 salutiferum

104 777 338 906 aeemsdmodum
353 785 519 847 acceperunt
539 745 586 832 tit

408 847 414 859 .
457 847 462 858 .
587 775 905 856 X·01¹11¹¹¹⁰¹¹¹¹¹¹,⁵it
955 793 1109 862 consutum,
1131 793 1276 866 fragititate
1303 809 1350 849 sua
1381 793 1472 866 again
1498 793 1527 849 tn
1556 793 1673 849 commo
1691 792 1754 865 glo-

152 848 203 919 λήν
217 861 364 919 utrumque
392 846 559 919 significare.
574 847 633 903 Nec
646 862 679 902 ειι
720 846 772 902 hoc
796 844 905 901 laedttur
954 862 1033 919 rim·

104 927 254 983 Hebraeum
265 937 320 992 nin
332 926 481 994 marafid
508 934 550 982 est
572 927 749 998 concrepatio
777 923 903 997 quando-

694 1101 872 1168 usnttttts
901 1099 1112 1165 SECUNDUS.

248 1400 346 1442 εειιιιι
360 1400 493 1442 annuus:
511 1399 655 1440 arsamus
669 1397 766 1439 ntvro.
786 1405 797 1430 ι
991 1382 1077 1438 Vens.
1092 1386 1119 1440 ι.
1138 1403 1149 1432 ι
1167 1383 1316 1439 Astiterunt
1331 1399 1413 1456 reges
1441 1393 1534 1454 terrae,
1565 1396 1592 1444 ει
1618 1389 1756 1463 principes

141 1481 171 1528 3
188 1477 282 1544 Quare
292 1478 474 1548 fremuerunt
494 1479 590 1546 pentes
618 1471 767 1542 (Cassiod.)
782 1469 905 1525 Psalmus
958 1478 1171 1526 connumerant
1193 1471 1221 1526 in
1240 1487 1324 1527 unum
1338 1473 1473 1530 adversus
1496 1475 1641 1533 Dominum
1665 1487 1692 1536 et
1704 1480 1756 1535 ad·

103 1565 152 1620 iste
168 1563 308 1620 secundus
322 1563 400 1618 estin
415 1562 522 1629 ordine,
532 1563 670 1633 etprimus
680 1561 708 1616 in
722 1559 808 1616 titulo.
825 1559 904 1615 Unde
956 1579 967 1604 u
984 1573 1080 1614 versus
1097 1559 1232 1614 Christum
1247 1560 1315 1629 ejus.
1333 1581 1345 1610 »

104 1662 129 1708 et
143 1653 173 1708 in
188 1653 305 1708 Actibus
317 1651 504 1723 apostolorum
518 1651 622 1722 primus
636 1650 737 1705 dicitur
757 1649 831 1722 (Act.
862 1647 941 1718 tv)B
1003 1647 1104 1719 [Item]
1118 1649 1280 1705 Astiterunt
1294 1664 1382 1722 repes,
1399 1650 1477 1721 quasi
1492 1651 1574 1722 dicat,
1590 1669 1645 1710 ιιοιι
1667 1655 1755 1712 solum

102 1741 206 1796 Titulos
230 1749 323 1796 autem
350 1739 454 1796 Esdras
480 1740 613 1812 propheta
639 1737 753 1810 psalmis
767 1736 902 1808 apposuit,
954 1735 1048 1808 populi
1062 1743 1088 1792 ει
1104 1743 1210 1806 gentes,
1226 1736 1254 1790 id
1273 1744 1315 1792 est
1342 1737 1472 1806 minores,
1503 1749 1599 1797 contre
1619 1742 1757 1798 Christum

103 1829 149 1900 qui
164 1835 229 1883 sunt
244 1827 323 1902 quasi
338 1827 429 1884 claves
444 1836 471 1883 ει
481 1827 571 1897 janue
585 1827 764 1898 psalmorum.
780 1826 832 1881 Per
854 1839 905 1880 eo·
956 1830 1142 1892 surrexerunt,
1174 1824 1224 1879 sed
1246 1823 1329 1879 etiarn
1356 1825 1487 1895 majores,
1512 1828 1573 1900 quia
1603 1830 1755 1899 astiterunt,

105 1933 166 1972 rum
181 1932 301 1989 namque
315 1915 524 1989 intelligentiam
539 1915 722 1985 subjectorum
736 1913 904 1985 psalmorum
958 1912 1038 1985 quusi
1057 1928 1119 1968 curn
1134 1927 1222 1978 mora,
1237 1927 1313 1968 mora
1328 1913 1400 1969 euim
1415 1921 1524 1971 notatur
1538 1916 1566 1971 in
1586 1917 1650 1984 boc,
1679 1935 1757 1991 repes

103 2004 233 2060 clarescit
248 2003 392 2060 εειιιειιιιε.
409 2004 482 2060 ιιεει
496 2003 568 2059 ειιιιιι
583 2004 610 2058 iu
635 2002 717 2058 titulis
748 2001 906 2074 frequenter
957 2005 1039 2058 terre
1057 2001 1112 2073 [Cl.
1128 1999 1189 2071 int]
1206 1999 1289 2055 idest
1308 2001 1433 2057 Herodes
1448 2007 1477 2060 et
1491 2006 1648 2078 primipes,
1664 2007 1692 2065 id
1717 2017 1759 2066 est

103 2101 235 2166 ungatur
251 2092 376 2160 historia,
393 2092 438 2149 vel
452 2100 587 2163 ponantur
615 2091 768 2164 aliquorum
784 2090 903 2156 nomina,
955 2089 1067 2145 Pilatus.
1086 2089 1168 2162 [Aug.
1184 2093 1211 2144 3.
1228 2105 1354 2145 εοιιεειιε.
1365 2097 1412 2148 Eu.
1430 2107 1489 2163 cap.
1500 2093 1685 2164 ltllvl’onitur
1699 2096 1760 2168 plu·

103 2181 175 2235 undo
190 2181 225 2235 nd
239 2181 357 2237 litteram
371 2197 426 2236 non
440 2181 529 2254 agitur
557 2181 585 2236 in
612 2180 743 2252 psalmis;
772 2186 862 2234 tamen
878 2184 905 2234 et
955 2177 1012 2232 rale
1028 2192 1079 2248 pro
1094 2175 1236 2249 singulari,
1252 2193 1302 2247 per
1316 2178 1519 2249 synecdochen.
1538 2181 1586 2237 Vel
1603 2181 1645 2238 itu
1678 2199 1758 2258 reges

103 2271 218 2325 historia
233 2270 348 2342 mystice
362 2269 508 2338 intellecta,
539 2277 565 2325 et
593 2269 703 2325 uomina
729 2283 849 2341 congrue
864 2267 905 2321 in·
955 2273 1045 2330 terre,
1061 2265 1166 2321 scilicet
1180 2264 1304 2320 Herodes
1325 2266 1407 2338 prior,
1425 2268 1471 2340 qui
1500 2267 1617 2326 inientes
1640 2271 1758 2340 occidit;

103 2367 254 2431 terpretata
267 2359 435 2430 psalmorum
449 2358 641 2416 continentiam
656 2357 792 2429 aperiunt,
817 2365 847 2410 ut
860 2355 904 2412 bic
956 2362 982 2411 ει
997 2353 1133 2426 posterior
1146 2352 1281 2420 Herodes,
1296 2354 1421 2424 ejusdem
1437 2355 1519 2426 lilius,
1537 2358 1584 2430 qui
1599 2358 1688 2415 Pilato
1696 2375 1762 2417 con·

103 2447 148 2501 ubi
179 2447 294 2518 ponitur
329 2447 425 2516 David,
442 2447 488 2520 qui
502 2447 693 2518 interpretatur
706 2462 796 2502 manu
809 2445 902 2518 sortis,
955 2441 1080 2499 censitio
1095 2449 1181 2497 morte
1197 2441 1306 2497 Christi.
1325 2442 1459 2514 [Cassiod.
1490 2445 1580 2518 Rem]
1608 2448 1760 2506 Astiterunt

103 2536 439 2606 desider-utilisuspcctu.
469 2537 503 2590 Et
530 2533 667 2608 significat
679 2534 827 2600 Christum,
858 2531 905 2605 qui
956 2536 984 2588 et
993 2531 1147 2604 principes,
1165 2530 1270 2588 scilicet
1284 2531 1466 2601 sacerdotum,
1482 2535 1610 2592 videlicet
1638 2539 1716 2592 Anna
1732 2546 1760 2594 ει

101 2641 165 2681 rere
181 2631 226 2680 εει
241 2622 414 2679 manufortis
438 2623 603 2679 debellando
630 2623 718 2679 aerias
746 2629 903 2694 potestates,
956 2619 1074 2692 caiphas
1088 2623 1281 2676 conuenerunt
1296 2621 1328 2675 in
1348 2637 1449 2688 unum,
1462 2621 1489 2678 id
1504 2633 1547 2678 εει
1556 2623 1584 2678 in
1598 2641 1681 2682 uaurn
1693 2643 1758 2698 pra-

103 2721 128 2770 et
142 2711 338 2768 desiderabilis
353 2719 476 2783 aspectu,
493 2711 520 2767 id
535 2712 617 2768 estin
632 2727 714 2784 quern
741 2710 828 2767 sancti
857 2725 905 2764 aa·
955 2723 1017 2763 vam
1033 2706 1210 2763 uoluntatem.
1227 2707 1383 2780 [Cassiod]
1414 2710 1696 2786 Stultapraesumptio,
1712 2731 1759 2773 re·

100 2803 157 2876 geli
172 2800 333 2856 desiderant
346 2801 505 2872 prospicere
520 2801 546 2872 (l
556 2803 634 2857 Petr.
654 2801 685 2871 t),
711 2799 837 2856 Psabnus
860 2799 906 2856 bo·
955 2814 1007 2870 ges
1020 2805 1110 2864 terrae,
1129 2805 1225 2851 contra
1239 2812 1333 2870 regem
1357 2797 1419 2853 omli
1448 2811 1643 2870 convenerunt,
1684 2804 1759 2876 quod

100 2909 170 2947 num
187 2889 375 2960 operationem
390 2897 476 2945 notat.
492 2889 639 2946 Dicebatur
649 2890 722 2945 enirn
736 2888 772 2944 ad
786 2889 905 2946 litteram
956 2886 1044 2956 aperit
1056 2884 1162 2949 dicens,
1177 2885 1312 2942 aduersus
1324 2887 1486 2956 Dominum,
1504 2889 1532 2946 id
1560 2898 1602 2947 est
1632 2893 1751 2949 Patrem.

104 2979 232 3051 psalmus
260 2977 409 3033 modulatio
420 2993 482 3049 quae
507 2976 589 3033 tiebat
617 2993 668 3049 per
683 2985 783 3034 tactum
807 2979 903 3034 decern
920 2973 1010 3068 CQui
1038 2973 1111 3029 enim
1140 2973 1301 3030 contradicit
1329 2975 1406 3046 Filio,
1436 2986 1464 3034 ct
1493 2979 1565 3034 Patri
1589 2981 1758 3040 contradicit.

102 3067 281 3132 chordarum,
296 3067 334 3120 ita
347 3065 418 3122 bona
433 3067 556 3138 operatio
571 3066 670 3138 quent
692 3081 742 3138 per
761 3067 906 3123 observata·
956 3063 1021 3119 Ideo
1035 3061 1168 3118 adversus
1188 3061 1345 3131 Dominum,
1369 3069 1396 3120 et
1412 3065 1439 3120 id
1467 3074 1510 3122 εει
1537 3069 1598 3140 quia
1626 3070 1760 3126 aduncus

101 3157 171 3210 tiam
184 3155 285 3210 decern
300 3153 499 3210 mandatorum.
515 3155 550 3210 Et
563 3171 660 3210 sensus
670 3155 749 3222 tituli,
764 3157 905 3228 psalmus·
958 3151 1102 3208 Christum
1112 3151 1172 3222 ejus
1182 3149 1258 3204 idest
1267 3167 1322 3218 me,
1335 3153 1484 3210 secundum
1494 3155 1546 3212 boc
1557 3157 1630 3228 quod
1637 3156 1760 3214 Christus

101 3243 166 3310 iste,
196 3243 226 3298 id
255 3250 298 3298 est
324 3250 453 3299 tractatus
481 3243 542 3308 iste,
570 3243 616 3315 qui
643 3243 742 3300 dicitur
772 3243 903 3315 psalmus,
942 3238 1084 3311 loquitur.
1367 3243 1370 3250 '

101 3333 167 3403 quia
180 3339 276 3387 monet
292 3334 328 3386 ad
342 3332 411 3387 bene
425 3331 602 3402 operandum,
626 3331 780 3388 attribuitur
806 3334 903 3402 David,
991 3328 1078 3384 vrrs.
1094 3330 1121 3382 3.
1138 3348 1187 3374 -ιι
1205 3326 1398 3400 Dirumpamus
1411 3331 1520 3390 vincula
1540 3349 1634 3392 eorum
1649 3343 1676 3392 et
1689 3351 1758 3409 pro-

102 3420 129 3475 id
144 3427 189 3476 εει
203 3420 325 3490 Christo,
339 3420 387 3492 qui
401 3419 459 3492 agit
471 3419 516 3476 hic
530 3420 565 3475 de
589 3435 619 3475 se
648 3435 724 3494 rege.
754 3419 905 3480 latentiore
958 3440 969 3464 c
984 3417 1110 3488 liniamus
1125 3429 1141 3469 t
1156 3413 1236 3470 nobis
1251 3415 1345 3489 jugum
1360 3419 1495 3492 ipsorum.
1518 3445 1529 3471 ιι

100 3517 196 3565 ιιιοιιει
211 3517 243 3564 ιιι
256 3509 283 3564 ei
298 3507 457 3563 subdamur.
475 3507 570 3564 blodus
585 3508 656 3576 talis,
686 3509 836 3580 tripartitus
864 3520 906 3568 cst
991 3507 1076 3566 Vens.
1092 3512 1119 3567 t.
1137 3537 1173 3548 -
1189 3533 1201 3560 ι
1219 3503 1272 3572 Qui
1287 3507 1392 3564 habitat
1409 3509 1437 3564 in
1466 3509 1543 3566 coelis
1557 3511 1684 3570 irridebit
1697 3528 1756 3582 eos,

100 3599 241 3668 psalmus.
260 3596 352 3652 Primo
366 3597 488 3668 increpat
502 3605 697 3670 persequentes
719 3606 746 3655 ει
774 3600 903 3670 minatur,
958 3617 969 3642 u
991 3603 1018 3652 et
1033 3599 1165 3656 Dominus
1180 3597 1361 3654 subsannabit
1375 3612 1434 3654 eos.
1461 3622 1473 3648 »ι

99 3699 126 3748 ει
141 3687 267 3761 loquitur
280 3686 414 3754 Christus,
429 3685 474 3741 rel
486 3686 639 3758 Propheta3
657 3687 788 3757 secundo,
803 3689 905 3746 inducit
991 3687 1193 3761 dirumpamus
1203 3689 1319 3744 vinculo
1331 3686 1410 3758 quasi
1419 3686 1492 3744 dicet
1502 3688 1554 3759 ipsi
1567 3689 1623 3762 [Gl.
1634 3689 1695 3762 int]
1711 3691 1760 3748 sed

101 3779 188 3835 rerba
202 3775 305 3831 Christi
319 3773 427 3845 εςειιιιε
440 3774 475 3829 de
490 3773 683 3846 omnipotentis
697 3792 793 3850 regno,
807 3786 834 3833 et
848 3777 906 3834 ine·
956 3790 973 3830 o
988 3775 1052 3842 mei,
1069 3777 1134 3834 dicit
1150 3776 1274 3832 Christus
1302 3791 1336 3830 ne
1346 3776 1531 3845 ,consentiatis
1545 3777 1573 3832 in
1583 3787 1670 3834 morte
1685 3795 1759 3848 mea,

99 3863 237 3922 narrabili
250 3862 376 3936 genitura
391 3877 440 3917 sua
453 3861 499 3918 ubi
527 3863 563 3918 de
584 3863 722 3920 divinitate
750 3873 777 3921 et
804 3866 904 3922 huma·
956 3871 983 3919 et
997 3864 1050 3920 hoc
1063 3873 1114 3933 εει,
1131 3865 1320 3935 dirumpamus
1337 3863 1445 3919 vincula
1459 3879 1563 3932 eorum,
1580 3865 1607 3922 id
1623 3875 1664 3922 est
1678 3867 1759 3923 blan-

100 3957 190 4010 nitste
204 3953 265 4022 ejus
280 3949 516 4014 manuducimus,
544 3950 592 4007 ibi.
608 3953 664 4024 Epo
680 3957 777 4010 autem
795 3956 904 4011 constt-
955 3952 1036 4007 ditias
1051 3961 1077 4008 ει
1091 3952 1190 4018 ιιιιιιεε,
1207 3959 1234 4007 ει
1246 3953 1432 4023 projiciamus
1447 3953 1553 4010 unctis
1569 3955 1672 4026 jupum
1682 3957 1759 4029 ipso·

103 4049 273 4106 tutussum,
290 4047 343 4096 etc.
359 4058 367 4105 ς
385 4039 463 4094 tertio
476 4054 528 4111 pro
557 4039 600 4093 his
627 4041 734 4098 arcanis
760 4041 904 4112 patefactis
955 4057 1030 4108 rum,
1049 4041 1137 4112 [Rem.
1153 4040 1198 4096 Gl.
1214 4038 1276 4111 iat]
1293 4055 1330 4094 ne
1342 4038 1516 4096 dominentur
1531 4042 1620 4098 nobis.

100 4131 346 4186 admonetomnes
359 4127 497 4183 humiliter
511 4127 632 4198 obedire,
648 4137 675 4184 et
689 4129 785 4185 suadet
799 4131 832 4186 ab
846 4132 904 4188 utili
995 4139 1046 4206 Qut
1061 4138 1170 4194 inabitat
1184 4140 1215 4194 in
1246 4138 1334 4193 cetis.
1366 4137 1413 4194 Sic
1439 4138 1576 4206 continua,
1608 4141 1759 4199 secundum

100 4219 260 4276 scilicetne
274 4225 389 4288 pereant
401 4224 428 4272 et
441 4217 477 4271 ab
491 4217 606 4272 honesto
620 4217 683 4290 quia
697 4218 905 4292 leaequieon-
954 4226 1025 4282 banc
1041 4226 1211 4294 sententiam,
1228 4225 1431 4297 dirumpamus,
1447 4227 1512 4284 dicit
1534 4228 1667 4298 Christus,
1695 4231 1761 4304 quia

100 4309 200 4378 fidunt
214 4307 248 4361 in
262 4321 312 4363 co:
324 4305 370 4372 ibi,
400 4307 436 4361 Et
450 4321 528 4362 nunc
555 4321 645 4378 repes,
661 4307 809 4378 increpans
833 4324 902 4382 ergo
922 4361 948 4422 D
964 4313 1011 4386 qui
1025 4314 1127 4372 habitat
1141 4315 1169 4370 in
1184 4315 1270 4372 coelis.
1289 4315 1370 4387 [Aug.
1386 4315 1493 4390 Remig.
1510 4316 1646 4390 Cassiod]
1675 4319 1762 4376 Aliter

98 4403 305 4468 persequentes
321 4394 467 4465 Propheta,
483 4393 527 4450 tel
541 4393 663 4450 Christus
678 4395 756 4452 dioit.
962 4403 996 4457 nb
1009 4403 1055 4459 illo
1070 4403 1140 4472 loco,
1167 4404 1355 4475 dirumpamus
1370 4403 1488 4462 nucula.
1505 4405 1578 4463 Licet
1605 4407 1678 4464 enirn
1707 4407 1760 4464 hoc

136 4484 229 4539 Vm·
246 4486 272 4538 ι·
291 4505 302 4530 ·
321 4481 413 4551 Quare
432 4482 602 4540 fremuerunt
624 4491 731 4557 denies,
757 4491 784 4540 0²
809 4485 904 4556 populi
955 4491 1043 4562 possit
1057 4493 1113 4549 dici
1135 4491 1165 4548 ia
1178 4508 1296 4565 persona
1311 4492 1422 4560 Christi,
1438 4494 1604 4568 utlegimus,
1620 4495 1708 4568 aptius
1724 4503 1762 4552 ta·

98 4597 108 4620 ι
127 4572 256 4628 meditati
271 4579 335 4626 sunt
348 4570 460 4627 ιιιειιιει
477 4592 489 4621 »
955 4596 1019 4635 men
1033 4579 1087 4636 illis
1101 4581 1266 4637 conveniunt
1281 4581 1339 4638 baec
1353 4581 1437 4638 verba
1465 4583 1512 4656 qui
1540 4583 1636 4641 nolunt
1659 4585 1758 4658 jugum

135 4667 273 4744 [nemim]
290 4670 399 4736 Gentes,
416 4667 493 4725 idest
507 4667 624 4726 Romani
638 4667 748 4740 milites,
761 4669 906 4727 crucifixo·
956 4667 1057 4724 Christi
1072 4669 1124 4725 sibi
1150 4669 1263 4741 imponi,
1288 4669 1317 4726 id
1347 4678 1388 4727 εει
1401 4674 1625 4744 persecutoribus
1644 4672 1754 4742 Christi,

99 4775 161 4824 res,
175 4755 323 4831 [Cassiod]
338 4760 520 4830 fremuerunt
530 4756 661 4831 [benig]
675 4765 704 4814 ut
717 4757 784 4816 iere
794 4759 853 4815 sine
863 4773 906 4814 ra·
956 4757 1034 4828 quasi
1048 4756 1121 4814 dicat
1136 4758 1269 4829 Christus,
1286 4758 1329 4814 vel
1351 4761 1494 4831 propbeta,
1519 4768 1707 4819 convenerunt
1731 4763 1760 4818 in

99 4849 195 4904 tione:
206 4845 324 4902 tremere
334 4845 533 4903 enimierarum
542 4853 593 4913 εει,
606 4845 843 4922 [Cass.]etpoputi
856 4850 908 4906 sci·
957 4862 1041 4901 unurn
1062 4863 1142 4918 reges
1161 4847 1298 4919 principes
1314 4847 1436 4905 dicentes
1450 4869 1459 4918 ;
1474 4851 1678 4924 Dirumpumus
1693 4851 1759 4906 uin·

97 4936 168 4992 licet
182 4933 282 5000 iudei,
297 4934 353 5006 (ιιι.
365 4934 761 5006 ιιιι.)ιιιειιιιαιιειιιιιιιιιιιιιιι,
773 4938 906 5012 (Αιειιιιι.)
957 4936 1023 4990 cute
1034 4951 1141 4992 eornrn.
1160 4935 1290 5009 lAlcuin.]
1303 4937 1329 4992 id
1347 4945 1389 4993 est
1411 4938 1532 4995 rationes
1546 4954 1653 5009 eorum,
1668 4937 1696 4993 id
1719 4946 1760 4994 εει

96 5025 128 5080 id
143 5033 189 5080 est
207 5023 278 5079 falsa
293 5023 320 5077 in
335 5023 493 5095 scripturis,
505 5031 535 5079 ut
545 5023 579 5080 de
590 5023 679 5080 tuturo
689 5025 778 5082 adbuc
793 5027 904 5095 blessia,
958 5022 1009 5079 Dei
1023 5031 1050 5078 ct
1060 5023 1169 5090 Christi,
1186 5023 1230 5081 sel
1245 5025 1345 5081 Christi
1360 5033 1386 5082 ει
1401 5026 1459 5096 ejus
1480 5027 1684 5099 discipulorum,
1695 5029 1759 5100 qui-

98 5129 188 5186 quem
202 5118 373 5182 exspectant.
390 5112 445 5184 lpsi
460 5111 532 5169 enirn
547 5119 610 5168 sunt
624 5113 703 5184 pueri
718 5113 845 5184 Abrabae,
862 5133 907 5173 ex·
956 5112 1008 5167 bus
1024 5127 1075 5167 nos
1090 5112 1143 5168 sibi
1157 5113 1311 5184 astringere
1327 5113 1430 5180 volunt,
1446 5121 1475 5172 et
1487 5117 1758 5189 projiciemusuno

98 5207 264 5273 spectantes
274 5215 335 5256 cum
351 5199 441 5255 εειιιιι.
456 5199 589 5274 (benig.)
604 5200 654 5257 Vel
675 5202 809 5259 meditati
836 5209 925 5262 sunt·
958 5200 999 5256 bit
1009 5202 1112 5273 jutum
1126 5203 1261 5274 iptorum,
1276 5203 1377 5274 [hemi
1394 5202 1478 5260 idest
1499 5203 1600 5278 legem·
1626 5207 1690 5280 11³⁸&
1711 5208 1759 5276 51³2

96 5290 219 5355 inania,
229 5287 257 5343 id
273 5296 314 5344 est
322 5288 458 5344 Christum
472 5289 596 5346 detinere
609 5289 638 5344 in
654 5299 751 5346 morte.
769 5291 827 5358 Vel,
844 5310 906 5351 me·
958 5289 1008 5345 sed
1022 5291 1156 5364 certeque
1170 5291 1279 5347 habitat
1295 5290 1375 5363 [Aug.
1393 5291 1513 5366 Alcuin.]
1529 5294 1557 5350 id
1571 5303 1614 5352 est
1627 5297 1761 5354 Dominus

96 5379 193 5435 ditum
206 5381 279 5434 sunt
292 5379 403 5444 inania,
421 5377 695 5434 scilicetnemuudus
705 5388 768 5451 post
778 5396 840 5437 eum
850 5383 908 5438 abi·
960 5377 998 5450 [in
1012 5377 1101 5450 coelis]
1118 5377 1222 5460 scilicet
1237 5379 1416 5450 spiritalibus,
1434 5381 1461 5437 id
1481 5391 1523 5438 est
1537 5383 1565 5438 in
1582 5387 1684 5444 sanctis
1699 5387 1761 5443 eni-

96 5475 161 5534 ret3
180 5464 280 5539 [Aug]
296 5472 323 5520 et
335 5465 399 5536 hoc,
415 5471 523 5540 queret
537 5466 565 5522 id
579 5474 621 5524 est
635 5482 690 5540 qua
705 5468 818 5526 utilitate
834 5471 908 5527 suat
957 5466 1066 5534 mabus,
1079 5474 1105 5522 ει
1114 5466 1221 5542 angelis
1235 5467 1364 5526 irridebit
1373 5485 1419 5528 cos
1430 5472 1760 5544 quasibuccis,utiactum

96 5555 182 5627 quasi
196 5554 282 5620 dicat,
298 5551 408 5621 trustra,
425 5554 558 5626 quianon
572 5553 805 5627 implerer-untur
826 5559 906 5616 Chri·
958 5563 1010 5622 est,
1027 5556 1136 5629 quando
1150 5555 1247 5628 positis
1255 5558 1415 5615 custodibus
1429 5561 1548 5618 surrexit
1570 5567 1601 5619 et
1622 5564 1759 5622 Dominus

96 5653 161 5700 stus
176 5641 412 5715 exsdngueretur.
958 5653 1146 5713 subsannabit
1160 5671 1214 5724 eos,
1238 5656 1315 5728 quasi
1331 5655 1403 5716 dicat
1430 5675 1507 5730 naso,
1532 5667 1561 5715 ut
1581 5659 1680 5718 iactum
1708 5670 1757 5732 est,
