3878 6322
236 169 303 222 ttae
896 152 996 209 PETRI
1024 147 1212 206 tonabant.
1846 145 1891 195 lit·

235 289 292 343 bnt.
318 288 389 343 llam
414 287 461 360 pai
485 284 590 341 statuit
603 285 635 339 in
662 283 744 338 corda
764 295 814 337 sno
840 279 950 348 firmas,
974 275 1070 335 nonai
1083 279 1134 343 cst,
1151 279 1202 328 etc.
1220 269 1305 341 Quasi
1320 268 1393 326 dicat
1410 285 1417 323 τ
1432 268 1612 340 virgopotcst
1627 267 1754 330 ntbcre,
1777 265 1894 318 siunins

236 375 340 431 babens
377 376 595 438 necessitatem,
635 374 803 444 potestatem
847 370 945 423 autem
983 363 1032 418 lta·
1083 369 1110 416 et
1125 361 1208 417 uidua
1222 367 1311 431 potest
1326 359 1439 425 nubere,
1466 357 1515 414 sed
1539 356 1645 412 beatius
1667 362 1714 411 εει
1735 354 1900 410 continere.

235 464 300 519 bens
314 479 373 519 saur
392 463 561 527 voluntatis,
578 465 605 516 et
622 461 672 516 ltuc
686 457 872 532 judicavitin
888 454 1032 511 cordetuo
1082 451 1182 506 Ethoc
1198 449 1327 521 estquod
1343 447 1380 503 ait
1397 465 1403 503 z
1429 447 1530 503 Mulier
1549 446 1669 517 alliputa
1691 447 1738 500 ast
1767 444 1835 512 lepi
1861 447 1900 494 εἶ’.

235 567 346 608 seruarc
369 551 508 622 cirpinam
530 567 623 615 snum,
642 548 710 605 bene
734 547 816 618 fucit.
841 545 970 617 lpitnret
985 541 1034 614 qui
1083 541 1189 610 quanto
1208 541 1331 608 tempore
1356 536 1400 591 vir
1427 537 1487 599 cius
1507 534 1585 599 uiuit,
1606 540 1635 587 ut
1658 547 1719 587 non
1741 531 1842 586 liceat
1866 533 1900 584 ain

235 640 419 696 matrimonio
430 640 530 711 junpt't
550 639 689 707 sirpinem
705 652 797 701 suam,
818 635 886 689 bene
896 631 988 703 sucit;
1005 634 1033 684 ct
1082 625 1199 681 nubere.
1221 625 1297 693 Quod
1312 626 1336 680 si
1350 625 1500 680 dormierit
1514 625 1558 678 uir
1571 623 1642 694 ejus,
1661 620 1803 676 liberata
1831 625 1874 673 est
1890 639 1899 673 a

235 723 283 797 qui
303 739 360 778 aaa
379 724 477 795 junpit
497 721 599 776 arelius
622 721 706 791 facit.
734 718 834 773 ilalicr
849 715 971 786 allipntu
990 718 1035 769 cst
1084 715 1142 786 icae
1158 714 1250 768 viriet
1265 712 1428 783 permittitur
1443 711 1467 767 ei
1482 709 1771 767 utcuimtltnubut.
1793 707 1899 779 [Auga-

237 808 299 878 lapi,
322 810 427 879 quanto
450 809 574 877 tempora
595 804 638 858 uir
658 806 719 875 ejus
738 803 822 857 vicit:
843 800 953 872 quodsi
969 797 1031 854 dor·
1083 799 1181 873 atinus]
1193 801 1256 857 ldeo
1270 800 1346 867 dicit,
1364 800 1408 856 cui
1423 799 1491 866 vult,
1523 797 1584 871 quiin
1605 797 1697 850 inrita*
1720 796 1842 865 nuptia

234 895 332 950 mierit
346 895 389 956 uir
402 896 474 966 ejas,
492 893 610 948 liberato
624 896 667 946 est
682 908 699 945 u
716 892 773 961 lupe
783 909 792 957 ,·
803 889 849 944 cni
864 892 960 944 uatem
971 887 1031 941 uult
1083 889 1139 944 lent
1152 897 1301 960 proventus
1315 889 1402 944 malos
1423 889 1536 944 habere.
1563 887 1631 942 Cum
1653 901 1725 940 vcro
1744 884 1840 948 dicit,
1858 901 1899 936 na-

235 982 331 1048 uubat,
349 985 465 1037 tantum
479 981 510 1035 in
524 981 651 1036 Domino.
673 980 786 1033 Beatior
807 980 906 1032 autem
925 977 990 1040 crit,
1007 976 1032 1030 si
1083 977 1136 1043 bat,
1153 977 1214 1048 lege
1230 977 1347 1050 loquitur
1360 976 1484 1044 naturali,
1502 989 1656 1048 quanquam
1670 972 1779 1044 primm
1798 975 1897 1040 nuptis

235 1071 275 1126 sic
290 1071 482 1141 permanserit
497 1068 653 1124 secundum
676 1082 771 1122 mcum
787 1065 948 1123 consilium.
960 1065 1032 1120 Puto
1083 1073 1186 1120 tantum
1202 1081 1218 1120 a
1234 1066 1350 1121 Domino
1365 1066 1419 1121 sint
1431 1064 1570 1129 institutae,
1586 1061 1716 1118 secundae
1740 1077 1823 1114 vero
1839 1078 1897 1130 pe:-

234 1157 416 1228 autumpnali
431 1161 520 1226 stepo
539 1157 677 1227 Spiritum
694 1156 742 1211 Dei
758 1154 887 1210 habeam.
1082 1154 1174 1209 missae
1190 1161 1261 1210 sunt.
1279 1154 1404 1226 Denique
1417 1153 1512 1225 primae
1530 1151 1630 1221 nuptiae
1645 1151 1697 1204 sub
1712 1148 1896 1203 benedictio

270 1245 373 1316 Siquis
389 1249 496 1300 cutem.
522 1243 640 1300 Sicutde
662 1243 816 1316 virginibus
842 1239 1032 1297 determinavit
1083 1258 1116 1297 ne
1134 1241 1183 1298 Dei
1198 1242 1370 1297 celebrantur
1394 1240 1556 1306 sublimiter,
1576 1237 1704 1294 secundm
1720 1239 1891 1292 remetiar

234 1331 301 1403 quid
315 1330 350 1386 sit
364 1331 462 1387 melius
476 1339 501 1386 et
524 1331 674 1398 honestius,
705 1330 745 1387 sic
771 1338 798 1386 et
818 1330 852 1385 de
872 1327 1031 1386 custodibus
1082 1329 1109 1384 in
1124 1330 1253 1401 praesenti
1267 1338 1361 1386 carent
1375 1329 1474 1403 gloria.
1490 1328 1582 1383 Nubat
1604 1326 1676 1394 dico,
1703 1334 1732 1380 ει
1753 1327 1817 1380 Ιιοε
1831 1331 1895 1379 tnn-

234 1419 370 1493 virginum
387 1420 551 1475 determinat
566 1419 631 1492 quid
645 1419 698 1474 illis
713 1420 747 1474 sit
761 1418 922 1482 laciendum,
939 1416 962 1470 si
977 1415 1032 1471 rir-
1083 1422 1144 1474 tam
1157 1417 1410 1485 inliomino,laciat
1425 1417 1529 1474 scilicet
1539 1415 1597 1470 sine
1604 1413 1791 1485 turpitudinis
1806 1417 1894 1483 suspi-

163 1565 179 1584 Ν
234 1507 313 1579 gines
328 1509 469 1564 continere
485 1507 629 1579 voluerint,
655 1509 697 1564 vel
721 1507 865 1563 noluerint.
889 1504 972 1574 Quasi
986 1503 1029 1558 di·
1083 1506 1170 1574 ciana,
1188 1515 1214 1561 et
1228 1507 1289 1572 viro
1304 1523 1360 1562 suae
1382 1505 1524 1579 religionis
1547 1502 1639 1558 nubat.
1662 1502 1715 1558 Vel
1740 1502 1782 1556 ita
1805 1503 1893 1556 contl-

233 1603 277 1652 cat
293 1611 299 1650 :
315 1598 372 1653 lloc
396 1603 437 1652 est
458 1597 599 1652 honestius
623 1604 650 1652 et
673 1595 833 1669 expeditius,
851 1593 954 1649 scilicet
969 1609 1030 1648 esse
1045 1609 1135 1684 Bnua
1152 1610 1158 1649 :
1174 1595 1287 1660 mulier,
1305 1603 1355 1650 etc.
1381 1592 1465 1663 Quasi
1484 1593 1556 1648 dicat
1576 1610 1582 1647 :
1609 1591 1692 1662 Virgo
1719 1606 1892 1662 quocunqne

232 1683 292 1739 sine
306 1684 444 1758 coningio,
457 1685 505 1739 sed
516 1692 605 1739 tamar
619 1686 646 1740 εἰ
658 1686 719 1757 quis
734 1684 884 1740 existimat
903 1698 932 1738 sc
942 1681 1031 1736 rideri
1083 1689 1204 1754 tempore
1236 1690 1327 1754 potest
1363 1682 1475 1749 nubere,
1501 1681 1551 1737 sed
1585 1681 1748 1750 conjugata,
1782 1679 1892 1732 etiamsi

232 1772 396 1843 quandoque
412 1777 523 1845 turpem
537 1789 629 1842 super,
645 1773 672 1827 id
688 1780 728 1828 est
742 1772 776 1826 de
792 1772 898 1842 nimine
919 1787 980 1836 sua,
997 1784 1030 1824 eo
1082 1786 1165 1827 causa
1179 1770 1367 1826 fornicationis
1390 1769 1504 1826 dimissa
1522 1777 1573 1838 εει,
1604 1783 1659 1823 non
1685 1775 1800 1839 potest,
1833 1768 1891 1820 dnn

232 1860 304 1932 paud
320 1859 364 1916 vel
378 1877 439 1931 quae
454 1862 701 1933 sitsupercdultu,
720 1859 822 1916 scilicet
840 1859 911 1914 ultra
928 1858 1030 1929 puber·
1081 1859 1147 1914 tivit
1170 1859 1212 1914 vir
1247 1860 1315 1929 ejus.
1343 1858 1413 1927 Quia
1431 1858 1530 1914 mulier
1551 1857 1662 1930 alligata
1686 1864 1733 1911 est
1758 1856 1823 1926 legi
1849 1857 1891 1908 n‘ri

233 1953 326 2013 tatem,
344 1952 373 2003 et
389 1951 431 2004 ita
445 1952 555 2019 oportet
577 1949 649 2018 ficri,
674 1946 855 2021 [Ambrosius]
885 1946 988 2004 scilicet
1002 1953 1030 2000 ut
1081 1955 1182 2018 quanto
1195 1955 1318 2019 tempore
1342 1947 1384 2002 uir
1409 1947 1468 2016 ejus
1492 1945 1566 2016 vivit,
1592 1944 1714 2016 quodsi
1746 1945 1890 1999 dormis-L:

224 2034 326 2101 nubat,
344 2035 408 2106 quia
431 2035 510 2109 virgo
531 2052 586 2091 non
610 2035 666 2091 vult
688 2035 839 2092 continere.
870 2036 944 2104 Quod
967 2035 1029 2089 vntt
1080 2036 1123 2091 vir
1137 2037 1205 2105 ejus,
1222 2036 1337 2091 liberata
1350 2044 1400 2103 est,
1416 2035 1458 2092 cui
1474 2034 1530 2090 uult
1545 2034 1638 2100 nubat,
1657 2040 1771 2088 tanturn
1788 2033 1820 2087 in
1838 2035 1888 2088 [u-

232 2120 321 2194 virgo,
337 2125 428 2195 saciat
443 2128 546 2194 cantos,
563 2125 627 2196 quia
641 2141 698 2181 non
715 2129 923 2197 peccutcnstos,
941 2125 966 2180 si
979 2141 1030 2180 nn·
1080 2125 1164 2179 mino.
1182 2125 1401 2181 Beatioroutcm
1413 2124 1573 2190 critsisic,
1588 2123 1616 2177 id
1630 2121 1819 2192 cstinnnpta,
1836 2139 1888 2194 per-

233 2207 281 2265 bat
295 2210 383 2284 virgo.
395 2213 452 2269 lloc
466 2213 528 2268 ideo
543 2212 618 2280 dicit,
635 2229 670 2268 ne
684 2220 711 2269 et
726 2213 750 2268 si
765 2213 843 2286 virgo
854 2227 908 2268 non
922 2221 1026 2283 peccat,
1080 2215 1220 2269 manserit
1242 2214 1398 2269 secundum
1421 2228 1517 2269 mcum
1545 2212 1706 2268 consilium.
1740 2211 1806 2282 (89)
1823 2212 1888 2265 Sana

232 2305 324 2354 custos
339 2300 398 2370 ejus
412 2301 536 2356 videatur
550 2317 674 2372 peccare.
691 2301 755 2356 ldco
778 2301 850 2367 dico,
868 2301 892 2355 si
910 2308 1027 2372 oportet,
1079 2301 1198 2356 ostendit
1212 2301 1320 2356 beatam
1336 2317 1407 2368 esse,
1423 2309 1450 2356 et
1469 2308 1531 2371 post
1551 2307 1669 2354 mortem
1692 2298 1762 2364 viri,
1790 2301 1886 2353 iterun

231 2401 287 2443 non
301 2396 409 2458 peccat.
428 2391 499 2445 llam
515 2389 549 2445 de
564 2391 615 2444 isto
630 2389 683 2444 alio
697 2397 781 2460 patet,
799 2389 940 2461 quiabene
955 2388 1028 2456 lacit,
1079 2389 1107 2443 in
1145 2389 1261 2444 Domino
1293 2388 1437 2444 nubentem
1475 2387 1612 2455 fidelem3
1644 2387 1695 2442 sed
1720 2386 1885 2452 beatiorem,

230 2490 286 2529 non
301 2483 403 2531 tantum
418 2492 471 2532 nou
487 2485 583 2549 peccat
597 2477 652 2544 ille,
685 2477 787 2534 scilicet
809 2479 857 2550 pai
876 2478 981 2533 statuit
997 2479 1028 2532 in
1078 2493 1133 2532 non
1157 2477 1315 2532 nubentem.
1339 2477 1417 2533 Unde
1444 2476 1568 2531 maximae
1594 2475 1884 2547 cataphrygarumst

231 2562 314 2620 corde
329 2581 379 2621 stan
394 2581 507 2620 servare
522 2566 655 2637 virginem
681 2580 768 2632 suam,
790 2581 845 2620 uon
859 2565 988 2637 ingerens
1003 2565 1028 2620 ei
1077 2565 1289 2622 Novatianorum
1305 2567 1423 2620 haereses
1438 2563 1593 2631 concidunt,
1609 2578 1679 2636 quas
1709 2563 1815 2620 buccis
1843 2581 1884 2618 so-

233 2649 355 2706 lomitem
388 2653 550 2724 nuptiarum.
580 2651 771 2726 [Augustinus]
794 2653 907 2718 Statuit,
955 2653 1026 2724 dico,
1078 2653 1204 2709 nantibus
1218 2669 1273 2709 nou
1289 2653 1457 2725 sapientibus
1471 2651 1653 2709 Tertullianus
1675 2651 1804 2716 inflavit,
1824 2653 1883 2706 dnn

230 2737 332 2805 firmus
347 2739 375 2793 in
384 2740 525 2811 proposito
540 2757 600 2807 suo,
621 2756 676 2795 non
691 2756 797 2806 curans,
823 2740 867 2796 vel
893 2741 1025 2808 sobolem,
1078 2742 1213 2798 secundas
1234 2741 1344 2814 nuptias
1357 2748 1487 2813 tanquam
1507 2739 1614 2796 illicitas
1636 2739 1785 2796 maledico
1810 2741 1881 2794 dente

232 2827 277 2883 vel
290 2826 365 2882 aliud
378 2827 543 2896 hujusmodi,
570 2829 604 2884 at
624 2845 682 2884 nott
698 2828 801 2885 babens
815 2830 1025 2896 necessitatem,
1078 2829 1206 2894 concidit,
1224 2843 1293 2900 quas
1309 2829 1421 2885 omnino
1432 2828 1521 2886 licitas
1534 2827 1881 2899 Apostolussobriamenta

232 2930 294 2972 cum
309 2914 389 2988 virgo
409 2916 474 2971 velit
489 2916 639 2985 continere,
658 2917 706 2972 sed
721 2917 825 2973 liabens
846 2921 1025 2989 potestatem,
1077 2917 1210 2973 concedit.
1227 2919 1268 2972 De
1283 2917 1369 2972 tertiis
1393 2925 1481 2973 antem
1502 2925 1529 2972 ct
1553 2916 1663 2988 quartis,
1695 2923 1723 2970 et
1752 2917 1791 2972 de
1821 2917 1880 2971 ultra

230 3004 381 3060 secundum
410 3004 527 3060 alumnae
554 3005 758 3069 continentiam,
775 3007 935 3061 voluntatis
969 3023 1026 3061 suoe
1042 2978 1199 3075 Opluribus
1222 3004 1324 3076 nuptiis
1353 3004 1440 3060 solent
1457 3004 1582 3060 homines
1610 3019 1726 3059 mouere
1753 3005 1880 3076 quaestio-

229 3090 412 3163 perficiendae.
430 3092 478 3148 llle
494 3093 539 3164 qui
554 3094 604 3148 boc
620 3093 727 3160 statuit,
753 3094 823 3150 bene
838 3093 911 3160 lacit,
928 3101 953 3148 et
968 3093 1025 3160 ille,
1077 3107 1149 3162 nem,
1166 3094 1216 3149 sed
1230 3093 1290 3166 quis
1305 3094 1404 3149 audeat
1424 3091 1536 3149 delinire
1560 3092 1633 3164 qnod
1648 3109 1703 3149 nec
1717 3095 1879 3164 Apostolum

229 3179 323 3252 utique
338 3180 450 3252 quihoc
464 3197 519 3237 non
535 3199 568 3238 cx
584 3182 693 3238 levitate
708 3183 806 3251 statuit,
824 3183 873 3238 sed
887 3183 919 3237 in
943 3182 1025 3239 corde
1076 3181 1156 3237 video
1194 3179 1382 3238 definivisse?
1405 3181 1449 3237 Ait
1474 3182 1545 3238 enim
1572 3199 1579 3235 :
1609 3181 1638 3236 si
1678 3181 1879 3238 dormieritsir

224 3269 428 3340 judicantia
453 3277 495 3324 est
523 3286 555 3325 ex
580 3269 683 3339 jndicio
711 3270 810 3325 mentis
833 3271 936 3326 bonnm
964 3287 1026 3326 esse
1076 3270 1144 3338 ejus,
1163 3276 1214 3326 etc.
1231 3271 1292 3325 Nou
1307 3269 1497 3340 diaitprimus,
1524 3269 1567 3326 vel
1593 3269 1745 3339 secundus,
1763 3271 1812 3326 rel
1829 3279 1878 3325 ter-

228 3354 369 3422 discernit‚
385 3365 411 3412 ct
426 3357 489 3429 quia
503 3365 610 3427 oportet
624 3356 684 3413 lteri
696 3365 724 3413 ut
734 3358 861 3426 diximus,
873 3359 964 3430 ipitnr
979 3361 1026 3433 qui
1076 3357 1138 3426 tius,
1164 3357 1208 3414 vel
1229 3358 1401 3429 quotuslibet.
1431 3358 1489 3414 Nec
1517 3357 1597 3413 nobis
1618 3356 1819 3414 definiendum
1846 3369 1878 3414 est

228 3444 413 3499 matrimonio
427 3445 526 3516 janpit
537 3447 677 3516 vispinum
695 3463 777 3502 suom
789 3447 857 3502 benc
868 3449 951 3518 tacit,
963 3448 1026 3520 quia
1076 3446 1149 3517 quod
1164 3460 1219 3501 non
1236 3445 1329 3501 delinit
1351 3446 1508 3518 Apostolus.
1530 3445 1618 3513 Unde,
1644 3453 1673 3500 ut
1689 3445 1822 3502 breuiter
1839 3465 1877 3502 re-

134 3579 140 3588 .
228 3529 291 3586 licat
305 3531 460 3602 quodlaoit.
470 3531 652 3610 [Ambmsins]
663 3535 697 3588 at
708 3535 756 3606 qui
770 3551 828 3590 non
840 3535 950 3606 janpit,
965 3551 1025 3591 curn
1076 3535 1236 3607 spondeam,
1253 3550 1303 3591 nec
1317 3535 1386 3590 ullas
1401 3535 1488 3591 debeo
1503 3535 1645 3604 damnare,
1666 3549 1721 3591 nec
1736 3535 1782 3590 eis
1806 3553 1877 3592 rere

227 3619 326 3675 habeat
340 3627 501 3691 potestatem
514 3637 569 3676 suan
584 3622 738 3688 uoluntatis,
750 3624 853 3680 melius
867 3625 947 3695 facit,
963 3625 1026 3696 qnia
1075 3623 1200 3679 cundiam
1214 3623 1416 3678 numerositatis
1430 3623 1549 3680 aulcrre.
1569 3624 1629 3695 lpse
1641 3623 1725 3678 etiam
1740 3623 1875 3685 Christus.

226 3708 297 3780 apud
312 3710 399 3765 Deum
418 3709 543 3766 meritum
566 3710 604 3764 illi
629 3711 753 3779 collocat,
770 3719 796 3767 et
811 3727 827 3766 a
841 3712 934 3768 saeculi
948 3713 1025 3768 solli·
1075 3711 1196 3782 Apostoli
1212 3727 1245 3768 ac
1259 3719 1353 3767 noster
1362 3711 1493 3783 magister
1514 3719 1541 3768 et
1565 3712 1709 3778 Dominus,
1725 3714 1875 3784 septemvi-

228 3795 346 3854 citudine
360 3795 457 3853 libarat
472 3797 557 3865 illam,
573 3807 599 3854 ct
613 3799 675 3854 ideo
700 3807 773 3856 recte
797 3799 844 3867 nit,
864 3800 961 3856 melius
989 3800 1026 3856 la·
1075 3815 1134 3854 ram
1150 3799 1290 3856 mulierem
1305 3799 1333 3854 in
1348 3801 1496 3872 Evangelio
1511 3816 1565 3856 non
1589 3801 1712 3867 damnat,
1734 3817 1793 3857 nec
1817 3803 1875 3858 dicit

227 3885 273 3942 cit.
289 3883 477 3958 [Augustinus]
493 3885 587 3942 blelius
597 3895 639 3942 est
654 3887 726 3942 enim
742 3889 890 3961 quodlicet
907 3897 933 3945 et
946 3906 1026 3961 expe·
1073 3887 1100 3942 in
1112 3888 1310 3944 resurrectione
1324 3904 1380 3944 non
1403 3905 1485 3960 possa
1507 3905 1569 3944 esse
1589 3889 1660 3955 ;sed
1682 3895 1794 3944 tantum
1818 3893 1874 3945 ait:

227 3973 275 4038 dit,
293 3989 375 4045 quam
392 3974 539 4046 quodlicet
562 3983 589 4031 et
611 3991 666 4030 non
686 3977 803 4047 expedit.
816 3978 872 4048 (87)
887 3978 938 4035 llic
952 3978 1025 4033 enim
1074 3977 1165 4050 Neque
1179 3977 1285 4033 nubent
1300 3993 1389 4050 neque
1405 3977 1549 4034 nubentur
1563 3976 1672 4047 (lluttlt.
1689 3979 1780 4048 xxti).
1801 3980 1873 4034 Unde

226 4062 297 4117 bene
324 4061 407 4117 utitur
431 4064 511 4117 bomo
527 4063 608 4128 malo,
626 4064 662 4118 ibi
681 4079 745 4121 vero
760 4065 829 4121 bene
844 4067 926 4121 utitur
940 4067 1022 4123 bono.
1073 4080 1124 4120 nec
1137 4072 1228 4120 contra
1253 4065 1378 4121 humanae
1401 4065 1574 4122 verecundia
1601 4081 1713 4120 sensum
1729 4066 1821 4122 audeo
1836 4069 1874 4120 di-

227 4150 287 4204 Dno
303 4149 376 4204 enim
391 4150 458 4216 haec,
472 4151 575 4208 scilicet
584 4153 684 4207 bonnm
695 4161 721 4209 ει
732 4155 842 4225 malum,
855 4163 881 4210 et
895 4155 947 4210 alia
958 4154 1022 4223 duo,
1074 4168 1146 4220 cere,
1164 4161 1193 4208 ut
1208 4154 1314 4226 quoties
1328 4154 1470 4220 voluerint,
1479 4154 1591 4222 nubant,
1605 4169 1658 4210 nec
1672 4169 1706 4208 cx
1715 4169 1782 4210 mco
1793 4157 1872 4212 corde

226 4235 331 4294 scilicet
344 4254 410 4293 usus
424 4238 548 4294 bonuset
563 4257 628 4295 usus
641 4242 740 4308 malus,
762 4243 869 4298 sibimet
887 4243 1022 4316 adjuncta,
1074 4249 1174 4312 praeter
1197 4242 1342 4314 Scripturae
1372 4250 1472 4299 sanctae
1493 4242 1679 4300 anctoritatem
1706 4244 1872 4314 quotaslibet

226 4333 343 4398 quatuor
356 4324 524 4382 differentias
534 4326 644 4384 iaciunt.
659 4330 731 4386 Bene
749 4331 831 4386 utitur
841 4331 938 4404 aliquis
952 4333 1024 4389 bono
1035 4333 1060 4392 D
1072 4330 1180 4401 nuptias
1195 4331 1283 4387 audeo
1298 4331 1492 4388 condemnare.
1506 4333 1562 4402 (90)
1577 4329 1656 4400 Quod
1670 4338 1766 4386 autem
1776 4333 1872 4389 dicitur

226 4415 418 4471 continentiam
443 4415 574 4473 dedicans
598 4417 679 4473 Deo..
692 4418 760 4474 itale
774 4421 858 4475 utitur
877 4421 937 4492 quis
951 4422 1023 4477 bono
1072 4419 1184 4474 univirae
1199 4419 1296 4486 vidum,
1312 4421 1364 4476 hoc
1379 4419 1453 4476 omni
1468 4419 1565 4476 dicitur
1578 4419 1794 4487 viduae,scilicet
1810 4423 1870 4477 bas

226 4503 419 4560 continentiam
443 4504 573 4562 dedicans
596 4506 1023 4582 id010.atateutitnrquismulo
1072 4507 1124 4563 tior
1138 4508 1197 4574 erit,
1214 4508 1237 4563 si
1258 4507 1297 4563 sic
1310 4509 1487 4580 permanserit
1507 4508 1657 4566 secundnm
1683 4525 1780 4564 meum
1808 4527 1869 4565 con·

226 4591 476 4663 concupiscentiam
512 4594 636 4650 relaxans
672 4595 814 4652 adulterio.
839 4597 911 4653 Bene
940 4599 1024 4654 utitur
1073 4595 1171 4651 silium.
1187 4597 1221 4651 Et
1231 4612 1265 4652 ne
1285 4597 1345 4669 quis
1364 4597 1417 4653 hoc
1444 4597 1588 4653 consilium
1611 4603 1745 4670 tanquam
1773 4599 1867 4654 huma-

224 4680 297 4736 malo
319 4681 569 4752 concupiscentiam
591 4684 760 4757 restringens
787 4687 932 4744 connubio.
948 4687 1023 4744 Sicut
1072 4701 1137 4739 num
1152 4691 1178 4740 et
1191 4700 1245 4740 aon
1260 4683 1382 4739 divinum
1402 4693 1510 4755 putaret
1531 4685 1774 4755 contemnendum,
1799 4689 1869 4756 adja-

225 4784 293 4836 erpo
317 4768 415 4825 malim
438 4777 480 4825 est
501 4771 570 4827 bene
594 4772 676 4838 bono,
694 4773 861 4845 quambene
877 4775 914 4830 uti
938 4776 1020 4847 malo,
1071 4773 1107 4829 cit
1123 4791 1130 4827 ι
1147 4776 1219 4830 Puto
1234 4777 1330 4829 uatem
1345 4774 1416 4846 qaod
1438 4790 1495 4845 epo,
1522 4773 1592 4829 sicut
1619 4780 1645 4829 et
1669 4772 1718 4828 alii
1740 4776 1864 4845 apostoli.

225 4871 289 4913 cum
302 4865 447 4930 utrumque
463 4859 497 4914 sit
515 4859 626 4928 bonum,
643 4861 677 4916 ita
686 4861 733 4935 qni
743 4863 789 4918 dat
800 4863 934 4938 virginem
946 4881 1022 4920 suam
1071 4863 1207 4934 spiritum
1222 4863 1272 4918 liei
1287 4861 1381 4928 babeo,
1393 4877 1447 4934 quo
1456 4861 1614 4934 inspirante,
1626 4863 1686 4918 haec
1700 4870 1727 4917 ει
1743 4863 1796 4917 εΙίε
1807 4881 1864 4919 sua-

223 4946 318 5019 nuptui
332 4947 402 5003 bene
418 4946 500 5014 lacit;
527 4956 553 5004 et
567 4949 612 5021 qui
626 4965 680 5006 non
695 4951 751 5018 dat,
766 4951 863 5008 melius
878 4951 951 5009 iacit.
967 4954 1021 5010 Bo·
1071 4951 1132 5016 deo,
1150 4951 1223 5022 quod
1237 4967 1286 5006 vos
1300 4967 1356 5006 nou
1370 4951 1469 5022 putatis
1483 4951 1550 5023 (91).
1576 4951 1646 5006 Νειε
1663 4951 1737 5022 quod
1762 4953 1862 5017 dicens,

223 5051 289 5090 num
304 5043 345 5092 est
359 5035 430 5092 enim
455 5035 585 5107 pudicitia
600 5039 761 5113 conjugalis,
777 5041 826 5096 sed
839 5041 937 5098 melius
952 5059 1017 5100 con·
1070 5047 1144 5109 puto,
1159 5053 1214 5095 non
1229 5039 1333 5094 dubitat
1346 5039 1502 5111 Apostolus,
1532 5040 1582 5095 sed
1603 5047 1810 5110 contemptores
1824 5043 1863 5094 in-

222 5123 336 5182 tinentia
359 5124 501 5198 virginalis
515 5126 559 5181 vel
574 5127 700 5182 vidualis.
728 5129 785 5201 (88)
800 5130 895 5186 Mulier
909 5131 1020 5206 alligata
1070 5134 1174 5199 crepat,
1194 5135 1223 5183 nt
1250 5135 1277 5184 et
1299 5128 1432 5184 Dominus
1448 5144 1503 5184 non
1523 5127 1638 5199 dubitat,
1669 5127 1720 5184 sed
1746 5129 1863 5202 increpat

268 5301 312 5366 87)
332 5304 452 5368 aurata,
466 5305 500 5356 tte
511 5305 633 5368 baptismo
642 5307 808 5369 parvulorum.
1106 5306 1160 5372 (99)
1179 5306 1228 5369 tn„
1240 5307 1271 5360 ad
1283 5307 1428 5360 potentium.

268 5367 311 5430 88)
330 5369 377 5431 ld,
390 5371 522 5424 Damnata
535 5373 662 5424 viduitate.
1105 5373 1160 5442 (91)
1178 5374 1227 5440 ld,
1240 5385 1314 5438 snper
1324 5375 1400 5426 toan.v

165 5467 169 5478 .
267 5433 311 5499 89)
329 5435 660 5500 immanissimorum.
