3906 6056
197 157 262 212 titt
528 175 531 184 ’
869 153 972 211 PETRI
985 150 1164 211 conanum
1781 157 1860 214 ιιιι

196 278 250 334 boc
263 276 297 333 ad
312 277 481 351 peccandum
495 277 620 334 liberast
634 276 697 352 quia
710 275 816 349 peccati
830 292 926 334 servus
940 284 993 344 est,
1009 277 1144 340 Aomnes
1171 277 1217 350 qui
1245 294 1307 334 cunt
1335 278 1515 336 delectatione
1541 286 1668 352 peccent,
1696 288 1722 336 et
1751 280 1860 352 quibus

195 365 235 421 sic
249 366 397 435 etiustitiaa
412 366 496 423 libere
511 366 604 434 servit,
623 366 670 440 qui
692 373 774 436 amat,
805 366 851 438 qui
879 365 992 422 laetatur.
1048 366 1147 437 placet,
1164 367 1239 438 quod
1253 368 1293 423 eis
1308 367 1382 424 libet.
1408 367 1498 424 tiberi
1525 383 1594 443 ergo
1622 384 1638 424 a
1662 369 1769 439 justitia
1799 384 1859 424 non

193 454 258 526 lpse
272 463 314 510 εει
327 471 393 512 vere
408 455 520 512 libertas
535 464 645 528 propter
668 464 744 512 recte
774 454 838 511 laeti
864 454 993 521 laetitiam,
1047 463 1109 510 sunt
1124 454 1176 510 nisi
1190 456 1300 513 arbitrio
1320 456 1471 526 libertatis;
1499 457 1607 512 liberati
1629 467 1721 514 autera
1750 473 1858 529 epea·

193 541 273 598 simul
287 552 314 599 et
328 543 372 616 pia
386 544 502 601 servitus
516 552 629 617 propter
642 543 770 616 precepti
798 543 994 599 obedientiam.
1046 551 1107 599 ceto
1120 560 1175 599 non
1189 553 1261 612 sunt,
1286 545 1339 601 nisi
1363 545 1450 619 gratia
1479 545 1637 602 salvatoris.
1665 548 1741 617 (lta)
1776 547 1860 603 Serui

193 631 259 688 llaec
273 639 315 688 est
338 648 404 705 ergo
427 632 499 689 bona
523 632 639 690 servitus
663 639 689 688 et
710 632 841 700 libertas;
854 631 901 686 illa
928 646 995 688 vero
1045 636 1165 702 cotem
1180 634 1258 706 qnasi
1273 633 1344 691 dicat
1360 653 1370 691 .·
1385 634 1502 690 Liberati
1517 635 1611 690 estias
1626 643 1750 707 peccato,
1783 636 1858 690 servi

193 720 278 777 mala.
1045 728 1134 777 autem
1149 721 1214 779 estis
1229 725 1303 795 sceti
1317 723 1395 795 quasi
1410 739 1460 794 per
1475 723 1558 778 alium
1573 724 1640 793 Deo,
1657 723 1704 796 qui
1725 730 1795 780 tunc
1824 723 1856 780 li

231 811 317 880 Quem
332 827 406 883 erpo,
423 818 488 880 etc,
504 809 582 883 quasi
604 810 677 867 dicat
688 827 695 864 :
707 809 774 866 Cum
801 808 875 866 servi
898 808 995 865 essetis
1045 808 1106 865 beri
1134 809 1222 865 fuistis
1232 810 1376 883 J'ustititiae,
1393 819 1420 867 et
1434 812 1490 868 Vos
1504 810 1611 868 liberati
1631 819 1659 868 et
1686 811 1761 868 serui
1790 810 1858 868 iacti

191 907 314 972 peccato,
330 898 454 956 caruistis
465 899 579 970 justitia,
606 907 633 955 ει
657 898 740 955 etiam
763 896 813 953 fuit
835 897 915 954 uobis
939 896 996 954 iru-
1045 895 1333 971 bubetieinpraesenti
1348 903 1476 972 fructum
1491 904 1628 968 cesinam,
1655 899 1684 956 id
1711 907 1754 956 est
1783 915 1856 957 con-

191 996 252 1045 atus
267 987 328 1044 talis
341 987 414 1044 unde
441 987 619 1054 erubescetis,
645 994 672 1042 et
695 985 757 1042 finis
781 1001 858 1042 mors
880 993 994 1043 aeterna.
1045 1003 1165 1060 gruum3
1181 1003 1232 1045 voa
1248 988 1309 1045 dico
1324 981 1408 1056 ducti,
1425 989 1735 1060 ineouctificctioaem,
1760 989 1790 1044 id
1814 998 1857 1045 est

191 1075 227 1131 ιιι
242 1076 294 1132 boc
308 1075 372 1132 dicit
396 1075 447 1131 sub
474 1074 711 1149 interrogatione;
726 1075 805 1146 quasi
834 1074 925 1132 dicat:
942 1074 995 1129 Ca-
1044 1074 1073 1130 in
1088 1075 1216 1132 virtutum
1231 1078 1509 1146 consummationem
1530 1079 1690 1150 finemoero
1715 1077 1855 1134 habebitis

190 1163 286 1220 ruistis
297 1163 411 1233 iustitia.
429 1163 515 1232 Quem
525 1180 589 1235 erpo
597 1166 727 1236 frutetum
741 1163 879 1220 habuistis
904 1167 996 1220 tunel
1044 1164 1136 1220 vitam
1146 1168 1294 1235 aeternam,
1312 1164 1503 1240 [Ambrosius]
1519 1167 1547 1222 id
1561 1174 1603 1222 εει
1615 1166 1644 1222 ia
1657 1167 1731 1222 exitu
1744 1173 1774 1222 et
1798 1165 1854 1221 fine

193 1252 271 1325 quasi
281 1252 374 1308 dicat:
391 1251 492 1308 bialum
507 1252 612 1310 scilicet
638 1253 772 1322 majorem
801 1251 995 1322 turpitudinem
1044 1251 1115 1320 rite,
1132 1253 1267 1310 habebitis
1282 1253 1438 1326 vitamque
1462 1263 1503 1310 est
1527 1255 1587 1311 sine
1613 1255 1678 1312 line.
1702 1255 1854 1326 Stipendia

192 1340 326 1396 habuistis
340 1339 412 1408 dieo,
427 1341 528 1397 inillis
542 1341 756 1413 turpitudinibus
766 1347 952 1412 peccatorum,
963 1340 995 1394 iat
1045 1342 1132 1410 enim,
1145 1349 1209 1412 ete,
1226 1343 1305 1416 quasi
1320 1343 1391 1400 dicat
1401 1343 1488 1400 :Ve're
1503 1342 1565 1398 iinis
1579 1343 1689 1398 illorum
1703 1359 1782 1400 more
1799 1351 1851 1408 est,

192 1431 300 1502 quibus,
317 1429 343 1484 id
355 1437 396 1486 εει
410 1429 438 1486 in
453 1445 569 1502 quarum
584 1431 715 1486 memoria
726 1429 891 1487 erubescitis
905 1441 994 1494 auae,
1046 1429 1108 1502 quia
1122 1446 1197 1486 mors
1208 1439 1310 1488 aetema
1325 1438 1367 1487 est
1382 1431 1517 1504 stipendia
1530 1435 1651 1504 peceati,
1666 1432 1694 1487 id
1710 1439 1751 1488 est
1766 1431 1852 1504 digna

193 1533 256 1576 cum
272 1534 346 1575 sanae
360 1519 460 1574 mentis
475 1517 551 1574 estis.
569 1517 643 1590 (ιιι)
658 1519 707 1574 Est
736 1517 807 1574 enirn
836 1516 996 1589 temporalis
1045 1519 1187 1576 retributio
1202 1535 1253 1591 pro
1267 1527 1389 1592 peccato.
1412 1521 1577 1578 Vituuutem
1585 1525 1702 1589 eierato,
1720 1537 1785 1593 quae
1811 1528 1853 1576 est

192 1607 317 1665 confusio
345 1610 470 1681 quaedam
498 1607 600 1664 scilicet
628 1607 700 1662 utilis
729 1606 882 1678 pertubatio
911 1605 1030 1696 animiB
1045 1602 1247 1673 iinisjustorum
1262 1604 1321 1660 sola
1334 1605 1385 1660 Dei
1400 1605 1484 1677 gratia
1500 1605 1589 1674 datur,
1606 1611 1633 1660 et
1647 1604 1700 1662 boc
1716 1607 1749 1660 io
1776 1603 1853 1660 cbri-

196 1695 369 1769 respieientis
382 1703 496 1768 peccata
511 1711 571 1764 sua,
588 1703 614 1752 et
628 1695 799 1767 respectione
808 1693 955 1762 horrentis,
968 1701 995 1749 et
1047 1693 1399 1761 stoieaulicminoatostro,
1413 1694 1442 1748 id
1457 1701 1498 1749 est
1512 1709 1563 1765 per
1582 1694 1675 1750 lesum
1697 1693 1850 1749 Christum.

194 1785 310 1842 horrore
326 1784 530 1852 erubescentis,
560 1791 586 1840 et
611 1784 798 1841 erubescendo
825 1781 996 1855 corrigentis.
1047 1778 1178 1869 [Haimol
1189 1781 1306 1839 attende
1316 1782 1390 1854 quod
1399 1783 1556 1856 loqueusde
1566 1783 1853 1854 remunerationepee·

196 1873 232 1929 Et
247 1881 311 1930 nota
323 1873 397 1946 quod
411 1873 474 1930 ideo
489 1871 560 1928 mala
574 1872 667 1945 priora
680 1880 815 1930 memorat
839 1871 996 1944 Apostolus,
1047 1869 1111 1936 cati,
1128 1869 1292 1942 stipendium
1308 1871 1468 1939 nominavit,
1479 1869 1506 1928 ει
1520 1871 1554 1927 de
1566 1871 1790 1928 remuneratione
1800 1871 1853 1927 ele·

197 1962 261 2034 quia
276 1963 336 2019 brec
355 1961 548 2018 rememoratio
576 1960 638 2020 iacit
666 1962 758 2034 priora
780 1961 941 2029 abhorrere,
970 1966 998 2016 et
1047 1965 1155 2015 ctorum
1169 1958 1236 2015 dixit
1269 1959 1388 2032 gratiam
1421 1960 1481 2030 Dei,
1513 1960 1578 2033 quia
1600 1960 1716 2015 militant
1741 1959 1853 2016 diabolo

193 2049 283 2124 magis
310 2049 444 2108 obnoxios
459 2050 563 2125 gratiae.
623 2042 627 2054 '
1046 2047 1185 2120 propriam
1198 2049 1356 2105 mercedem
1371 2047 1518 2120 accipiunt,
1536 2049 1614 2122 quasi
1628 2048 1718 2105 dicat:
1738 2048 1851 2120 Stipen-

228 2139 315 2197 Vnns.
331 2142 429 2198 ibib.
446 2170 482 2180 -
497 2161 508 2191 ι
524 2140 596 2195 Nam
611 2137 674 2194 finis
688 2137 807 2208 illorum,
838 2153 914 2195 mors
943 2143 994 2193 est.
1046 2134 1130 2204 dium,
1147 2136 1175 2191 id
1189 2144 1230 2192 est
1245 2136 1387 2193 diabolice
1397 2135 1849 2211 malitiaedebitum.[dugustinus,

196 2229 304 2284 «Nunc
318 2243 385 2285 vero
399 2227 538 2283 liberatia
560 2235 684 2300 peccato,
715 2227 789 2283 servi
818 2235 908 2282 autem
932 2223 998 2282 iacti
1045 2223 1164 2298 Haimo]
1178 2224 1347 2296 Stipendium
1362 2225 1435 2281 enim
1448 2225 1578 2282 dicituro
1599 2225 1669 2297 stipe
1691 2226 1848 2297 pendenda,

194 2339 205 2366 ι
223 2318 292 2384 ιιεο,
309 2315 414 2372 habetis
429 2314 545 2372 fructum
559 2322 682 2373 nestrum
696 2315 724 2370 in
739 2313 995 2380 sanctificationem,
1045 2313 1073 2368 id
1088 2321 1130 2369 est
1144 2313 1294 2370 substantia
1308 2313 1493 2386 ponderanda.
1516 2314 1671 2387 antiquitus
1695 2314 1769 2370 enim
1798 2329 1851 2386 po-

195 2405 306 2462 rtinem
320 2420 388 2462 vero
399 2405 483 2461 uitam
502 2412 644 2462 aetemam.
670 2403 809 2477 Stipendia
832 2402 904 2459 enim
927 2417 996 2473 pec·
1044 2402 1098 2458 tius
1112 2403 1317 2474 ponderabatur
1330 2403 1447 2475 pecunia
1461 2419 1541 2476 quam
1560 2403 1762 2474 numerabatur,
1789 2419 1850 2466 uae

195 2494 298 2563 acati,
332 2509 428 2562 mors;
452 2493 538 2567 gratia
561 2501 652 2551 autem
677 2493 737 2560 Dei,
763 2492 941 2564 vitaaeterna
967 2490 995 2546 in
1045 2489 1176 2547 militibus
1190 2507 1241 2563 pro
1260 2492 1348 2564 patria
1361 2491 1539 2548 militantibus
1562 2509 1595 2548 ex
1618 2493 1730 2565 publico
1750 2491 1849 2548 aurio

196 2582 333 2639 quristo
347 2583 413 2638 lesu
428 2581 545 2639 Domino
560 2589 694 2638 nostro.»
1043 2579 1226 2636 tribuebatur.
1264 2581 1340 2653 (tte)
1373 2581 1438 2637 ideo
1461 2581 1528 2638 dixit
1549 2581 1715 2654 stipendium
1742 2580 1849 2653 peccati

230 2671 388 2742 Numinis,
404 2671 481 2742 quasi
508 2669 581 2726 dicat
594 2687 602 2725 :
616 2670 657 2726 De
684 2668 774 2726 fructu
800 2683 902 2741 quero,
932 2683 995 2724 nam
1044 2685 1129 2737 mors,
1147 2677 1177 2724 ut
1190 2677 1307 2725 mortem
1320 2677 1503 2741 peccatonon
1518 2670 1652 2726 immerito
1667 2670 1783 2737 illatam,
1799 2669 1847 2725 aed

193 2759 228 2816 de
241 2759 295 2814 line
313 2767 399 2830 patet,
423 2757 528 2815 seilicet
552 2757 625 2829 quod
659 2757 722 2812 finis
740 2758 868 2827 illorum,
892 2755 995 2813 scilicet
1044 2757 1163 2814 debitam
1177 2757 1390 2815 demonstmret.
1407 2759 1548 2831 Stipendia
1563 2759 1635 2815 enim
1650 2759 1727 2832 quasi
1745 2757 1846 2814 emeri-

192 2847 283 2906 exitus
296 2847 369 2917 vita,
386 2854 413 2902 ει
428 2854 548 2915 actuum,
565 2851 606 2903 est
620 2862 696 2904 more
711 2852 822 2913 aetema,
851 2861 913 2917 qum
941 2844 995 2900 illis
1043 2853 1132 2902 torum
1147 2855 1219 2916 sunt,
1237 2855 1264 2902 et
1277 2847 1441 2920 stipendium
1454 2863 1504 2919 pro
1519 2863 1603 2918 opere
1623 2847 1765 2903 diabolicae
1789 2846 1845 2901 mi-

191 2936 319 3009 operibus
344 2943 372 2992 et
395 2934 460 2990 talia
494 2935 671 3007 operantibus
701 2934 832 2992 succedit.
863 2921 994 3004 [Ambro—
1042 2934 1106 2991 litiae
1121 2935 1242 2991 debiturn
1264 2936 1398 3004 redditur,
1421 2951 1477 2992 non
1498 2936 1626 2993 donatur.
1650 2934 1745 2992 Gratia
1765 2951 1844 3003 vero,

189 3024 269 3099 sius]
283 3028 306 3082 A
321 3031 410 3080 morte
424 3023 498 3080 enim
525 3024 630 3096 peceati
657 3023 692 3078 ad
720 3031 835 3079 mortem
864 3029 992 3078 aetemam
1008 2998 1095 3079 Gnisi
1114 3025 1200 3098 gratis
1214 3031 1265 3095 est,
1282 3025 1368 3096 gratia
1382 3040 1438 3080 non
1460 3031 1511 3082 est.
1537 3024 1748 3097 Intelligendum
1760 3023 1843 3098 igitur

191 3115 330 3172 transitur.
346 3115 418 3170 Eece
437 3112 548 3170 libertas
569 3112 679 3168 illorum
707 3120 734 3168 et
760 3110 874 3168 maculis
900 3110 992 3182 plena,
1043 3119 1084 3169 est
1099 3113 1178 3168 etiam
1195 3113 1267 3170 bona
1281 3113 1342 3186 ipsa
1355 3112 1473 3170 hominis
1487 3113 1586 3170 merita
1601 3129 1662 3170 esse
1677 3114 1728 3168 liei
1749 3129 1845 3168 mune-

192 3212 220 3262 et
234 3217 379 3276 paenarum
400 3201 575 3274 squaloribus
599 3209 641 3257 est
667 3200 832 3272 mancipata.
864 3197 994 3272 [licimo]
1042 3217 1083 3269 ra,
1102 3201 1201 3274 quibus
1214 3217 1277 3259 eum
1292 3202 1346 3258 vita
1360 3209 1461 3258 aterne
1474 3201 1607 3271 redditur,
1627 3200 1692 3275 quid
1704 3201 1758 3257 nisi
1776 3217 1844 3275 gra-

190 3292 232 3348 De
247 3291 345 3346 talibus
359 3289 423 3346 dicit
436 3291 589 3362 propheta:
606 3288 847 3362 computruerunt
857 3289 994 3360 jumento
1042 3289 1081 3346 tia
1094 3305 1144 3362 pro
1159 3291 1247 3364 gratia
1261 3290 1365 3346 daturi
1379 3298 1405 3346 et
1420 3290 1483 3362 quia
1495 3290 1594 3346 merita
1609 3305 1641 3346 ex
1656 3289 1746 3364 gratia
1769 3298 1841 3358 sunt,

191 3381 224 3436 tn
238 3383 361 3436 stercore
373 3394 425 3435 auo
435 3377 504 3450 (ieet
518 3377 548 3449 ι).
564 3377 688 3433 lumenta
716 3376 841 3433 dicuntur
868 3376 993 3432 homines
1043 3387 1070 3434 et
1083 3379 1121 3434 ita
1135 3378 1223 3452 gratia
1237 3395 1288 3452 pro
1302 3379 1391 3452 gratia
1405 3379 1540 3437 reddetur.
1558 3381 1632 3451 (ιιι)
1653 3381 1749 3436 Ροεεει
1775 3393 1843 3452 ergo

189 3465 424 3524 irrrationabiliter
437 3465 561 3522 viventes
576 3464 635 3521 sine
656 3467 799 3521 honestate
831 3478 940 3520 morum
967 3472 994 3520 et
1043 3475 1116 3524 recte
1125 3467 1215 3524 dicere
1228 3467 1394 3540 stipendium
1401 3469 1522 3539 justitiae,
1540 3468 1714 3540 dteaeterna,
1726 3467 1843 3525 aedme-

192 3555 419 3614 couversationis.
447 3554 574 3610 lumenta
601 3569 666 3626 ergo
693 3554 722 3609 in
750 3561 869 3609 stercore
897 3561 994 3624 putre·
1043 3556 1092 3612 luit
1106 3555 1195 3629 gratia
1208 3556 1259 3612 Dei
1272 3557 1431 3614 dicererita
1442 3565 1553 3629 aeterna,
1578 3565 1608 3614 ut
1626 3557 1841 3630 intelligeremus

193 3661 271 3704 scere
286 3643 370 3702 estin
385 3643 471 3700 fetore
486 3641 610 3711 luxuriae,
627 3649 654 3698 et
668 3641 832 3714 turpitudine
855 3641 991 3709 vitiomm,
1043 3647 1130 3702 Deum
1142 3645 1178 3701 ad
1191 3645 1275 3702 vitam
1296 3653 1428 3702 aeternam
1451 3662 1502 3718 pro
1525 3662 1573 3702 sua
1594 3646 1769 3702 miseratione
1792 3662 1842 3702 nos

191 3737 278 3792 vitam
306 3733 395 3789 finire.
434 3733 515 3790 Nune
537 3739 648 3788 autern:
664 3732 742 3804 quasi
768 3730 841 3787 dicat
857 3746 864 3785 ε
880 3731 919 3786 lta
944 3729 994 3786 iuit
1042 3735 1202 3807 perducere,
1219 3749 1275 3790 non
1288 3735 1515 3792 meritisaostris.
1531 3735 1606 3807 (ιιι)
1621 3734 1694 3805 Quid
1712 3735 1784 3792 enim
1802 3743 1844 3792 cst

197 3832 273 3892 tunc,
290 3840 353 3880 cum
367 3820 507 3880 serviretis
520 3826 644 3893 peccato.
662 3821 813 3877 Nuacvero
835 3835 897 3877 curn
925 3833 993 3876 con·
1043 3823 1170 3880 meritum
1184 3823 1302 3879 hominis
1316 3830 1380 3880 ante
1403 3823 1528 3898 gratiam,
1544 3839 1607 3881 cum
1630 3839 1712 3880 omne
1739 3824 1840 3880 bonum

192 3912 270 3971 versi
283 3913 360 3980 estis,
379 3911 493 3968 liberati
508 3909 574 3966 estis
588 3925 605 3966 a
619 3915 741 3981 peccato,
758 3910 835 3979 eujus
849 3917 913 3965 tunc
923 3907 995 3965 servi
1043 3913 1171 3968 meritum
1185 3921 1309 3968 nostrum
1323 3927 1379 3968 non
1393 3912 1421 3968 in
1441 3911 1522 3968 nobis
1545 3911 1627 3970 saciat
1652 3911 1705 3967 nisi
1728 3913 1820 3986 gratia
1832 3913 1846 3968 ι

193 4003 284 4060 eratis.
315 4001 390 4072 (ιιι)
418 4000 488 4055 Νοιε
523 3999 596 4072 quod
624 3997 776 4070 supradixit
810 4012 858 4054 eos
891 3997 994 4054 liberos
1046 4000 1243 4073 BssQuippe
1257 4016 1320 4058 curn
1334 4002 1409 4057 Deus
1424 4008 1536 4058 coronat
1550 4001 1647 4058 merita
1661 4001 1841 4070 nostra,nibil

192 4090 278 4147 luisse
290 4088 412 4159 justitie,
427 4102 483 4143 non
498 4086 631 4144 liberatos
646 4105 653 4154 ;
669 4102 742 4143 nunc
768 4093 860 4142 autern
885 4102 900 4140 a
926 4103 994 4158 pec-
1044 4089 1117 4146 aliud
1132 4097 1245 4146 coronat
1259 4105 1339 4162 quam
1360 4089 1457 4146 merita
1480 4105 1539 4148 sua.
1564 4090 1642 4146 linde
1664 4089 1719 4146 vita
1741 4098 1840 4146 aeterna

194 4186 253 4236 cato
268 4193 324 4233 non
339 4177 442 4232 liberos
457 4175 531 4243 dicit,
547 4192 583 4232 ne
597 4175 650 4230 sibi
663 4176 716 4232 boc
730 4175 858 4242 tribuant,
878 4173 927 4231 sed
950 4175 995 4230 di·
1045 4195 1106 4250 quae
1120 4178 1148 4233 in
1162 4179 1217 4234 line
1231 4193 1247 4233 a
1261 4178 1319 4234 Deo
1333 4177 1438 4235 meritis
1459 4177 1677 4251 praecedentibus
1707 4178 1838 4248 redditur,

193 4267 229 4325 cit
243 4266 358 4339 provide
372 4281 405 4321 ac
419 4263 565 4338 vigilanter
578 4263 716 4345 liberatos,
733 4264 857 4320 reterens
884 4264 936 4319 hoc
960 4262 995 4319 ad
1044 4267 1108 4340 quia
1139 4267 1237 4324 eadem
1257 4267 1355 4324 merita
1379 4267 1477 4342 quibus
1495 4267 1618 4324 redditur
1640 4282 1735 4323 noua
1763 4267 1840 4324 nobis

194 4357 269 4413 illam
286 4353 394 4412 Domini
415 4353 577 4410 sententiam
596 4370 603 4407 z
622 4355 652 4410 Si
663 4354 741 4424 filius
758 4369 804 4410 voa
820 4353 989 4421 liberaverit,
1001 4359 1029 4420 Ι)
1043 4363 1114 4426 sunt,
1130 4356 1180 4412 sed
1194 4355 1221 4411 in
1234 4356 1315 4412 nobis
1328 4355 1401 4413 iacta
1415 4363 1479 4412 sunt
1496 4372 1547 4428 per
1564 4355 1690 4430 gratiam,
1720 4362 1796 4412 recte
1816 4365 1841 4412 ει

192 4461 256 4503 cere
269 4445 349 4502 liberi
357 4443 438 4501 eritis
449 4443 545 4513 (ioan.
564 4443 636 4512 vnn).
654 4441 709 4498 Sed
723 4442 781 4497 llaec
795 4441 917 4498 voluntas
932 4458 992 4513 quae
1044 4445 1114 4517 ipsa,
1131 4445 1219 4517 gratia
1232 4453 1414 4517 nuncupatur,
1430 4445 1700 4518 quiagratisdatur:
1716 4445 1838 4501 nesideo

190 4533 220 4592 in
233 4533 312 4590 malis
325 4533 412 4589 libera
426 4538 477 4599 est,
494 4531 558 4603 quia
571 4530 722 4586 delectatur
734 4529 823 4597 malis,
847 4528 909 4586 ideo
936 4544 992 4587 non
1042 4533 1138 4608 gratis,
1153 4533 1218 4606 quia
1232 4549 1287 4590 uon
1299 4533 1402 4590 meritis
1416 4534 1506 4601 datur,
1524 4534 1573 4590 sed
1587 4535 1650 4606 quia
1665 4533 1728 4589 data
1742 4541 1805 4588 sunt
1815 4543 1839 4590 ει

192 4622 277 4680 estin
293 4620 483 4687 bonislibera,
501 4619 691 4693 quieliberata
704 4633 760 4674 non
787 4625 845 4687 est;
860 4633 912 4676 nec
939 4635 992 4690 po·
1041 4621 1103 4693 ipsa
1124 4621 1229 4690 merita,
1255 4623 1352 4694 quibus
1375 4623 1462 4678 datur.
1486 4623 1561 4694 (lid)
1589 4619 1778 4678 Confitendum
1799 4629 1840 4678 est

190 4719 243 4769 test
256 4713 339 4767 homo
354 4709 458 4782 aliquid
471 4708 535 4765 boni
550 4707 630 4776 velle,
646 4708 698 4764 nisi
725 4708 871 4778 adjuvetur
896 4707 931 4762 ab
958 4723 991 4765 eo
1042 4709 1185 4784 ergoidec
1199 4711 1313 4783 gratiam
1328 4711 1411 4768 vitam
1431 4719 1562 4767 retemam
1579 4709 1680 4781 vocari,
1705 4711 1770 4782 quia
1797 4711 1837 4766 hia

191 4801 239 4875 qui
252 4799 352 4856 malum
367 4815 422 4854 aon
436 4803 526 4870 potest
541 4795 621 4853 velle.
637 4797 671 4852 Et
684 4796 747 4852 ideo
770 4795 814 4852 bic
841 4795 991 4870 vigilantis·
1041 4799 1145 4856 meritis
1159 4799 1292 4868 redditur,
1309 4816 1370 4872 quae
1384 4800 1474 4873 gmtia
1487 4798 1600 4856 contulit
1621 4798 1736 4855 bomini.
1762 4800 1838 4856 Unde

193 4891 261 4947 sime
276 4887 342 4945 dixit
357 4887 514 4944 liberatosa
530 4894 653 4958 peccato,
671 4893 698 4942 et
712 4899 805 4958 supra,
830 4885 933 4942 liberos
944 4885 991 4955 ju·
1041 4888 1071 4943 in
1084 4887 1234 4962 Evangelio
1247 4888 1348 4960 legitur
1372 4895 1399 4944 et
1420 4889 1534 4962 gratiam
1557 4903 1608 4960 pro
1631 4889 1727 4961 gratia,
1749 4887 1778 4944 id
1800 4896 1839 4945 est

191 4979 281 5036 stitiae.
298 4977 424 5034 Liberum
440 4975 513 5032 enim
528 4973 665 5030 arbitrium
678 4989 764 5047 usque
777 4973 846 5030 adeo
872 4973 901 5030 in
928 4989 992 5046 pec·
1041 4991 1093 5049 pro
1107 4977 1147 5034 eis
1161 4976 1263 5033 meritis
1278 4993 1339 5049 quae
1354 4977 1466 5034 contulit
1480 4977 1699 5051 gratiacertum
1715 4976 1787 5033 enim
1797 4985 1838 5033 est

191 5076 285 5125 catore
299 5083 356 5123 non
367 5065 458 5139 periit.
467 5071 504 5121 ιιι
525 5079 575 5138 ρει
603 5063 691 5138 ipsum
718 5070 843 5135 peccent,
871 5063 991 5120 maxime
1041 5065 1123 5123 vitam
1137 5072 1267 5123 aetemam
1280 5065 1359 5122 bouis
1373 5065 1501 5139 operibus
1513 5066 1602 5135 reddi,
1618 5065 1667 5122 sed
1681 5065 1746 5138 ipsa
1756 5080 1837 5139 opera

225 5244 297 5312 (ιιιι)
317 5245 479 5322 Augustinus,
490 5241 515 5294 lu
527 5241 592 5308 psal.
605 5253 667 5294 xxx.
1092 5243 1147 5307 ιιι)
1165 5244 1323 5310 lamudam,
1335 5245 1366 5296 ad
1377 5245 1528 5300 velandum.

239 5311 283 5362 ιιι
317 5311 364 5376 ld,
377 5309 518 5363 adBcnrta.
1089 5311 1148 5378 litt)
1169 5311 1221 5376 ld„
1234 5311 1264 5363 ad
1276 5313 1371 5364 sixtum
1383 5313 1564 5377 presbytenrm.

221 5313 298 5511 {gg}
311 5377 364 5496 lig,
371 5379 407 5496 ὧι
408 5377 514 5497 1ξιιῖἑιιῗιιι.
1076 5369 1150 5446 (ιιιι)
1168 5377 1468 5446 ld.,lteeor.etaratia.
1548 5429 1551 5434 .

341 5479 360 5510 ο,
480 5477 489 5495 0
