3906 6056
190 171 196 182 ⁴
237 218 306 275 trra
676 221 680 228 ’
900 205 1002 263 earm
1029 203 1218 262 coruram.
1826 212 1899 265 sarr

270 341 358 396 Vens.
374 339 472 396 ιιι-ιιι.
488 355 551 386 -ι
573 333 692 391 Vanitati
716 333 789 390 enim
812 340 938 390 creatura
963 329 1069 392 sub-A
1083 330 1236 402 locabitur,
1252 339 1282 388 ut
1295 349 1347 389 nos
1361 332 1489 404 apostoli,
1516 333 1561 405 qni
1574 335 1628 404 jam
1652 333 1700 389 filii
1717 351 1830 402 snmus,
1851 345 1895 388 et-

235 429 332 498 ajecta
347 433 399 492 εει,
415 440 470 481 non
484 423 590 491 rolens,
612 423 661 479 sed
683 429 796 494 propter
817 437 879 478 eum
900 421 945 493 qui
968 420 1032 476 sub·
1083 417 1107 473 si
1121 420 1243 476 nondum
1262 428 1374 493 apparet
1397 421 1463 493 quid
1476 421 1592 489 erimus,
1618 421 1783 479 liberabitur
1808 423 1891 486 dice,

234 539 245 566 a
261 515 328 587 jecit
342 529 404 571 eam
419 513 447 569 in
480 528 538 584 spe,
563 512 626 585 quia
647 518 672 567 et
688 511 746 582 ipsa
761 518 888 566 creatura
901 508 1033 565 liberabi·
1083 525 1100 564 a
1114 512 1251 571 seruitute
1265 511 1475 582 corruptionis,
1495 511 1540 570 vel
1552 510 1681 581 interius,
1697 511 1890 584 [Ambrosius]

237 613 340 660 stura
362 602 493 658 servitute
515 599 697 671 comptionis
718 599 746 656 in
768 600 917 655 libertatem
937 597 1033 670 gloriae
1082 603 1110 658 id
1125 608 1166 658 est
1181 617 1196 656 a
1210 614 1275 656 cura
1290 599 1427 670 quarendi
1441 599 1561 670 victum,
1576 609 1603 655 ει
1616 600 1761 664 vestitum,
1792 607 1822 654 et
1836 600 1890 652 alia

235 691 381 749 «filiorum
395 689 456 748 Dei.
471 688 578 745 Scimus
602 688 674 743 euim
697 687 770 762 quod
794 687 881 743 omnis
910 693 1033 742 creatura
1082 688 1308 766 quibusservitur
1321 693 1421 744 nostrae
1434 689 1599 754 mortalitati,
1615 689 1728 744 veniens
1743 690 1780 743 ira
1799 688 1889 742 liber-

237 778 422 854 aingemiscit
446 785 473 832 et
495 775 610 848 parturit
630 791 717 848 usque
744 775 843 831 adhuc.
867 775 929 831 Non
943 773 1033 830 solum
1084 784 1172 839 ratem
1187 779 1284 850 gloriae
1296 776 1424 846 fitiorum
1432 777 1493 842 Dei,
1504 777 1532 832 id
1543 784 1586 834 est
1599 776 1790 850 ingloriosum
1805 774 1892 830 fiber.

237 865 426 932 «autemilla,
453 865 542 920 sedet
563 863 667 936 nosipsi
692 863 825 936 primitias
848 861 957 934 spiritus
981 862 1032 916 ha·
1081 876 1165 924 tatem
1180 881 1261 940 quam
1275 862 1414 920 habebunt
1427 863 1474 920 filii
1503 865 1563 921 Dei.
1588 865 1623 920 lit
1644 866 1704 921 haec
1723 865 1824 920 omnia
1837 881 1891 935 per

238 979 249 1010 ε
267 957 364 1013 bentes
378 961 405 1011 et
419 953 472 1026 ipsi
495 951 567 1008 intra
589 967 639 1008 nos
662 952 797 1026 gemimus
812 951 986 1024 adoptionem
1001 949 1032 1004 fi·
1082 957 1205 1029 spiritum
1220 953 1293 1011 liant.

239 1045 367 1102 eliorum
383 1041 442 1107 Dei,
460 1049 646 1112 exspectantes
668 1039 884 1116 redemptionem
910 1038 1032 1114 corporis
1119 1047 1228 1102 &lmus
1242 1044 1329 1110 enim,
1347 1041 1426 1115 quasi
1440 1041 1529 1098 dicat:
1545 1043 1887 1112 Verecreaturasnbjecta

237 1155 250 1185 ι
268 1133 362 1189 nostri.
381 1151 393 1181 r
1081 1139 1122 1189 est
1136 1131 1259 1200 vanitati,
1275 1147 1330 1188 nou
1346 1132 1452 1188 volens.
1468 1130 1577 1186 Scimus
1587 1131 1673 1197 caim,
1689 1131 1771 1204 quusi
1783 1131 1861 1187 dicat
1877 1149 1884 1184 ε

273 1221 410 1287 Vanitati,
439 1227 492 1276 etc.
520 1219 641 1275 Procede
668 1216 745 1288 ptius
773 1215 923 1273 secundum
957 1214 1031 1270 illam
1079 1222 1214 1293 Exsperto
1228 1220 1339 1287 credite,
1356 1218 1430 1292 quod
1443 1219 1535 1274 omnia
1554 1223 1687 1276 creatura
1701 1221 1883 1292 ingemiscit.

236 1308 417 1374 sententiam,
448 1307 494 1363 ubi
521 1323 572 1379 per
593 1313 746 1363 creaturam
767 1305 935 1376 accipiuntur
954 1304 1029 1360 boni.
1081 1308 1176 1365 omnis
1190 1316 1316 1366 creatura
1330 1307 1428 1364 dieitur
1441 1309 1533 1375 homo,
1549 1307 1612 1380 quie
1639 1307 1728 1363 omnis
1750 1317 1883 1364 ereatura

234 1397 319 1468 Quasi
334 1397 407 1453 dicat
421 1413 428 1451 :
442 1397 573 1453 Creatura
591 1401 739 1467 exspectat,
760 1403 786 1450 et
809 1409 924 1450 necesse
943 1401 986 1449 est
1005 1392 1030 1448 ei
1079 1397 1108 1452 in
1121 1396 1231 1453 homine
1245 1381 1411 1463 numeratur,
1427 1411 1482 1452 non
1497 1395 1606 1468 quodin
1617 1395 1713 1451 eosint
1727 1411 1884 1452 omnesau-

235 1492 403 1558 erspectare,
439 1485 503 1558 quia
521 1484 634 1542 vanitati
655 1483 778 1553 subjecta
800 1489 851 1538 εει.
880 1483 915 1538 Et
941 1487 1031 1553 potest
1079 1485 1144 1558 geli,
1159 1493 1186 1540 ει
1200 1484 1432 1556 supereminentes
1447 1484 1606 1550 virtutes,et
1622 1483 1731 1550 coelum,
1748 1491 1775 1540 et
1792 1492 1879 1548 terra,

234 1582 403 1646 exspectare,
420 1573 555 1647 quianon
582 1579 652 1628 amat
681 1587 761 1642 rana,
786 1587 846 1644 qua
861 1577 923 1626 sunt
938 1570 1030 1626 omnia
1079 1581 1107 1628 et
1120 1588 1205 1640 mare,
1222 1580 1249 1628 et
1262 1573 1354 1628 emnia
1369 1587 1430 1645 quae
1443 1571 1471 1626 in
1490 1571 1530 1627 eis
1546 1579 1617 1640 sunt,
1634 1571 1682 1627 sed
1708 1573 1771 1645 quia
1787 1573 1880 1628 omnis

234 1663 384 1720 mundana·
403 1663 438 1718 lit
461 1665 515 1719 hoc
543 1670 585 1718 est
603 1662 676 1735 quod
691 1660 751 1716 ait:
775 1661 900 1718 Vanitati
923 1661 1066 1744 etenimB
1080 1668 1207 1718 creatura
1221 1668 1271 1730 est,
1288 1661 1331 1718 vel
1345 1660 1501 1732 corporalis,
1522 1659 1567 1716 vel
1581 1659 1715 1726 animalis,
1732 1660 1777 1716 rel
1793 1661 1879 1731 spiri-

234 1757 378 1821 orsatara,
390 1751 419 1807 id
433 1760 475 1806 est
486 1751 560 1821 boni,
575 1751 701 1822 sabjecta
715 1753 759 1805 est
771 1765 829 1806 aon
839 1750 944 1819 volcas,
961 1747 1032 1821 [tus
1080 1749 1161 1805 tuelis
1176 1751 1261 1821 (ιιι).
1286 1748 1439 1820 Corporalis
1453 1765 1504 1820 per
1517 1747 1579 1804 loca
1593 1748 1722 1815 tenditur,
1748 1747 1878 1803 animalis

234 1839 371 1914 guatinas]
386 1840 415 1895 id
429 1847 471 1896 est
487 1855 542 1895 uon
561 1853 657 1894 amans
680 1837 731 1892 ista
753 1837 858 1894 caduca
877 1853 938 1908 quea
959 1851 1030 1892 vana
1079 1837 1197 1895 viviticat
1220 1837 1401 1909 corporalem,
1425 1836 1573 1908 spiritualis
1587 1836 1658 1910 regit
1668 1837 1828 1892 animalem.
1845 1839 1879 1891 Et

236 1937 306 1986 sunt.
324 1929 401 1985 Unde
412 1927 543 1984 Salomon
560 1944 567 1982 ε
587 1929 701 1984 Vomitus
716 1927 877 1982 vanitatum
891 1929 919 1981 et
933 1925 1030 1980 omnia
1081 1934 1146 1982 tunc
1161 1926 1230 1982 bene
1243 1925 1322 1999 regit,
1335 1941 1395 1981 cum
1404 1925 1521 1996 seipsam
1530 1925 1588 1981 Deo
1596 1925 1747 1997 regendam
1754 1926 1875 1994 subjicit.

233 2019 347 2074 vanitas
362 2017 463 2088 (Erote.
484 2020 514 2086 ι).
532 2014 631 2071 Omnia
646 2015 717 2070 enirn
742 2031 803 2087 quae
823 2021 972 2070 nuscuntur
984 2013 1029 2068 in-
1079 2015 1143 2071 Haec
1157 2023 1246 2070 autem
1260 2014 1349 2070 omnis
1363 2021 1486 2072 creatura
1501 2014 1530 2068 iu
1537 2013 1646 2069 homine
1657 2021 1706 2080 est,
1717 2013 1784 2085 quia
1795 2016 1877 2070 horno

234 2105 321 2176 firma,
339 2113 365 2161 et
378 2104 565 2176 corruptibilia
587 2111 659 2172 suut,
684 2119 715 2159 ac
734 2119 784 2175 per
797 2104 849 2159 hoc
872 2118 950 2169 rana,
967 2101 1030 2174 qnia
1079 2103 1205 2176 intelligit
1220 2103 1325 2174 spirita,
1341 2111 1371 2158 ut
1383 2102 1473 2174 angeli
1489 2110 1531 2168 3et
1546 2102 1626 2159 sentit
1639 2102 1728 2157 anima
1745 2121 1753 2169 3
1768 2111 1798 2158 et
1814 2119 1875 2158 cor-

233 2202 331 2251 statum
346 2210 426 2250 suam
447 2201 542 2248 tenere
563 2207 617 2248 non
640 2198 764 2264 possunt.
793 2191 938 2263 corruptio
961 2205 1029 2264 ergo
1079 2207 1145 2263 pore
1159 2191 1284 2249 localiter
1298 2197 1348 2259 est,
1356 2199 1383 2247 et
1396 2197 1530 2249 movetur.
1547 2190 1642 2246 Omnis
1656 2191 1739 2263 igitur
1746 2199 1875 2248 creatura

232 2282 290 2354 ipsa
306 2290 347 2338 est
360 2281 481 2350 vanitas,
495 2281 539 2337 cui
554 2279 675 2350 subjecta
690 2287 732 2336 est
742 2289 877 2336 creatura.
886 2279 954 2334 Dico
964 2279 1029 2332 sub·
1077 2280 1104 2334 iu
1119 2280 1228 2336 homine
1242 2287 1294 2345 εει,
1310 2280 1372 2352 quia
1385 2278 1522 2354 intelligit,
1537 2279 1612 2348 vivit,
1641 2295 1743 2351 eorpus
1765 2281 1851 2336 habet
1866 2299 1875 2346 3

229 2371 303 2442 jacta
317 2378 359 2427 εει
374 2369 494 2442 vanitati,
510 2368 558 2424 sed
575 2375 666 2425 tamen
687 2367 825 2440 patienter
846 2367 937 2423 terens
960 2383 1027 2438 pro·
1077 2367 1195 2424 sednon
1210 2375 1274 2424 nota
1289 2368 1316 2422 in
1338 2368 1399 2440 ipso
1417 2375 1467 2438 εει,
1487 2368 1552 2439 quia
1567 2374 1630 2422 sunt
1644 2376 1742 2439 praeter
1756 2384 1833 2439 eum,
1849 2377 1875 2424 ει

232 2463 299 2534 pter
309 2475 374 2516 eam
385 2459 433 2531 pai
446 2458 565 2529 subjecit
579 2473 642 2512 eam
666 2458 699 2512 ia
721 2472 778 2529 apo,
795 2456 822 2512 id
838 2462 879 2510 est
894 2454 1029 2526 patienter
1077 2456 1178 2530 angeli,
1195 2465 1222 2513 et
1234 2456 1287 2512 ulia
1302 2473 1363 2529 quae
1382 2456 1545 2529 intelligunt,
1569 2456 1674 2523 vivant,
1696 2463 1723 2512 et
1737 2464 1811 2512 sant.
1829 2457 1874 2512 Si-

233 2547 347 2602 austinet
362 2547 452 2602 sciens
467 2546 554 2601 Deum
574 2543 723 2614 subjecisse
746 2545 781 2599 ad
794 2541 1028 2600 conservationem
1076 2545 1140 2602 mile
1155 2544 1257 2601 dictum
1272 2552 1323 2615 est,
1339 2545 1523 2601 omnishomo
1538 2545 1611 2600 videt
1626 2547 1720 2612 solem,
1748 2545 1799 2600 sed
1818 2561 1873 2600 nou

232 2634 401 2701 humilitatis,
418 2634 537 2688 sednon
553 2632 612 2688 siue
628 2632 723 2692 solatio
740 2631 798 2703 spei
818 2631 908 2701 hujus,
924 2629 1028 2686 scilicet
1076 2641 1158 2701 totus,
1184 2633 1248 2706 quia
1270 2633 1367 2690 oculus
1387 2641 1500 2689 tantum
1526 2631 1654 2706 [Raima]
1684 2631 1781 2688 Omnis
1807 2649 1873 2706 ergo

231 2722 293 2794 quia
309 2728 335 2777 et
351 2721 410 2793 ipsa
425 2728 548 2777 ereatura
564 2720 729 2776 liberabitur
746 2721 778 2774 ia
792 2717 892 2784 tuturo,
905 2725 933 2772 ut
947 2716 1027 2772 Chri·
1076 2729 1208 2792 ereatura,
1225 2722 1274 2778 sed
1287 2737 1341 2778 non
1356 2729 1422 2785 rota,
1439 2721 1466 2776 id
1481 2728 1522 2777 est
1536 2723 1618 2777 homo
1634 2721 1680 2793 qui
1695 2721 1777 2777 haber
1792 2737 1871 2778 eom.

230 2817 291 2865 stus
306 2817 387 2880 caput
401 2816 524 2865 nostrum
539 2808 597 2877 jam
621 2807 749 2862 liberatus
772 2813 823 2862 est.
839 2805 898 2872 Vel,
915 2805 1027 2861 vanitati
1075 2810 1240 2878 munionem,
1267 2826 1328 2867 cunr
1342 2809 1416 2866 omni
1430 2815 1557 2866 creatura
1576 2823 1628 2880 pro
1642 2823 1692 2864 sua
1705 2809 1871 2879 dejectione,

237 2897 321 2969 euim,
337 2904 389 2954 etc.
416 2896 490 2954 Sicut
515 2895 701 2966 supradictum
723 2902 774 2965 est,
792 2901 915 2952 creatura
929 2893 1027 2950 dicitur
1075 2898 1242 2973 ingemiscit.
1260 2898 1344 2968 Quasi
1358 2897 1455 2954 dicat:
1476 2898 1592 2969 Semper
1612 2897 1639 2952 iu
1663 2897 1715 2954 hoc
1729 2913 1805 2954 nora
1819 2907 1870 2965 εει,

233 2985 365 3060 quidquid
380 2984 461 3042 modo
475 2984 503 3040 in
517 2983 596 3041 nobis
611 2983 694 3052 dolet,
714 2983 742 3038 id
755 2991 797 3040 est
812 2983 916 3054 nosipsi
925 2998 1026 3040 setun·
1074 2988 1147 3059 quod
1162 2995 1238 3043 notat
1252 3003 1301 3058 pet
1313 2986 1495 3043 inchoativum
1504 2985 1628 3052 verbum,
1639 2994 1724 3057 etpro
1732 2986 1872 3043 desiderio

230 3075 296 3131 dum
309 3074 381 3148 quod
397 3089 514 3146 corpore
529 3085 555 3130 et
570 3073 663 3129 anima
677 3072 811 3128 dolemus.
837 3072 904 3143 Quae
931 3071 1024 3144 utique
1073 3075 1168 3150 patriae
1185 3075 1316 3132 coelestis.
1333 3073 1459 3142 Parturit,
1482 3073 1510 3130 id
1525 3082 1566 3131 est
1580 3089 1643 3130 eum
1658 3073 1755 3131 dolore
1770 3091 1871 3145 opera-

230 3171 355 3222 areatura
369 3171 411 3219 est
423 3164 488 3218 dum
511 3177 623 3220 carnem
633 3159 827 3217 mortificamus
847 3177 898 3232 per
923 3160 1025 3232 jejunia
1076 3172 1129 3233 tur,
1148 3163 1322 3236 (presideat,
1339 3179 1389 3234 pro
1403 3162 1505 3236 irriguo
1518 3161 1639 3218 interiori
1647 3169 1673 3218 et
1687 3163 1870 3233 superiori,in

230 3261 257 3310 et
272 3251 398 3309 adversa.
419 3252 522 3308 Ethaec
537 3258 672 3316 creatura,
689 3258 716 3304 ut
735 3250 894 3321 pradictum
910 3257 961 3316 est,
978 3267 1024 3306 er·
1075 3253 1170 3308 tacere
1187 3259 1230 3308 εει
1244 3259 1271 3307 ει
1283 3251 1311 3306 in
1327 3251 1519 3308 sollicitudine.
1536 3251 1570 3306 Et
1584 3251 1647 3318 hoc,
1663 3267 1751 3324 usquc
1764 3253 1869 3320 adhuc,

229 3347 332 3413 spectat
356 3339 438 3396 modo
459 3339 533 3411 quod
561 3338 613 3394 erit
640 3339 667 3392 in
695 3337 796 3394 futuro.
825 3337 909 3407 Quasi
932 3337 1022 3395 dicat:
1075 3340 1103 3395 id
1117 3347 1159 3397 est
1173 3356 1260 3412 usque
1274 3341 1308 3394 ad
1323 3348 1449 3395 mortem.
1466 3339 1525 3406 Vel,
1542 3353 1629 3410 usque
1644 3339 1820 3411 adhuc,quia
1835 3339 1871 3395 ita

227 3430 348 3486 Necesse
362 3434 404 3484 est
417 3435 585 3499 exspectare,
602 3425 810 3499 quinareutura,
835 3424 1023 3501 [augustiuus]
1073 3443 1168 3484 omnes
1182 3428 1371 3500 precedentes
1386 3435 1479 3499 patres
1494 3427 1628 3494 iecerunt,
1644 3443 1730 3499 usque
1750 3427 1778 3482 in
1794 3444 1869 3499 pree-

230 3516 258 3573 id
273 3525 314 3573 est
328 3517 411 3572 honro
427 3515 473 3588 qui
488 3515 570 3571 modo
585 3522 687 3570 tanturn
701 3521 826 3571 creatura
843 3513 960 3581 videtur,
981 3530 1024 3570 va·
1073 3532 1146 3572 sens.
1163 3515 1223 3584 Vel,
1239 3531 1327 3588 usque
1342 3515 1441 3581 adhuc,
1465 3515 1538 3582 dicit,
1561 3515 1623 3587 quia
1644 3515 1695 3570 etsi
1718 3514 1820 3587 aliquis
1842 3517 1869 3570 in

230 3601 307 3657 nitati
323 3600 442 3669 subjecta
456 3607 508 3666 est,
524 3607 551 3656 et
564 3599 616 3655 hoc
630 3599 738 3667 uolens,
748 3597 776 3652 id
789 3605 832 3654 est
845 3613 900 3654 non
915 3606 1022 3670 sponte.
1074 3603 1135 3659 sinu
1151 3605 1268 3659 dbmhae
1279 3603 1338 3673 jam
1356 3602 1515 3660 constitutus
1539 3601 1634 3658 dolore
1649 3603 1760 3670 destitit,
1776 3613 1869 3659 tamen

226 3691 314 3746 Homo
328 3689 428 3762 qrrippe
445 3695 541 3760 sponte
551 3687 683 3760 peccavit,
700 3685 818 3742 sednon
833 3694 929 3758 sponte
947 3688 1024 3742 dem·
1073 3691 1168 3747 inillis
1183 3692 1228 3764 qui
1243 3692 1366 3748 nondum
1380 3698 1443 3746 suut
1456 3690 1573 3758 liberati,
1589 3690 1678 3747 omnis
1688 3699 1818 3748 creatura
1827 3691 1868 3746 in-

226 3785 305 3834 natus
318 3785 370 3834 est.
391 3778 535 3834 Peccatum
549 3777 640 3848 itaque
662 3775 713 3830 luit
737 3782 916 3846 spontaneum
933 3793 941 3842 3
957 3790 1022 3831 con·
1071 3780 1197 3852 gemiscit
1212 3787 1239 3836 ει
1253 3779 1327 3835 dolet
1339 3779 1516 3847 adhuc,'sicut
1525 3787 1552 3834 et
1565 3795 1627 3851 quae
1642 3780 1793 3850 praecessit,
1805 3780 1867 3852 qrria

226 3873 268 3922 tra
281 3875 447 3939 preceptum
466 3866 557 3922 lacere
571 3863 703 3933 veritatis,
720 3863 768 3918 sed
783 3879 839 3920 non
852 3870 949 3935 sponte
969 3863 1022 3919 fert
1072 3869 1101 3923 iu
1119 3868 1162 3923 his
1187 3867 1233 3940 qui
1256 3868 1376 3924 noudum
1403 3875 1466 3922 suut
1489 3867 1604 3934 liberati,
1628 3867 1717 3923 omnis
1732 3867 1813 3924 dolor
1827 3875 1867 3924 est

224 3971 335 4028 poeuum
352 3955 468 4027 peccati.
485 3954 545 4009 Luit
560 3953 632 4009 enim
660 3952 770 4009 meritas
791 3968 898 4024 poenas,
914 3951 1023 4023 peccati
1072 3964 1185 4029 propter
1207 3955 1343 4027 spiritum,
1367 3963 1393 4010 ει
1416 3955 1533 4011 animum
1548 3962 1575 4011 et
1588 3970 1697 4027 corpus.
1717 3956 1785 4011 Cum
1799 3971 1865 4029 ergo

223 4058 290 4099 vero
305 4059 388 4115 poena
402 4051 444 4098 est
458 4042 530 4114 quod
545 4041 687 4111 subjicitur
710 4039 834 4097 fallaciae.
859 4041 927 4096 Dico
947 4039 1022 4112 quod
1072 4043 1252 4100 omnishomo
1267 4042 1421 4116 ingemiscit
1435 4050 1462 4099 et
1485 4043 1567 4111 dolet,
1579 4044 1667 4099 omnis
1680 4052 1807 4100 ereatura
1821 4045 1865 4099 in-

225 4145 281 4186 non
295 4139 337 4188 est
351 4131 473 4201 subjecta
489 4138 605 4202 sponte3
626 4130 675 4185 sed
689 4134 804 4203 propter
818 4146 883 4186 eam
898 4129 1021 4202 quisui-
1070 4133 1195 4207 gemiscit
1204 4140 1231 4190 ει
1245 4133 1327 4189 dolet.
1348 4133 1410 4189 Nou
1420 4133 1551 4190 enimhac
1564 4133 1709 4189 universali
1727 4133 1864 4190 locatione

221 4220 294 4292 jecit
319 4235 391 4286 eom,
408 4219 437 4274 id
460 4225 503 4275 est
525 4226 638 4290 propter
649 4217 782 4287 iustitiam
800 4226 827 4274 et
848 4216 1020 4274 clementiam
1071 4221 1175 4295 colligit
1190 4221 1298 4295 singula
1309 4221 1432 4277 omnium
1444 4237 1585 4294 generum,
1600 4220 1649 4277 sed
1660 4223 1864 4296 generaomnia

225 4308 296 4378 ejus,
314 4307 403 4380 quiet
423 4313 565 4378 peccatum
580 4307 666 4378 punit,
690 4314 717 4362 et
740 4314 899 4378 peccantem
924 4321 1020 4362 sanare
1072 4310 1252 4383 singrlorum.
1269 4311 1329 4366 Noa
1343 4311 1433 4368 solam
1452 4313 1550 4367 autem
1572 4317 1695 4367 creatura
1716 4309 1763 4366 illa
1783 4311 1862 4384 inge·

223 4397 348 4465 intendit,
365 4396 409 4470 qui
424 4411 486 4452 earn
501 4394 615 4465 subiecit
628 4397 660 4451 ia
675 4411 734 4468 spo,
750 4396 800 4451 hac
822 4395 914 4468 utique
930 4413 938 4462 3
954 4388 1056 4468 qaioD
1071 4399 1161 4456 misoit
1175 4406 1203 4454 et
1216 4399 1299 4468 dolet,
1316 4399 1365 4455 sed
1379 4403 1408 4455 ct
1421 4414 1472 4455 aar
1483 4399 1540 4472 ipsi
1553 4397 1678 4470 apostoli,
1688 4398 1734 4471 qni
1743 4399 1861 4468 majores

225 4488 428 4560 ipracreotaro
442 4483 616 4550 liberabitur,
626 4482 696 4539 sicut
708 4483 891 4554 ucsapostoli.
902 4484 954 4539 Per
967 4484 1021 4539 hoo
1070 4487 1417 4559 aliisumus,perhocquod
1426 4489 1572 4561 primitias
1579 4487 1698 4560 spiritus
1718 4486 1859 4556 habemur,

225 4575 299 4632 enirn
315 4574 389 4646 quod
403 4589 457 4630 non
471 4573 508 4629 ait
522 4571 680 4643 simpliciter
699 4570 768 4643 ipsa,
786 4572 845 4636 sed,
861 4579 888 4627 et
902 4571 961 4642 ipsa
976 4571 1020 4627 la·
1069 4575 1142 4632 unde
1156 4576 1257 4642 subdit,
1274 4591 1325 4632 uos
1340 4575 1412 4644 dico,
1430 4575 1563 4633 habentes
1578 4575 1721 4649 primitias
1731 4576 1860 4648 spiritus,

225 4663 261 4721 cit
282 4661 406 4734 intelligi,
431 4661 504 4733 quod
526 4675 578 4717 neo
597 4660 631 4716 de
650 4659 717 4731 ipsis
739 4658 942 4731 desperandum
967 4667 1017 4726 est,
1069 4662 1097 4717 id
1112 4671 1153 4718 est
1168 4663 1294 4735 Spiritum
1316 4672 1449 4730 sanctum,
1469 4671 1496 4720 et
1511 4671 1633 4735 tempore
1646 4663 1723 4735 prius
1737 4671 1765 4720 et
1779 4673 1860 4719 cate·

226 4751 273 4825 qui
287 4750 407 4806 nundum
422 4748 606 4815 crediderunt,
622 4747 687 4820 quia
699 4754 727 4804 et
741 4747 793 4818 ipsi
802 4747 931 4804 credituri
945 4755 1018 4815 aunt,
1069 4751 1108 4806 ris
1122 4751 1322 4808 abuudantius:
1338 4768 1389 4808 uos
1404 4751 1526 4824 iuquam,
1542 4759 1569 4807 et
1581 4750 1634 4822 ipsi
1645 4751 1714 4805 intra
1728 4766 1791 4818 uos,
1806 4751 1858 4820 rel,

221 4847 251 4896 et
265 4838 464 4906 liberabuntur,
482 4837 664 4910 qainondam
679 4843 741 4891 sunt
755 4834 802 4890 filii
817 4836 878 4891 Dei.
890 4835 945 4891 Sed
960 4844 1019 4891 tan·
1069 4838 1097 4894 in
1111 4839 1190 4896 uobis
1205 4840 1349 4914 gemimus,
1367 4847 1394 4896 ει
1403 4848 1445 4896 εει
1460 4856 1555 4896 sensus
1571 4855 1578 4894 :
1593 4839 1654 4895 Non
1669 4839 1758 4895 solum
1771 4847 1860 4895 autem

222 4935 279 4984 tum
293 4933 420 5004 creatura
433 4925 515 4981 modo
525 4925 658 4992 dicuntur,
671 4923 815 4980 cum41
828 4924 949 4979 nondum
959 4940 1020 4998 gra·
1069 4935 1194 4984 creatura
1209 4928 1256 4985 illa
1270 4928 1353 4995 dolet,
1369 4927 1397 4983 id
1412 4935 1453 4984 est
1467 4945 1522 4984 non
1536 4927 1662 4984 salumin
1676 4928 1787 4984 homine
1797 4944 1859 4984 cor-

221 5017 287 5073 iiam
297 5013 452 5086 adoptionis
467 5021 636 5085 receperunt.
646 5013 811 5069 Homoenittt
820 5012 911 5086 sigillo
921 5011 1018 5086 imagi·
1068 5033 1131 5090 pus,
1148 5024 1175 5072 el
1189 5017 1288 5084 anima,
1306 5024 1332 5073 et
1354 5015 1465 5088 spiritus
1488 5017 1581 5072 dolent
1605 5033 1638 5072 ex
1662 5015 1859 5073 difficultatibus

219 5107 263 5162 nis
277 5111 391 5176 propter
404 5109 545 5174 peccatum
561 5101 663 5158 amisso
677 5101 807 5157 remansit
830 5101 1018 5157 tautummodo
1069 5105 1200 5177 corporis,
1217 5103 1406 5178 [augustiuus]
1421 5105 1470 5160 sed
1485 5113 1513 5160 et
1524 5103 1647 5176 nosipsi,
1673 5103 1777 5160 seilicet
1791 5118 1856 5176 apo·

220 5202 357 5250 creatura.
373 5192 409 5247 Et
423 5193 485 5264 ipro
501 5190 592 5264 utique
608 5193 751 5258 creatura,
767 5205 827 5262 quae
836 5189 917 5245 modo
927 5189 964 5244 itu
974 5205 1019 5246 vo·
1069 5193 1140 5262 stoli,
1157 5193 1290 5266 primitias
1300 5192 1410 5264 spiritus
1424 5194 1566 5258 habentes,
1583 5207 1697 5266 quorum
1721 5193 1779 5261 jmn
1802 5193 1859 5264 spi-

220 5289 373 5339 caturcum
386 5279 509 5336 nondum
523 5285 566 5335 est
579 5277 698 5336 filiorum
710 5277 798 5335 torma
815 5276 952 5351 perlecta,
978 5279 1017 5334 li·
1067 5281 1136 5339 ritus
1160 5281 1237 5356 quasi
1258 5281 1286 5338 in
1311 5280 1474 5339 sacrificium
1492 5281 1574 5338 oblati
1598 5287 1661 5337 snut
1683 5280 1750 5349 Deo,
1777 5287 1804 5337 et
1817 5280 1859 5336 di·

254 5455 322 5524 (2l8)
339 5461 413 5526 lug„
425 5459 608 5526 ιιειιιοιεει.
