3938 6068
203 185 250 234 eet
913 166 1014 223 PETRI
1027 165 1206 224 coaetant
1804 169 1857 223 932

240 307 412 371 lentinum,
425 297 520 373 [bug]
535 297 561 352 id
573 305 614 352 εει
624 295 715 364 ιιεειε,
725 295 846 368 posuisti
856 307 1003 367 qoemnort
1016 295 1042 354 Α
1054 293 1161 350 Habent
1176 292 1255 350 inter
1269 307 1298 348 se
1315 307 1412 364 pacem
1427 291 1453 362 (l
1468 291 1527 348 Gor.
1543 290 1606 361 xix)
1624 332 1630 357 ,
1648 297 1674 346 et
1687 289 1856 359 huiusmodi,

94 379 100 396 ⁸
201 394 456 467 trotesqrcdientur.
473 388 566 444 Finem
581 401 698 457 namque
709 383 865 456 impositum
874 397 929 437 non
939 397 1002 452 pos·
1053 379 1133 436 idest
1152 380 1179 436 in
1193 379 1284 437 medio
1298 379 1404 447 auiest,
1421 378 1449 435 id
1470 387 1511 434 ast
1535 377 1688 433 communis
1710 375 1764 432 illis
1787 385 1854 432 est:

201 494 263 542 sunt
274 479 445 555 transgredi3
461 478 771 551 neqeeconoertentur,
783 472 810 526 id
820 479 861 528 εει
878 471 1003 526 redibunt
1052 469 1092 525 sic
1107 484 1178 542 aqua
1192 469 1252 536 Dei,
1268 468 1295 526 id
1310 477 1351 524 est
1366 467 1500 535 doctrina,
1513 482 1568 521 non
1578 465 1857 538 propriavelprivuta

200 574 309 648 operire
332 576 448 638 terram,
471 565 498 622 id
515 573 559 622 εει
585 563 745 632 Ecclesiam,
766 559 830 633 quia
854 559 906 615 etsi
927 558 1003 614 leves
1053 557 1134 614 alicui
1147 566 1198 627 est,
1219 558 1268 613 sed
1286 556 1406 630 publica.
1431 556 1518 612 Aliter
1536 570 1591 611 uon
1612 563 1654 610 est
1675 551 1790 626 pacifica
1809 555 1855 610 vel

202 664 301 719 lluctus
327 657 469 723 assiliunt,
490 664 591 710 terram
621 659 712 708 tamen
739 648 871 706 Ecclesiae
900 646 1003 704 diluvio
1053 661 1152 703 secura
1165 646 1331 718 praedicatio.
1346 647 1408 702 Non
1425 645 1460 700 sit
1474 659 1535 700 mea
1549 643 1593 700 vel
1614 651 1658 698 tua
1677 643 1787 713 veritas,
1804 645 1855 700 sed

200 768 255 808 non
269 748 403 822 operiunt,
420 755 448 802 ut
458 747 516 816 jam
538 743 619 799 liceat
642 739 773 796 Ecclesiae
796 737 882 793 libere
905 736 1002 808 praedi·
1051 733 1124 790 idem
1163 735 1327 801 sentiamus,
1361 749 1416 790 non
1443 733 1497 789 sint
1531 731 1558 789 in
1595 732 1673 788 vobis
1709 731 1857 788 schismata

200 857 274 898 care.
299 837 356 894 Etsi
382 835 455 892 enim
477 836 652 905 perstrepant
676 829 765 884 adhuc
786 835 812 882 ει
833 832 1003 881 murmurent
1053 824 1148 894 (ider.
1165 820 1855 895 x).Unteapostotns:sneeqortvetttteicpre-

201 927 310 1003 pagani,
327 925 431 981 sonitus
452 922 573 976 littorum
588 917 678 986 audio,
703 916 834 970 diluvium
860 929 914 968 non
936 929 1001 984 per·
1053 911 1190 976 dicemus,
1201 910 1408 968 siccrcdidislis
1422 911 1460 982 (ll
1468 911 1558 966 Thess.
1571 909 1622 978 ιιι).
1634 907 1739 964 Etalibi
1750 926 1757 962 ε
1769 911 1853 978 ltetcs,

199 1019 342 1075 horresco.
368 1009 515 1086 [Cassiod]
538 1008 587 1064 Vel
611 1006 647 1062 ad
671 1005 788 1061 litteram
809 1010 898 1074 potest
922 1001 1000 1075 legi,
1052 999 1148 1073 inquit,
1164 1002 1243 1074 pacis
1259 1001 1306 1055 det
1327 999 1648 1071 nobisidiprumsopcre
1664 1004 1691 1053 et
1705 995 1757 1052 lari
1771 996 1856 1068 (Plri-

200 1105 277 1178 quasi
292 1118 369 1175 aquae
382 1097 477 1156 diluvii
492 1104 650 1170 pervenies
665 1093 801 1150 terribiles
823 1089 1001 1150 cessaverint,
1054 1090 1121 1161 tipp.
1138 1089 1187 1160 tv),
1204 1095 1230 1143 et
1245 1095 1272 1143 ut
1287 1087 1418 1160 idipsum
1434 1086 1546 1157 sapiatis
1559 1101 1664 1154 omnes,
1682 1093 1709 1141 et
1723 1101 1777 1141 non
1800 1085 1856 1139 sint

200 1194 299 1267 quibus
331 1187 503 1247 cessantibus
526 1184 678 1241 ascendunt
701 1188 806 1237 montes
831 1187 857 1234 et
884 1179 1002 1234 descen·
1052 1177 1080 1231 in
1094 1177 1173 1232 nobis
1188 1177 1344 1234 schismata.
1359 1175 1441 1231 Nulla
1454 1189 1522 1246 crgo
1536 1173 1571 1229 de
1586 1171 1662 1244 aquis
1682 1173 1857 1230 discordeta

200 1282 267 1338 dunt
287 1278 387 1350 campi,
412 1276 440 1332 id
464 1283 505 1331 εει
525 1279 641 1345 apparet
665 1269 777 1326 altitudo
810 1266 943 1322 montium
977 1275 1003 1322 et
1052 1265 1199 1323 montibus.
1227 1265 1255 1320 Si
1272 1264 1331 1336 quia
1346 1262 1420 1319 aliud
1432 1262 1507 1332 dicit,
1527 1262 1562 1318 de
1576 1277 1627 1317 suo
1648 1261 1723 1330 dicit,
1746 1276 1802 1317 non
1819 1263 1856 1318 de

199 1368 325 1443 planities
338 1379 506 1436 camporum,
530 1362 577 1434 qui
590 1359 666 1432 prius
685 1358 805 1415 latebant
836 1355 886 1410 sub
912 1353 1000 1426 aquis,
1052 1353 1152 1410 medio.
1169 1355 1204 1408 ιιι
1217 1353 1262 1409 hic
1276 1352 1338 1408 talis
1351 1367 1431 1408 mons
1445 1366 1500 1407 non
1510 1359 1551 1406 est
1561 1349 1724 1418 audiendus,
1736 1350 1801 1423 quia
1815 1351 1858 1406 di-

200 1459 246 1532 qui
261 1463 333 1512 sunt.
350 1454 410 1522 Vel,
425 1457 610 1525 apparuerunt
623 1447 650 1504 in
665 1447 734 1514 lacn,
750 1445 794 1501 vel
809 1446 908 1510 locum,
921 1458 1002 1514 quem
1053 1442 1140 1498 scedit
1153 1441 1188 1498 ab
1207 1442 1286 1514 aquis
1304 1455 1356 1513 per
1367 1440 1487 1495 medinm
1499 1438 1683 1506 currentibus,
1703 1445 1730 1495 ει
1749 1438 1855 1510 aliquid

198 1545 327 1612 fundasti,
350 1544 384 1600 ad
399 1541 525 1608 litteram,
541 1539 570 1595 id
585 1545 626 1594 est
648 1541 841 1607 competenter,
872 1531 1003 1606 [illenim]
1053 1530 1195 1602 proprium
1208 1529 1302 1584 nititur
1321 1528 1433 1584 inbuere
1456 1527 1517 1600 (Gl.
1545 1527 1613 1598 int.)
1640 1526 1676 1582 lit
1701 1535 1742 1582 est
1760 1541 1851 1599 aane,

197 1633 244 1692 ubi
258 1633 293 1690 de
314 1647 478 1704 unoquoque
502 1625 645 1700 disposuit,
668 1624 712 1681 vel
735 1621 902 1694 disposuisti.
929 1620 1039 1704 SicutB
1052 1617 1191 1685 doctrine,
1207 1617 1417 1690 pertransibant,
1439 1616 1573 1688 quianon
1594 1622 1715 1684 manent,
1736 1622 1764 1672 ει
1785 1629 1855 1686 pro·

198 1725 280 1782 etiam
300 1722 335 1778 de
358 1719 436 1793 aquis
461 1717 555 1775 diluvii
579 1713 667 1772 iecisti
688 1713 732 1770 vel
751 1711 824 1778 iecit,
855 1710 927 1782 quod
950 1725 1002 1768 nec
1051 1708 1141 1779 phctia
1155 1706 1274 1764 cessabit
1288 1707 1315 1762 in
1330 1706 1430 1772 tuturo,
1446 1706 1567 1776 (llaym,
1586 1703 1673 1777 Aug.)
1686 1703 1745 1772 Vel,
1761 1719 1851 1776 aquae,

198 1823 271 1870 terra
292 1811 333 1866 eis
357 1809 538 1881 immergitur,
563 1821 615 1862 nec
639 1803 680 1861 eis
703 1801 802 1858 amodo
824 1807 897 1872 eget.
924 1801 1002 1857 Unde
1051 1796 1080 1852 id
1112 1803 1154 1852 est
1176 1795 1371 1867 predicatores
1394 1793 1469 1850 verbi
1495 1793 1556 1862 Dei,
1587 1791 1792 1864 pertransibunt
1818 1791 1856 1848 de

199 1900 290 1958 subdit
306 1916 312 1954 :
329 1897 487 1953 'terminum
500 1895 615 1968 posuisti
629 1894 717 1967 aquis.
733 1895 835 1951 ilocde
862 1895 941 1966 aquis
961 1891 1002 1946 di·
1050 1891 1132 1957 genie
1147 1884 1175 1938 ιι]
1191 1891 1300 1955 ιιθῦῑθῐΰ
1315 1881 1500 1954 lifflfflffldil·
1526 1884 1611 1952 Α(ιῑιῑθ
1634 1880 1707 1950 (¹in
1736 1895 1854 1952 imur·

197 1990 271 2047 luvii.
290 1986 378 2056 Quem
394 2001 449 2040 non
463 1984 701 2058 transgredientur
719 1999 908 2055 squamaque
931 1997 1001 2039 con-

198 2085 346 2146 vertentur,
370 2075 399 2129 id
432 2081 474 2130 εει
502 2089 557 2130 non
586 2071 722 2142 redibunt,
751 2071 859 2143 operire
888 2079 999 2127 terram.

198 2166 248 2224 Vel
262 2164 363 2222 aliter:
384 2163 511 2235 [llaym.,
528 2161 573 2218 Gl.
589 2160 649 2234 int}
676 2161 711 2216 Et
724 2159 874 2233 accipimus
894 2167 1001 2216 montes

196 2257 225 2314 in
240 2255 323 2324 beno,
340 2252 411 2309 sicut
425 2265 518 2323 supra,
534 2249 638 2308 sedicet
652 2249 791 2321 apostolos
806 2257 835 2305 ει
847 2248 918 2306 alios
931 2263 1002 2320 pra-

196 2347 267 2402 latns
280 2339 422 2410 Ecclesiae,
440 2355 490 2413 per
504 2355 616 2412 campos
636 2337 769 2406 subditos,
792 2338 870 2410 quasi
899 2338 973 2394 dicat
992 2355 1000 2393 r

195 2437 281 2506 ique
304 2427 525 2503 persecutionum
540 2426 736 2492 formidabunt,
751 2441 811 2499 que
832 2426 908 2498 prius
932 2441 1001 2498 ope-

1051 1981 1141 2028 rentes
1164 1973 1235 2028 inter
1248 1971 1378 2040 medium,
1394 1971 1422 2025 id
1444 1978 1486 2026 εει
1499 1983 1643 2026 commune
1656 1968 1798 2036 montium,
1827 1968 1856 2024 id

1051 2056 1856 2132 estsublimiumpraedicatonrm,qrtiquantumadaevallcs

1051 2157 1123 2205 sunt.
1138 2149 1174 2204 Et
1187 2149 1250 2205 ideo
1265 2147 1340 2216 dicit,
1356 2146 1561 2203 intermedium
1575 2147 1717 2213 mondum,
1741 2146 1804 2218 quia
1826 2145 1855 2200 in

1050 2253 1084 2295 eo
1098 2246 1140 2295 εει
1154 2245 1229 2294 certa
1244 2236 1314 2294 tides
1336 2236 1509 2308 populorum,
1534 2235 1607 2308 quod
1630 2233 1746 2307 apostoli
1773 2247 1856 2292 oom-

1050 2341 1132 2383 mune
1146 2327 1308 2383 habuerunt.
1324 2324 1473 2396 (Gasdod.)
1497 2323 1546 2380 Vel
1561 2330 1667 2380 montet
1687 2331 1749 2380 sant
1762 2323 1856 2380 bere·

1051 2415 1107 2482 tici,
1122 2415 1194 2471 inter
1208 2429 1277 2487 quos
1291 2429 1377 2486 εεεεε,
1394 2413 1476 2469 idest
1489 2412 1647 2484 Scripturas,
1663 2413 1734 2468 bene
1754 2411 1856 2468 diann-

196 2522 304 2578 n‘euaut
318 2525 435 2588 montes,
457 2524 484 2574 et
500 2516 554 2572 trus
568 2515 735 2589 fugientibus
750 2514 872 2570 eminent
895 2521 1002 2570 montes
1051 2511 1094 2558 tur
1108 2504 1286 2575 pertenire,
1303 2502 1367 2574 qun
1381 2502 1540 2568 uoemmnr,
1555 2515 1607 2559 nee
1622 2516 1670 2558 eos
1692 2499 1854 2566 rennuunt,

196 2612 224 2666 in
233 2605 530 2678 salutempopulorum.
540 2605 631 2661 Etboc
639 2612 681 2660 εει
693 2622 700 2659 ε
712 2603 870 2660 cremant
880 2607 1001 2670 moratos,
1052 2593 1101 2649 sed
1115 2600 1255 2648 transeunt
1269 2592 1303 2646 ab
1316 2591 1366 2648 eis·

196 2699 225 2754 id
248 2705 290 2754 est
319 2693 426 2767 prelati
452 2693 560 2750 exalnti
586 2699 649 2748 sunt
671 2691 759 2748 libera
782 2691 952 2762 prelatione,
974 2696 1003 2750 ct

196 2787 302 2858 compi,
316 2783 344 2840 id
361 2791 403 2840 εει
416 2781 527 2848 subditi,
551 2781 736 2846 decendunt,
761 2779 911 2836 voluntaria
933 2780 1002 2834 sub-

194 2873 325 2944 jectione.
352 2873 386 2928 ιιι
401 2871 445 2928 ιειι
459 2879 486 2926 ει
499 2869 539 2924 illi
553 2877 626 2940 sunt,
643 2870 676 2925 in
698 2869 756 2926 loco
766 2884 848 2941 qnam
871 2868 1004 2939 [εειαειῑ

198 2961 248 3030 eis,
271 2961 299 3017 id
321 2969 363 3018 εει
383 2959 486 3017 iaciunt
510 2957 658 3015 secundum
680 2957 754 3014 dona
776 2973 838 3029 quae
874 2957 1003 3014 contulist

1088 2743 1173 2799 Vsus.
1191 2746 1234 2802 lt.
1250 2773 1284 2784 -
1303 2762 1315 2794 ι
1331 2740 1465 2798 Potabunt
1479 2756 1575 2796 ‹rmncs
1590 2739 1685 2798 bestie
1700 2741 1761 2814 agri
1779 2757 1785 2795 :
1801 2755 1854 2796 ex-

1055 2855 1065 2879 n
1084 2831 1246 2902 spectabunt
1261 2829 1360 2904 onagri
1374 2829 1402 2885 in
1417 2828 1462 2884 siti
1477 2843 1536 2886 sua.
1555 2853 1565 2876 ε

1090 2963 1241 3021 Ροιαιεει.
1266 2963 1373 3036 (lug).
1387 2961 1469 3031 Quasi
1483 2961 1555 3019 dicat
1572 2979 1578 3016 :
1608 2963 1694 3032 Aquae
1708 2969 1855 3033 pertram·

196 3053 255 3120 ειε;
270 3049 338 3107 ειιοε
358 3049 430 3108 εειιε
458 3048 533 3105 dedit
553 3047 710 3120 prophetas,
725 3045 795 3102 alios
809 3045 1000 3118 evangelistas,
1037 3053 1129 3109 'ibunt
1151 3053 1222 3108 inter
1244 3049 1365 3108 madium
1398 3050 1547 3118 montium
1563 3057 1589 3106 ct
1604 3063 1690 3122 aquas
1703 3050 1752 3105 baa
1770 3055 1854 3121 pota-

195 3148 222 3198 et
236 3138 393 3209 hujusmodi
407 3137 519 3210 (optes.
535 3136 586 3206 tv).
604 3137 767 3194 laminam
781 3136 902 3207 potanti
920 3135 1001 3208 aqat't
1051 3142 1128 3208 bunt,
1139 3155 1236 3199 omnes
1246 3140 1342 3196 bestia
1356 3141 1428 3212 egri,
1440 3138 1577 3206 velsilvae,
1587 3137 1781 3212 idestgentes,
1791 3153 1855 3211 que

199 3245 283 3303 qttern
292 3245 351 3286 nort
362 3225 621 3298 transgredientur,
633 3239 722 3296 neque
731 3227 935 3280 convertentur
951 3239 1001 3296 ape
1052 3231 1102 3288 sub
1117 3229 1206 3302 figure
1220 3227 1371 3284 ιιεειιεεειε
1394 3226 1590 3300 intelliguntui,
1605 3234 1634 3283 ut
1648 3235 1721 3299 patet
1735 3243 1768 3288 ex
1786 3241 1854 3284 ειεε

198 3319 257 3374 rtre
267 3321 384 3374 urcem.
394 3313 591 3387 [Alcmmfflac
605 3318 773 3369 nontantum
784 3311 819 3368 de
832 3311 1001 3383 persecutio·
1050 3319 1119 3386 Noc,
1136 3317 1164 3374 in
1178 3331 1340 3390 quaomnes
1358 3315 1477 3383 luerunt,
1493 3329 1554 3388 qute
1570 3313 1670 3388 figurat
1682 3315 1848 3380 Εεειεειοιε,

198 3405 279 3461 nibus
292 3403 436 3471 Ecclesia,
447 3403 496 3460 sed
507 3409 533 3482 et
544 3400 579 3457 de
589 3401 687 3456 ritibus
697 3399 838 3474 gentilium
848 3407 939 3471 potest
954 3414 1001 3456 ac·
1049 3408 1080 3464 in
1101 3406 1177 3476 cujus
1203 3404 1376 3478 compaginis
1398 3403 1500 3460 unitate
1529 3419 1625 3460 omnes
1646 3411 1744 3477 gentes
1770 3403 1853 3460 colli-

197 3493 261 3564 cipi,
277 3492 324 3565 qui
337 3492 366 3547 in
385 3492 503 3548 adventu
514 3488 613 3546 Cbristi
627 3487 696 3545 liniti
715 3496 787 3558 sunt,
803 3495 832 3544 ut
847 3489 905 3558 jam
918 3503 1000 3544 mnn-

199 3581 265 3638 dum
279 3595 334 3639 non
348 3588 492 3653 occupent.
614 3579 625 3592 ’

1050 3502 1160 3570 giratur.
1177 3493 1305 3550 Similiter
1323 3501 1350 3550 et
1363 3509 1460 3550 omncs
1480 3491 1589 3566 lucrum
1606 3491 1634 3548 in
1662 3492 1739 3550 diaeo
1768 3492 1853 3560 Petri,

1050 3594 1091 3642 ter
1105 3583 1130 3640 ei
1144 3583 1282 3640 submisso
1297 3590 1413 3656 quatuor
1437 3581 1526 3648 lincis,
1543 3581 1590 3653 qui
1604 3579 1677 3655 gerit
1702 3595 1851 3654 porsoatm

1050 3672 1268 3746 predicatorum.
1285 3669 1408 3740 Quatuor
1421 3670 1495 3726 enim
1515 3669 1596 3726 lineis
1613 3685 1661 3726 vas
1682 3669 1853 3726 submissum

1050 3769 1091 3820 εει
1106 3761 1141 3818 de
1154 3761 1224 3818 coelo
1238 3761 1331 3828 Petro,
1347 3758 1394 3816 ubi
1413 3767 1491 3816 erant
1504 3757 1595 3816 omnis
1608 3757 1719 3832 generis
1742 3759 1853 3816 mima-

1050 3849 1087 3910 lia
1103 3869 1109 3907 :
1127 3856 1153 3908 et
1167 3849 1259 3906 sonuit
1273 3863 1325 3906 vox
1339 3847 1365 3904 ei
1381 3864 1387 3902 :
1404 3848 1500 3918 Surge,
1513 3849 1606 3916 Petra,
1616 3851 1721 3914 macto,
1733 3851 1762 3905 st
1773 3863 1854 3904 ruca-

1050 3939 1124 3997 daca
1138 3939 1211 4010 (Act.
1227 3939 1273 4010 a).
1292 3936 1396 3994 Omnes
1419 3935 1492 3993 enim
1518 3942 1620 3993 mactra
1643 3936 1749 4002 Petrus,
1770 3935 1799 3990 in
1819 3951 1856 3994 eo

1051 4027 1125 4100 quod
1138 4025 1203 4084 mali
1218 4033 1296 4093 sunt;
1329 4034 1356 4082 ει
1382 4025 1527 4084 manducat
1549 4023 1578 4080 in
1600 4039 1699 4096 corpus
1717 4024 1853 4082 Ecclesia

1050 4115 1220 4186 trajiciendo.
1237 4113 1362 4184 Quatuor
1374 4113 1456 4170 ιιιιειε
1470 4113 1637 4170 submissum
1651 4119 1701 4180 εει,
1718 4112 1748 4168 ia
1761 4111 1851 4187 figura

232 3716 317 3772 Vaas.
331 3715 375 3770 ll.
387 3743 422 3754 -
437 3737 448 3762 v
468 3712 521 3782 Qui
538 3710 637 3768 emittis
651 3710 741 3770 tontes
754 3711 782 3766 in
806 3711 972 3768 convallibus
990 3730 997 3778 ·,

199 3825 211 3854 ‹
227 3803 299 3860 inter
308 3801 429 3860 medium
443 3799 575 3858 montium
589 3799 796 3873 pertransibuut
810 3815 897 3872 aquae.
917 3817 928 3849 ε

232 3938 286 4007 Qut
301 3936 421 3996 emittit.
431 3933 493 4010 ·[Gl.
509 3934 571 4008 int]
581 3935 623 3991 nb
638 3934 690 3990 isto
704 3934 766 3991 loco
781 3934 895 4006 mystice
904 3950 1000 4006 perse-

196 4026 334 4099 quendum
352 4034 402 4082 est.
419 4023 505 4094 Quasi
519 4023 592 4080 dicat
608 4041 614 4078 :
631 4025 726 4091 Terra,
749 4022 776 4079 id
799 4031 841 4078 est
862 4023 998 4096 Ecclesia,

197 4114 298 4172 nudata
321 4122 364 4171 εει
391 4112 470 4186 aquis
489 4111 722 4184 persecutionum,
738 4110 781 4170 vel
795 4111 892 4168 ritibus
906 4111 999 4185 genti·

197 4201 272 4260 ιιιιει.
288 4199 382 4276 [lug]
397 4199 469 4270 Quid
484 4215 552 4273 ergo
567 4200 601 4256 sit
615 4199 644 4256 in
658 4207 729 4258 terra
743 4198 872 4256 mundata
886 4200 901 4257 ι
927 4201 999 4258 Ecce
1049 4212 1167 4278 quatuor
1180 4203 1298 4276 partium
1312 4203 1397 4272 orbis,
1416 4202 1463 4260 nbi
1477 4201 1853 4274 predicandnmcratiivan-

99 4314 102 4322 ·
197 4300 226 4348 tu
240 4307 271 4348 cs
284 4292 333 4366 qai
347 4290 560 4362 emitttrsontet
575 4289 734 4362 aquaviva
747 4287 999 4345 salientisinvitam
1049 4294 1211 4368 geliumet
1235 4291 1392 4364 baptizandi
1418 4291 1544 4348 homiues
1558 4298 1601 4348 ter
1615 4289 1782 4348 submissam
1795 4299 1850 4358 eat,

197 4387 330 4439 eternam
347 4379 440 4452 (loon.
460 4377 510 4450 tv),
534 4377 563 4434 id
577 4386 619 4434 est
633 4375 751 4451 Spiritus
767 4377 865 4435 sancti.
881 4379 914 4434 ln
928 4353 1035 4434 coe-D
1050 4391 1079 4440 ut
1092 4383 1122 4439 in
1134 4381 1245 4438 nomine
1258 4379 1398 4438 Trinitatis
1421 4379 1573 4452 baptismus
1599 4378 1686 4436 tieret.
1705 4379 1780 4448 lade,
1796 4379 1852 4438 aci·

200 4469 329 4538 nallibot,
344 4467 372 4524 id
391 4476 433 4525 εει
456 4466 485 4522 ιε
505 4465 653 4522 humilibus
675 4466 721 4539 qui
742 4464 869 4523 dicuntur
880 4474 997 4536 montes,
1048 4471 1110 4530 licet
1123 4487 1157 4529 ea
1172 4469 1290 4528 tercado
1305 4478 1332 4528 et
1345 4467 1529 4542 quaternario,
1545 4467 1729 4526 duodenarius
1751 4483 1853 4526 ιειειε-

197 4565 312 4634 propter
334 4555 501 4630 spiritualem
528 4555 699 4612 altitudinem
714 4575 722 4624 ;
738 4555 875 4614 convalles
890 4563 1001 4628 propter
1049 4577 1097 4618 rus
1125 4559 1273 4632 colligitur,
1304 4558 1351 4630 qui
1377 4566 1419 4614 εει
1446 4556 1665 4630 predicatomm.
1700 4557 1854 4614 Duodecim

198 4648 310 4722 spiritus
324 4646 366 4702 sui
380 4645 566 4703 btunilitatcm.
585 4645 620 4701 Et
632 4651 673 4702 est
688 4661 786 4702 sensus
801 4644 836 4701 de
850 4645 999 4702 bvunilibus
1049 4649 1122 4706 enim
1136 4647 1252 4721 apostoli
1266 4647 1374 4705 collecti
1389 4653 1460 4713 sunt,
1478 4645 1557 4704 electi
1584 4661 1600 4701 a
1620 4645 1748 4712 ιιοιιιιεο,
1777 4659 1851 4718 quo-

198 4735 314 4795 subditis
333 4735 427 4810 gratie
450 4752 457 4789 c
480 4733 539 4790 Etsi
559 4734 612 4790 sint
634 4742 740 4792 montes
762 4733 896 4807 spirituali
912 4733 1001 4790 altitu·
1049 4754 1110 4795 rnm
1132 4735 1325 4811 predicatione
1347 4742 1418 4793 totus
1442 4735 1525 4804 orbis,
1552 4734 1628 4806 cujus
1650 4742 1765 4808 quatuor
1787 4743 1853 4790 suat

197 4825 271 4896 dine,
287 4824 372 4881 iiuunt
387 4823 475 4882 tontes
495 4823 611 4896 Spiritus
625 4823 721 4890 sancti,
738 4823 784 4896 qui
806 4838 887 4894 snper
907 4822 999 4879 humi·
1049 4833 1142 4899 partes
1155 4827 1183 4882 in
1198 4824 1307 4882 nomine
1321 4823 1468 4892 Trinitatis,
1483 4831 1605 4891 vocatur,
1617 4830 1647 4879 ut
1653 4821 1776 4882 Ecclesia
1785 4837 1853 4880 con·

196 4915 252 4974 lem
272 4920 300 4970 et
320 4919 494 4969 mansuetum
516 4911 631 4984 quiescit
664 4913 729 4984 (lta.
755 4913 842 4984 axvi).
866 4911 900 4968 Et
921 4928 999 4984 aquae
1050 4923 1186 4990 gregatur.
1204 4913 1307 4970 Omnes
1323 4913 1395 4970 εειιε
1417 4920 1494 4969 erant
1514 4912 1542 4967 in
1562 4927 1637 4982 arca,
1654 4927 1750 4968 omnes
1764 4911 1792 4967 in
1805 4911 1853 4968 di-

196 5003 413 5079 pertransibant
427 5004 506 5058 inter
519 5001 643 5058 medium
658 5002 809 5058 mantiam.
832 5002 885 5057 Per
904 5016 998 5072 aquas,
1050 5020 1107 5072 sco,
1137 5019 1233 5060 omnes
1260 5011 1362 5060 mactat
1387 5002 1485 5059 Petrus
1512 5009 1538 5057 et
1565 5000 1722 5070 manducat,
1756 5016 1853 5057 omnes

196 5092 413 5165 praedicationes,
430 5089 474 5147 vel
488 5089 541 5161 ipsi
554 5089 746 5160 predicatores
762 5088 838 5146 verbi
852 5089 902 5144 Dei
924 5089 998 5146 acci·
1049 5109 1147 5166 aquam
1176 5093 1304 5148 fluentem
1330 5091 1401 5146 inter
1428 5081 1548 5146 niedium
1579 5089 1712 5145 montium
1744 5089 1852 5156 bibunt,

197 5182 316 5254 piuntnr,
341 5181 387 5253 qui
408 5178 619 5236 intermedium
641 5178 781 5245 montium,
808 5178 834 5233 id
858 5187 899 5233 est
928 5179 1000 5235 iuter
1050 5197 1237 5256 quamnquam
1246 5181 1461 5253 exspectabant,
1473 5177 1789 5250 vclsuscipientortaqri,
1805 5179 1853 5251 qni

196 5269 314 5326 medium
330 5268 525 5341 apostolorum,
549 5266 761 5340 pertransibunt.
787 5267 820 5321 Et
842 5275 904 5324 nota
926 5268 999 5340 quod
1051 5275 1113 5322 sunt
1127 5266 1265 5323 silvestres
1287 5264 1367 5333 asini,
1383 5280 1434 5336 per
1454 5279 1524 5336 quos
1539 5261 1726 5337 significantur
1754 5263 1851 5336 magni

197 5357 234 5413 alt
264 5358 336 5414 inter
369 5357 490 5415 medium
515 5375 521 5412 :
550 5355 671 5413 medium
706 5371 850 5412 commune
890 5355 996 5424 dicitur,
1050 5354 1174 5411 indomiti
1197 5355 1231 5410 de
1247 5352 1375 5428 gentibus
1388 5352 1435 5425 qui
1451 5359 1512 5407 sunt
1527 5351 1586 5408 sine
1598 5352 1666 5426 jugo
1689 5351 1779 5426 legis,
1803 5349 1853 5407 sed

198 5453 225 5502 et
238 5445 311 5518 qnod
324 5445 448 5518 nequead
461 5461 559 5503 ornnes
572 5445 698 5518 pertinet,
713 5459 769 5501 non
778 5444 887 5517 proprie
904 5443 998 5513 eujus-
1050 5451 1077 5500 et
1091 5443 1144 5516 ipsi
1159 5441 1211 5500 leri
1224 5441 1318 5498 bibent
1332 5441 1380 5497 baa
1407 5455 1493 5514 aquas
1515 5456 1576 5498 curn
1603 5439 1715 5497 timidis.
1738 5437 1853 5514 Onager

197 5548 280 5608 quarn
299 5542 350 5592 est.
372 5535 450 5594 Unda
471 5534 570 5592 dieitur
596 5533 631 5591 de
651 5533 786 5606 aliquibus
816 5531 997 5590 bominibus:
1050 5547 1111 5590 cum
1132 5531 1236 5604 lepore,
1260 5528 1353 5605 magni
1375 5544 1439 5587 oum
1460 5527 1561 5602 parvis,
1586 5529 1632 5602 qui
1664 5526 1856 5604 significantur
