3882 6064
170 239 222 293 lli!

858 213 962 271 PETRI
975 211 1154 270 toussani

1767 207 1819 262 too

171 360 262 416 dicat:
278 353 411 412 Dominus
428 357 471 408 est
489 363 614 424 magnus.
639 343 773 402 Dominus
795 341 867 408 (ιιεο,
893 339 967 394 Fun·
983 337 1170 411 Aprehendlt
1193 351 1238 392 eos
1257 347 1307 405 pro
1328 331 1495 389 conscientia
1516 330 1685 387 delictorum.
1718 331 1819 385 Tantus

130 447 135 456 '
172 449 250 503 datur
268 441 448 500 exsultatione
464 438 597 495 aniversae
611 443 703 503 terra,
719 432 763 489 cui
787 429 878 487 sensui
901 444 970 485 con-

170 534 267 592 cordat
288 531 342 587 alia
366 527 523 592 transierim
548 525 594 580 alii
616 523 689 578 euim
718 518 885 576 transierunt
906 515 969 570 sic:

168 623 290 678 Dilatans
324 616 519 675 exsultationes
547 612 682 668 uniuersae
714 617 802 664 terra.
835 607 896 676 lpse
930 609 971 658 est

170 710 294 767 Christus
309 706 356 780 qui
368 722 420 778 per
434 703 590 760 universam
603 698 756 756 Ecclesiam
775 693 875 769 gaudia
897 691 970 747 dila-

168 807 216 856 tat.
234 800 308 855 ιιοιιε
321 797 397 860 Sion,
414 801 479 860 etc,
495 807 545 863 ρει·
559 796 650 861 ρειιεε
670 785 788 844 ostendit
802 782 876 855 quod
890 781 970 836 dixe-

169 893 219 957 rat,
236 901 286 956 per
304 891 425 939 montem
439 880 514 946 Sion,
532 879 640 934 ludaeos
651 871 806 947 significan
822 886 873 942 per
883 869 970 923 latera

169 972 316 1047 aquilonis,
346 978 443 1044 gentes
467 983 527 1040 quae
546 965 686 1020 adhaerent
708 960 829 1029 diabolo,
854 955 900 1030 qui
922 971 971 1028 per

167 1070 279 1120 ventum
293 1059 423 1133 frigidum
438 1063 464 1113 ει
487 1055 586 1111 ιιιιιιιιιι
610 1051 767 1124 aquilonem
790 1044 967 1118 significatur.

168 1152 229 1223 lpse
245 1164 361 1221 namque
376 1146 412 1202 ait
429 1142 647 1200 :Ascendumin
657 1139 759 1196 celum
773 1139 968 1208 etponumse-

167 1239 230 1295 dem
244 1252 338 1293 meam
353 1235 389 1290 ad
403 1233 564 1306 aquilonem
591 1233 620 1286 et
634 1243 681 1285 cre
704 1225 808 1281 similis
822 1223 968 1278 ditissimo

168 1327 248 1398 (lsai.
266 1325 338 1394 arv).
348 1321 426 1378 Unde
437 1320 464 1374 in
474 1317 588 1376 canticis
605 1317 722 1388 :Serpa
734 1312 837 1386 aquila
855 1313 882 1366 et
893 1309 966 1374 veni,

166 1418 265 1471 austu
279 1411 373 1483 (Cant.
383 1411 434 1479 tv).
445 1406 522 1465 Unde
532 1404 684 1461 ieremias:
700 1402 739 1458 Ab
749 1400 881 1473 aquilone
897 1413 969 1464 pan-

168 1485 967 1569 deturomnemalumsuperfaciemierroetler.1).[tlier.,

167 1589 304 1656 Cassiod,
322 1585 406 1661 Aug]
431 1585 516 1655 Quasi
540 1583 632 1638 dicat:
650 1582 721 1636 Vere
744 1576 873 1633 universa
895 1581 969 1629 terra

167 1677 306 1743 fundatur,
324 1675 370 1748 qui
384 1689 463 1729 mons
484 1671 559 1739 Sion,
584 1670 612 1726 id
634 1676 685 1734 est,
704 1665 802 1732 ludaei,
827 1671 855 1719 et
876 1664 1009 1748 loteruB

164 1766 316 1839 aquilonis,
341 1763 370 1819 id
394 1769 436 1818 est
456 1767 562 1834 gentas.
594 1756 754 1828 Quicunque
785 1751 858 1808 enim
889 1750 969 1806 alicui

165 1855 269 1910 haerent
300 1853 386 1907 latera
416 1851 476 1920 ejus
504 1848 639 1904 dicuntur.
674 1844 752 1900 Unde
782 1841 903 1896 solemus
933 1838 969 1893 ita

164 1941 248 2014 loqui,
272 1941 360 1996 bouus
384 1938 466 1993 horno
497 1943 549 2002 est,
574 1934 624 1990 sed
651 1946 735 2002 prava
757 1929 843 1984 latera
876 1926 967 1994 hebet,

165 2029 269 2088 scilicet
283 2025 397 2100 maligni
411 2032 485 2092 sunt,
501 2024 548 2096 qui
563 2022 588 2079 ei
606 2020 693 2091 juncti
708 2019 790 2074 suuti.
808 2019 848 2073 lta
871 2022 967 2089 gentes

167 2125 245 2175 erant
258 2115 361 2172 diaboli
376 2115 471 2169 latera.
488 2113 562 2180 Hac,
580 2111 702 2183 inquam,
727 2113 790 2162 sunt
803 2105 904 2162 ciuitas
919 2119 966 2159 re-

162 2208 204 2280 pis
220 2203 326 2278 mopni,
343 2203 371 2258 id
386 2209 428 2260 est
442 2200 511 2256 Dei.
537 2199 591 2254 dlii
610 2213 693 2271 reges
716 2211 771 2250 non
785 2199 847 2249 sunt
861 2190 964 2265 magui.

162 2295 197 2350 lit
213 2303 255 2351 εει
268 2308 365 2349 sensus
382 2308 390 2346 ι
407 2291 466 2346 Duo
476 2286 594 2360 parietes
604 2291 788 2342 convenerunt
803 2283 830 2336 in
845 2280 966 2352 lapidem

161 2382 333 2455 ungularum,
365 2379 414 2452 qui
436 2378 500 2435 tecit
522 2384 637 2447 utraque
667 2388 750 2428 unum
775 2371 885 2443 (Ephes.
910 2369 963 2437 ιιι),

163 2479 192 2526 ιιι
206 2478 279 2527 εεεει
294 2485 379 2525 ιιιιιιιιι
394 2466 464 2524 ovile
480 2473 507 2521 et
522 2480 592 2520 unus
607 2469 702 2535 pastor
716 2462 808 2531 (loun.
823 2460 865 2529 x).
880 2457 916 2512 Et

197 2596 282 2652 Vaas.
299 2598 326 2650 3.
342 2623 377 2634 -
394 2615 405 2642 ι
422 2593 497 2647 Deus
512 2589 541 2644 in
555 2587 682 2644 domibus
697 2585 756 2654 ejus
767 2587 961 2654 cognoscetur,

162 2701 252 2742 ucum
267 2682 396 2753 suscipiet
416 2695 487 2736 eam.
507 2700 518 2728 ι

195 2794 269 2848 Deus
284 2789 366 2845 etiam
380 2783 604 2859 copncseeturin
614 2780 741 2838 domitus
751 2780 824 2851 ejus,
836 2773 961 2844 civitatis,

159 2879 215 2952 [ct.
242 2879 303 2944 int,
326 2875 412 2942 iliam,
442 2877 525 2945 stup,
541 2869 666 2928 Cassiod.
691 2866 735 2922 Gl.
751 2864 812 2938 int]
836 2863 962 2920 domibus

1021 434 1081 482 erat
1095 423 1147 478 illis
1161 439 1257 494 pavor,
1275 421 1348 494 quod
1362 421 1445 477 etiam
1464 435 1580 492 corpore
1594 417 1756 476 tremebant.

1057 557 1143 612 Vnus.
1159 559 1185 612 6.
1197 585 1232 597 -
1248 579 1259 604 ι
1278 554 1318 610 lbi
1333 553 1441 610 dolores
1455 561 1485 608 ut
1507 551 1702 624 parturientis,
1717 550 1745 606 in
1759 550 1818 622 spi-

1022 668 1033 693 ι
1047 646 1099 700 rim
1115 643 1269 700 vehementi
1282 649 1407 700 conteres
1428 657 1513 697 nares
1527 639 1645 696 Tharais.
1664 663 1675 688 ι

1056 752 1106 816 lli,
1123 750 1216 823 ling„
1233 749 1351 816 alcuin,
1367 750 1451 821 Aug,
1463 745 1599 813 Cassiod..
1615 745 1732 812 dicuin,
1749 745 1819 801 Cas-

1019 838 1103 911 siod]
1116 839 1145 894 id
1160 845 1199 894 εει
1212 838 1240 892 ia
1254 837 1301 892 illa
1308 835 1513 894 conturbatione
1523 835 1630 890 luerunt
1639 835 1747 892 dolores
1756 849 1819 906 pue·

1019 926 1149 983 nitentia.
1161 926 1277 982 Dolores
1287 925 1358 991 dico,
1371 923 1609 996 utpcrturientis,
1621 921 1697 978 idest
1704 937 1816 996 graves,

1019 1015 1067 1071 sed
1083 1015 1172 1081 utiles,
1188 1013 1252 1086 quia
1266 1013 1329 1069 inda
1343 1011 1447 1069 iromus
1460 1010 1596 1083 provenit.
1613 1011 1691 1067 Unde
1710 1010 1818 1066 isaias:

1018 1105 1039 1160 A
1053 1105 1153 1160 timore
1168 1107 1225 1169 tuo,
1240 1102 1366 1170 Domine,
1378 1102 1559 1172 concepimus
1572 1103 1602 1156 et
1610 1099 1819 1171 parturivimus

1017 1192 1151 1264 spiritum
1164 1191 1266 1247 salutis
1283 1191 1359 1262 (lsai.
1372 1187 1477 1260 xxvu).
1487 1185 1631 1256 Quomodo
1649 1193 1734 1242 tatum
1746 1185 1817 1243 uest

1018 1273 1818 1352 quiainspiriluuchemenii,idestperspiritumsanctum,

1017 1368 1062 1424 vel
1082 1367 1110 1422 in
1135 1366 1196 1422 torti
1218 1367 1313 1422 timore
1328 1365 1366 1421 tui
1391 1363 1548 1434 judicaturi.
1577 1364 1708 1420 conteres
1731 1378 1819 1420 naues

1021 1456 1143 1522 Tharais,
1160 1455 1188 1510 id
1203 1462 1245 1510 est
1259 1462 1364 1510 evertes
1388 1452 1546 1524 superbiam
1568 1451 1700 1524 gentium.
1725 1450 1820 1508 Cilicia

1018 1560 1136 1616 namque
1151 1544 1228 1615 regio
1242 1558 1259 1598 a
1273 1543 1377 1598 Tharsa
1392 1539 1535 1612 metropoli
1550 1556 1598 1595 sua
1622 1539 1732 1595 Tharsis
1745 1539 1819 1596 dici-

1020 1640 1082 1689 tur:
1106 1648 1156 1703 per
1177 1633 1248 1688 hauc
1270 1639 1367 1704 gentes
1390 1629 1577 1701 accipiuntur;
1594 1644 1611 1683 a
1629 1635 1705 1701 parte
1719 1636 1815 1684 totum.

1022 1721 1072 1778 Vel
1087 1719 1198 1776 Tharais
1213 1727 1254 1776 est
1269 1720 1415 1792 Carthago,
1432 1733 1493 1790 quae
1507 1717 1624 1775 navibus
1638 1716 1704 1772 olim
1726 1715 1819 1772 ιιοιιιιι

1018 1809 1256 1874 aduersandum,
1273 1807 1371 1880 quihus
1387 1805 1513 1878 superbia
1537 1804 1657 1879 gentium
1679 1804 1815 1879 signatur,

1018 1913 1079 1968 quae
1102 1896 1132 1952 ia
1154 1896 1267 1952 incertis
1290 1895 1454 1963 divitiarum,
1480 1893 1552 1950 uelut
1573 1893 1601 1948 in
1614 1892 1721 1948 tlutihus
1744 1892 1819 1949 venti
1873 1909 1874 1914 ¹

1017 1983 1137 2041 confidit.
1153 1983 1208 2040 Sed
1219 1984 1275 2053 jam
1296 1981 1374 2038 firma
1400 1983 1481 2039 sedes
1502 1989 1544 2037 εει
1567 1981 1595 2035 in
1610 1980 1684 2049 Sion,
1709 1996 1764 2037 non
1789 1979 1818 2034 in

1016 2072 1094 2128 mari.
1129 2072 1169 2126 lbi
1191 2071 1263 2127 enim
1288 2069 1401 2126 stabiliri
1437 2069 1579 2135 debemus,
1608 2084 1664 2124 nan
1703 2065 1816 2140 pcrllari

1015 2159 1090 2216 omni
1104 2167 1185 2216 vento
1199 2159 1330 2216 doctrinae
1347 2158 1458 2232 (Ephes,
1484 2159 1534 2228 ιιι).
1560 2157 1594 2212 Ει
1607 2164 1669 2212 nota
1693 2156 1767 2228 quod
1781 2155 1819 2210 eit

1015 2254 1164 2316 conteres,·
1187 2249 1240 2304 hoc
1265 2247 1337 2303 enim
1360 2245 1456 2302 dicite
1484 2244 1566 2300 simili
1590 2243 1816 2316 naufragantium.

1015 2337 1064 2393 Vel
1090 2337 1164 2406 juxta
1191 2335 1442 2407 interpretationem
1461 2333 1590 2391 nominis.
1620 2334 1819 2404 Interpretatur

1014 2425 1087 2481 enirn
1101 2424 1212 2481 Tharais
1226 2425 1384 2497 exploratio
1398 2421 1504 2495 pcudii.
1516 2423 1608 2478 Nares
1619 2437 1687 2494 ergo
1704 2421 1819 2476 Themis

1015 2521 1077 2570 sunt
1091 2513 1273 2580 discursores,
1290 2513 1319 2567 in
1342 2511 1460 2567 diversis
1480 2509 1576 2566 muudi
1597 2508 1696 2584 gaudia
1718 2509 1819 2580 explo-

1015 2609 1118 2658 rantes.
1133 2603 1190 2657 ιιοε
1206 2608 1329 2657 εοιιιειει
1342 2598 1487 2669 Dominus,
1503 2606 1533 2654 ut
1555 2597 1647 2654 abhis
1669 2597 1815 2654 desistant.

1014 2691 1108 2746 Aliter
1121 2689 1157 2745 ab
1171 2689 1218 2744 illo
1232 2688 1303 2757 loco,
1318 2704 1384 2745 eum
1392 2688 1529 2760 suscipiet
1540 2702 1613 2758 eum,
1624 2686 1703 2759 quasi
1716 2685 1791 2743 dicat
1807 2705 1815 2742 :

1013 2780 1088 2834 Deus
1103 2781 1285 2850 capnoseetur
1297 2776 1474 2841 indemihus,
1490 2781 1517 2831 et
1530 2775 1592 2842 hoc,
1603 2790 1669 2831 cum
1679 2777 1817 2847 suscipiet

1012 2881 1075 2922 eam
1089 2865 1226 2922 civitatem
1236 2863 1388 2931 tutandam,
1399 2871 1425 2920 ει
1442 2863 1507 2936 quid
1520 2878 1589 2935 opus
1602 2869 1653 2930 est,
1671 2870 1699 2918 ut
1707 2871 1816 2919 tueatur

158 2968 224 3024 dicit
237 2964 388 3041 pluraliter,
405 2962 469 3035 quia
486 2961 543 3031 jam
558 2964 621 3014 sunt
644 2956 735 3028 plures
758 2953 855 3009 domas
878 2951 907 3006 in
930 2966 962 3006 ea
1012 2953 1096 3009 euml
1109 2953 1193 3010 Valde
1208 2969 1277 3024 opus
1292 2959 1352 3019 cst,
1366 2953 1501 3026 pamniam
1526 2967 1589 3009 ecee
1612 2967 1689 3024 repes
1719 2954 1815 3017 terrm

161 3055 281 3113 civitate.
297 3052 372 3108 ιιιιιιι
387 3051 459 3108 ειιιιιι
474 3055 537 3104 ειιιιι
550 3045 739 3104 Ecclesiamm
754 3041 874 3110 ordines,
888 3054 960 3095 uua·
975 3037 1001 3101 G
1015 3041 1313 3115 gentiumadlitteram,
1325 3042 1488 3112 conpreputi
1497 3043 1605 3096 suntet
1614 3043 1813 3096 conuenerunt

163 3152 253 3200 tamen
267 3140 402 3198 Ecclesia.
418 3139 486 3195 Dico
496 3141 689 3209 cognoscetur,
714 3131 763 3187 sed
772 3130 825 3186 hoc
838 3145 890 3202 per
903 3143 963 3202 gra·

161 3231 227 3287 tiam
246 3228 429 3302 suscipientis,
443 3234 471 3282 et
488 3227 541 3282 hoc
554 3231 606 3290 est,
623 3237 689 3279 eum
713 3221 849 3292 suscipiet
863 3225 892 3272 ut
905 3233 962 3274 me·

161 3318 239 3375 dicus
263 3333 326 3375 eum
348 3315 508 3372 curandam.
541 3312 591 3368 Vel
614 3311 649 3366 de
671 3308 763 3364 tuturo
786 3313 875 3379 ροιεει
888 3305 961 3377 legi,

161 3405 312 3462 secundum
327 3404 407 3459 aliam
430 3401 560 3466 litteram,
586 3398 645 3455 sic:
673 3397 748 3451 Deus
769 3400 961 3466 cognoscetur,

165 3493 193 3549 in
207 3493 307 3549 tuturo.
324 3491 354 3547 lu
368 3489 501 3564 madibus
515 3488 584 3556 eius,
598 3485 627 3541 id
643 3492 682 3542 est
694 3483 844 3540 meandum
860 3481 962 3555 padus

164 3582 334 3647 meritorum,
352 3579 414 3652 quia
428 3578 456 3633 in
480 3575 595 3648 singulis
623 3572 772 3630 distinctim
805 3571 881 3627 dabit
912 3585 962 3626 co-

159 3669 310 3745 gnitionem
320 3667 372 3724 sui.
385 3662 587 3736 Cumsuscipiet
597 3678 668 3732 eam,
683 3662 711 3716 in
726 3657 961 3716 aeterna102

159 3758 338 3815 beatitudine.
351 3755 402 3812 llic
425 3751 662 3812 commendatore
684 3748 854 3823 benignitate
878 3747 961 3820 ragis.

193 3883 279 3956 Varis.¹
297 3900 325 3955 t.
342 3927 376 3940 -
393 3894 553 3965 «Quoniam
567 3908 633 3950 ecce
652 3907 735 3965 reges
754 3897 835 3946 terrae
848 3904 962 3960 congre·

162 3989 243 4062 «pati
259 3995 336 4054 suar,
358 3990 544 4043 convenerunt
564 3977 594 4036 in
607 3996 702 4037 unum.
720 4003 732 4033 ι

195 4103 333 4171 Quoniam
344 4115 407 4156 ecce
418 4114 506 4170 repes.
523 4095 619 4170 [hup]
634 4095 699 4151 Ηιεε
713 4100 775 4149 ειιιιι
785 4091 870 4148 latera
880 4090 963 4163 Aqui-

161 4189 243 4246 lonis.
259 4187 345 4258 Quasi
360 4186 451 4242 dicat:
470 4184 631 4241 Verelatcra
644 4179 778 4255 aquilonis
788 4188 851 4236 sunt
869 4178 963 4236 civitas

164 4277 225 4348 Dei,
234 4277 368 4351 quoniam
379 4288 441 4329 eece
457 4287 534 4344 repes
545 4275 630 4328 terre
639 4270 802 4342 concrepuit
820 4272 890 4324 sunt
900 4282 963 4323 curn

163 4365 268 4423 certeris
282 4361 409 4419 fidelihus
423 4359 451 4414 in
466 4359 566 4415 unimte
580 4357 655 4413 fidei.
674 4357 871 4414 conuenerunt
884 4355 913 4410 in
928 4354 963 4409 la·

163 4454 256 4525 pidem
269 4449 429 4524 angularem
443 4455 470 4504 et
480 4448 533 4504 hoc
546 4449 578 4504 in
588 4461 689 4511 unum,
701 4443 728 4500 id
737 4450 780 4500 εει
792 4443 821 4498 iu
834 4443 963 4498 unitatem

165 4541 229 4598 fidei
243 4548 270 4597 et
284 4554 400 4596 morum.
416 4538 446 4592 ιιι
461 4536 511 4592 hac
526 4535 628 4591 unitate
640 4549 696 4590 non
709 4540 750 4589 est
773 4530 849 4588 locus
873 4533 964 4588 hara-

162 4629 222 4686 ticis
245 4643 295 4700 per
323 4634 417 4699 partes
440 4624 518 4697 pravi
542 4622 676 4696 dogmatis
699 4619 828 4687 concisis,
853 4620 899 4693 qui
919 4620 964 4676 di-

161 4725 225 4774 cunt
237 4719 323 4774 :Dece
333 4717 377 4773 liis
394 4719 435 4771 est
450 4714 589 4780 Christus,
600 4727 661 4768 eece
674 4711 736 4768 illic
745 4710 856 4776 (natta.
867 4711 962 4780 xxiv).

161 4807 197 4862 lit
217 4805 267 4872 sic,

198 4929 284 4986 Vnus.
300 4929 326 4983 5.
351 4946 415 4977 -ι
442 4924 498 4996 Ipsi
518 4923 642 4979 ridentes
666 4922 705 4979 sic
726 4921 852 4978 admirati
876 4928 963 4978 aunt:

165 5038 177 5069 ι
194 5013 346 5074 εοιιιιιιιιειι
363 5019 436 5080 ειιιιι,
453 5010 582 5070 εοιιιιιιοιι
603 5017 675 5077 sunt,
692 5017 795 5066 tremor
809 5009 964 5082 apprehen-

164 5126 178 5174 ,ι
195 5105 235 5161 dit
249 5119 307 5160 εοε.
324 5123 336 5152 s

199 5220 255 5293 lpsi
270 5218 332 5274 tacti
355 5224 418 5273 sunt
441 5216 577 5286 uidentes,
593 5213 688 5288 lang„
713 5213 849 5282 cassiod„
875 5213 961 5280 Hier„

104 5325 111 5334 ·
165 5301 963 5380 dum]etsie‚scilicetvidentes.admiratisuntdegloria

167 5405 193 5452 et
205 5393 343 5450 miraculis
360 5391 460 5448 Christi
473 5410 481 5458 3
496 5398 597 5462 etpost
612 5391 818 5447 admirationem
833 5391 921 5464 gloria
936 5398 962 5446 et

164 5482 357 5539 miraculorum
372 5479 481 5546 ChrIati,
498 5481 661 5536 conturbati
682 5483 753 5537 sant
765 5495 814 5552 pro
829 5479 960 5551 peccatis,

163 5572 193 5627 et
210 5565 430 5630 commotisunt,
447 5562 526 5618 idest
540 5562 575 5618 ad
590 5563 659 5618 hona
669 5563 774 5630 mutati,
790 5567 896 5620 tremor
908 5579 961 5636 up-

1012 3131 1044 3186 in
1059 3147 1161 3196 unum,
1178 3137 1272 3186 contra
1285 3129 1357 3186 hanc
1371 3128 1518 3197 civitatem,
1542 3135 1572 3184 ut
1592 3127 1719 3184 tollerent
1733 3143 1815 3194 eam;

1013 3217 1063 3275 sed
1083 3225 1189 3290 postea,
1204 3218 1261 3290 ipsi
1282 3217 1420 3282 uidentes,
1443 3232 1493 3287 per
1514 3214 1607 3282 fidem,
1633 3217 1685 3282 sic,
1710 3214 1818 3272 scilicet

1013 3306 1156 3379 quodiam
1171 3305 1254 3377 digna
1268 3313 1310 3362 est
1326 3306 1385 3362 hac
1396 3305 1503 3373 civitas,
1526 3304 1663 3361 admirati
1683 3307 1773 3372 sunt,·
1788 3309 1816 3360 ει

1012 3402 1078 3467 ροει,
1088 3394 1306 3462 admirationem,
1321 3394 1484 3452 conturbati
1499 3396 1579 3450 suni.
1589 3393 1684 3449 liccat
1706 3391 1815 3464 reliqua

1012 3498 1073 3555 quaa
1083 3491 1233 3555 sequuntur
1245 3497 1301 3539 non
1314 3489 1480 3538 mutantura
1501 3481 1616 3538 lectione
1640 3480 1736 3552 priori.
1753 3479 1815 3536 sti·

1013 3578 1064 3638 ter,
1082 3579 1109 3626 et
1122 3571 1213 3644 agitur
1226 3571 1263 3627 sd
1275 3569 1393 3626 litteram
1408 3570 1442 3626 da
1455 3569 1574 3639 Herode,
1587 3578 1615 3625 et
1628 3567 1740 3625 historia
1755 3568 1814 3625 Do-

1012 3658 1119 3716 minicae
1132 3658 1280 3716 nativitatis
1293 3659 1445 3730 exponitur.
1457 3657 1541 3728 Quasi
1556 3656 1629 3714 dicat
1646 3674 1654 3712 :
1670 3657 1740 3714 lere
1755 3673 1817 3714 sits·

1012 3748 1108 3820 cipiet,
1124 3747 1186 3820 quia
1200 3763 1250 3819 per
1264 3745 1485 3804 incarnationem
1498 3762 1558 3819 quoe
1578 3761 1645 3804 rere
1672 3743 1719 3801 fiet
1743 3762 1815 3819 puo-

1012 3837 1254 3909 niumeecerepes,
1267 3835 1294 3891 id
1308 3843 1351 3892 est
1360 3835 1499 3908 principes
1512 3835 1678 3901 iudeorum,
1693 3850 1814 3907 conpre-

1012 3926 1155 3997 paiisunt,
1165 3923 1199 3979 ab
1205 3924 1312 3980 Herode
1321 3923 1468 3980 suscitante
1477 3923 1512 3979 ab
1518 3923 1558 3980 eis
1566 3923 1657 3980 locum
1662 3921 1813 3980 uommice

1012 4011 1170 4068 nativitatis.
1180 4014 1278 4085 stipsi
1287 4014 1520 4070 conueneruntin
1528 4029 1630 4081 unum,
1641 4011 1814 4069 concorditer

1012 4100 1130 4157 (ιιεειιιιο
1143 4100 1173 4155 in
1185 4100 1345 4157 Bethlehem
1366 4099 1443 4158 luda
1458 4100 1569 4173 (lloiil.
1585 4101 1638 4172 tr),
1662 4100 1815 4158 secundum

1014 4187 1181 4260 Scripturas.
1197 4187 1255 4261 ipsi
1269 4189 1396 4246 ιίιιειιιεε
1405 4188 1444 4246 sic
1459 4187 1525 4244 utin
1533 4188 1677 4261 prophetia
1689 4187 1815 4262 legerant

1013 4275 1074 4334 lieri
1089 4277 1182 4348 (llicit.
1198 4278 1238 4346 v),
1249 4277 1385 4335 admirati
1395 4280 1464 4334 sunt
1478 4276 1513 4333 de
1524 4283 1598 4334 tanta
1608 4277 1707 4351 gloria,
1723 4286 1750 4333 ει
1758 4291 1816 4334 non

976 4365 1111 4450 Dleviter
1124 4364 1169 4420 vel
1183 4364 1287 4432 otiose;
1303 4364 1352 4422 εειι
1366 4366 1531 4424 centuriati
1544 4369 1613 4422 sunt
1622 4380 1671 4436 pro
1680 4365 1813 4437 peccatis,

1014 4461 1041 4511 et
1057 4453 1198 4519 commoti
1214 4453 1250 4509 ad
1263 4451 1356 4520 iidem,
1372 4461 1400 4510 et
1421 4461 1511 4510 tantus
1522 4452 1573 4510 tuit
1592 4469 1687 4526 paror,
1703 4462 1732 4510 ιιι
1747 4470 1813 4510 cor·

1012 4558 1064 4614 ριιε
1078 4546 1223 4608 ιιειιιειει;
1237 4542 1310 4598 uude
1325 4542 1448 4614 εειριιιιιι
1463 4559 1471 4597 2
1491 4543 1604 4599 Tremor
1626 4540 1815 4616 apprehendit

1015 4646 1080 4698 eoa,-
1094 4629 1134 4686 ιιι·
1147 4630 1254 4687 dolores
1268 4633 1303 4686 ui
1315 4631 1517 4703 parturientis,
1533 4629 1562 4685 id
1576 4637 1618 4686 εει
1640 4629 1812 4702 ριεειιειιιιιι,

1013 4717 1077 4790 quia
1089 4716 1143 4788 ipsi
1156 4717 1280 4774 videntes
1293 4717 1331 4774 ita
1357 4718 1510 4776 conturbati
1533 4724 1596 4774 sunt
1617 4718 1653 4773 ad
1674 4717 1813 4790 poeniten·

1013 4806 1078 4862 tiam
1094 4807 1144 4862 sed
1162 4807 1193 4862 in
1208 4807 1314 4879 spiritu
1338 4807 1507 4877 uehementi,
1531 4806 1658 4874 Herodis,
1684 4811 1814 4865 caumes

1013 4909 1100 4952 naues
1118 4895 1239 4964 Tharsa,
1256 4894 1303 4967 qui
1325 4911 1410 4952 naves
1432 4896 1461 4952 in
1489 4896 1595 4952 Tharsa
1623 4893 1734 4962 Cilicia,
1751 4911 1813 4968 quaa

1012 4998 1110 5058 magos
1124 4998 1174 5056 per
1187 4983 1270 5039 eham
1287 4982 1361 5041 viam
1374 4992 1553 5055 caramentes,
1568 4983 1770 5056 transposuisse
1785 4983 1814 5038 in

1012 5072 1126 5143 patriam
1141 5086 1220 5128 suam
1242 5072 1434 5144 credebantur,
1457 5071 1596 5130 eontracta
1616 5081 1680 5128 suut
1698 5073 1734 5128 ab
1755 5071 1813 5128 lle·

1013 5161 1089 5218 rude.

1047 5285 1136 5340 Vsus.
1154 5287 1181 5341 ι.
1197 5315 1233 5326 -
1249 5307 1260 5334 ι
1279 5285 1353 5342 Sicut
1368 5283 1520 5341 audirimus
1535 5283 1577 5340 sic
1590 5282 1710 5340 vidimus
1724 5281 1752 5339 iu
1767 5281 1809 5340 ci·

1013 5395 1025 5420 ι
1043 5372 1124 5429 ritate
1138 5373 1248 5430 Domini
1256 5373 1394 5440 virtutum,
1405 5373 1433 5429 in
1442 5373 1549 5430 civitate
1557 5372 1609 5430 Dei
1618 5372 1706 5429 nostri
1718 5390 1725 5427 :
1735 5373 1811 5429 Deus

1013 5481 1024 5510 ι
1042 5459 1162 5517 fundarit
1176 5476 1237 5518 eam
1251 5461 1279 5516 iu
1301 5469 1443 5518 aternum.
1460 5485 1472 5510 ι

1046 5568 1125 5625 Sicut
1140 5567 1310 5624 audiuimus.
1327 5567 1474 5640 [Cassiod.,
1492 5569 1574 5640 nup,
1592 5564 1710 5636 alcuin,
1725 5566 1810 5638 lup,
