3906 6056
204 163 272 218 tsaa
315 141 319 148 ’
877 161 981 222 altrat
1002 161 1183 223 touaaatu
1694 191 1697 200 ‹
1784 171 1857 224 isat

202 304 254 361 pro
268 271 452 357 impietatibus
466 283 561 357 populi
574 283 663 341 adhuc
677 301 732 342 non
747 285 798 352 sui,
815 295 936 343 mortuus
947 291 1034 352 esth
1048 303 1098 361 pro
1113 288 1193 345 nobis
1207 296 1330 345 mortuus
1344 296 1395 357 εει,
1416 302 1478 346 cum
1501 289 1591 346 adhuc
1616 299 1782 363 peccatores
1806 308 1857 348 as-

202 375 252 433 Vcl
265 375 310 441 ita,
336 380 367 429 ut
390 371 438 430 liat
461 373 598 430 distinctio
621 373 693 432 inter
713 375 816 444 justum
839 383 866 431 et
890 375 1001 433 bonum.
1054 393 1155 433 semus.
1172 377 1373 451 [augustinus]
1387 379 1469 446 Ecce,
1485 379 1551 434 dum
1568 380 1665 436 oderat
1679 396 1731 437 nos
1752 397 1858 438 secum

200 463 294 519 iustus
307 463 379 519 eninr
395 478 447 535 pro
462 462 592 519 exercitio
619 463 750 522 virtutum
764 464 809 520 bic
831 463 939 532 dicitur,
956 464 1003 538 qui
1052 464 1117 530 dum
1132 474 1255 538 peccata,
1272 467 1383 522 amabat
1395 468 1546 524 secundum
1557 469 1630 539 quod
1640 469 1855 540 opusejusera-

201 559 227 608 et
240 552 329 608 bonus
343 559 404 618 est;
420 552 470 608 sed
483 559 527 608 est
538 552 637 620 bonus,
653 552 699 626 qui
713 561 820 608 nonest
830 553 930 623 justus,
948 553 1002 610 sci·
1052 569 1123 622 mus,
1139 555 1214 627 quod
1229 562 1255 611 et
1269 554 1409 612 recitante
1423 556 1517 612 mundi
1527 555 1748 614 constitutionem
1764 557 1853 630 (lat).

190 640 264 698 -licct
292 642 339 715 qui
357 648 436 697 natus
456 648 498 697 est
522 640 549 695 in
574 641 765 712 simplicitatep
790 641 932 708 innocens,
957 641 1002 714 qui
1052 643 1337 715 lncomprehensibilis
1353 653 1395 700 est
1409 645 1482 702 enim
1496 644 1607 702 dilectio
1621 661 1675 718 qua
1696 662 1748 702 nos
1762 647 1855 718 diligit

199 729 321 786 nondum
332 727 473 797 laboravit,
489 736 519 785 ut
540 728 717 801 amplificaret
740 746 769 786 se
790 729 879 798 bonis,
896 739 924 786 ut
939 737 1002 786 sunt
1051 732 1126 788 Deus
1139 740 1219 804 atque
1235 733 1418 788 immutabilis.
1434 735 1496 790 Non
1510 733 1583 790 enim
1598 749 1631 790 ex
1647 749 1701 806 quo
1716 733 1742 790 ei
1756 751 1855 791 recon-

200 818 306 891 parvuli
320 819 348 872 in
361 819 500 890 baptismo
513 817 646 874 mundati.
668 817 760 874 iustus
784 827 877 874 autern
900 817 1001 874 bonum
1051 820 1132 877 ciliati
1145 837 1249 890 sumus,
1265 838 1316 894 per
1339 822 1501 896 sanguinem
1523 822 1583 878 Filii
1606 823 1675 892 ejus,
1696 839 1748 879 nos
1771 825 1855 896 coepit

201 915 305 964 naturae
318 923 375 962 suae
390 907 520 964 exercitio
535 906 696 974 melioravit,
714 914 741 962 et
764 905 828 962 licet
848 907 939 976 justus
954 923 1001 964 sc·
1050 909 1186 982 diligere3
1202 911 1251 966 sed
1265 920 1327 967 aute
1341 911 1481 980 muudum,
1492 911 1570 984 prius
1586 928 1667 984 quarn
1676 913 1789 969 omnino
1802 912 1853 969 ali-

201 996 319 1052 cundum
335 995 515 1068 modumque
531 995 574 1052 bic
591 995 724 1066 accipitur
747 994 846 1051 melior
860 995 894 1050 sit
917 1011 1000 1068 quam
1050 998 1115 1071 quid
1132 1014 1254 1056 essemus
1278 999 1371 1056 dilexit
1394 1015 1456 1068 nos,
1482 1008 1511 1055 ut
1534 1015 1596 1057 cum
1619 1001 1678 1070 ejus
1703 1002 1852 1074 Unigenito

172 1084 300 1155 ‘bonus
324 1083 486 1141 innocentiae
508 1091 600 1139 tamen
631 1098 715 1140 causa
746 1093 788 1142 est
816 1083 1000 1140 miserabilior
1050 1087 1130 1144 etiam
1144 1103 1196 1143 nos
1212 1086 1261 1143 filii
1276 1089 1334 1158 ejus
1348 1105 1483 1145 essemus.
1500 1087 1581 1158 Quod
1595 1105 1661 1162 ergo
1674 1105 1726 1146 uos
1749 1107 1851 1147 recon-

202 1189 284 1248 quam
295 1172 418 1243 justitiae,
435 1171 496 1245 quia
511 1187 566 1228 nou
581 1180 621 1228 est
635 1172 789 1242 hujusmodi
806 1172 918 1242 justitiae
940 1172 999 1228 sine
1049 1175 1132 1232 ciliati
1147 1192 1241 1232 sumus
1254 1177 1313 1233 Deo
1323 1193 1374 1248 per
1393 1185 1511 1234 mortem
1537 1177 1646 1246 Christi,
1670 1194 1726 1234 non
1748 1180 1790 1236 sic
1810 1189 1852 1236 est

201 1261 358 1318 severitate.
373 1261 407 1316 Et
423 1267 465 1315 est
479 1276 577 1316 sensus
592 1275 600 1316 :
617 1260 687 1316 Vere
702 1277 833 1334 magnum
846 1260 910 1317 lecit
924 1261 999 1316 Chri·
1048 1264 1264 1338 intelligendum,
1295 1265 1374 1338 quasi
1405 1266 1469 1322 ideo
1504 1282 1556 1322 nos
1579 1267 1798 1324 reconciliaverit
1824 1269 1850 1324 ei

199 1359 257 1407 stus
270 1349 414 1406 moriendo
437 1365 486 1420 pro
508 1349 607 1420 impiis.
633 1349 684 1406 Vix
707 1349 780 1405 enim
800 1350 916 1406 moritur
938 1351 999 1422 quis
1048 1353 1192 1419 Christus,
1216 1361 1244 1410 ut
1263 1353 1322 1423 jam
1349 1354 1480 1426 inciperet
1512 1371 1604 1412 amare
1635 1371 1704 1429 quos
1728 1357 1847 1428 oderat,

198 1455 249 1512 pro
262 1439 345 1510 justo,
362 1438 408 1511 qui
423 1439 504 1494 habet
519 1437 676 1495 exercitium
690 1439 827 1496 virtutum.
849 1440 915 1496 ldeo
935 1439 997 1496 dico
1048 1440 1139 1514 [hugi
1169 1442 1238 1498 sicut
1265 1443 1456 1500 reconciliatur
1493 1444 1620 1501 inimicus
1658 1445 1791 1512 inimico,
1821 1453 1850 1501 ut

197 1543 248 1602 pro
259 1529 350 1598 just03
364 1543 429 1584 nam
443 1543 492 1598 pro
516 1528 598 1596 bono,
613 1527 641 1583 id
662 1537 704 1584 est
731 1528 847 1600 simplici
868 1535 895 1584 et
919 1527 997 1584 iuno-
1047 1530 1146 1586 deiude
1161 1530 1215 1586 siut
1229 1531 1319 1598 amici,
1336 1538 1363 1587 et
1377 1548 1407 1588 se
1421 1531 1537 1589 invicem
1548 1532 1663 1607 diligant
1677 1533 1723 1607 qui
1737 1543 1802 1590 ante
1816 1551 1847 1590 aa

196 1617 279 1686 centi,
295 1617 408 1674 forsitan
422 1618 483 1690 quis
496 1618 595 1673 audeat
609 1617 693 1673 mori.
720 1617 843 1674 Dicendo
857 1617 893 1673 de
911 1617 1032 1708 justo,B
1046 1618 1163 1676 invicem
1177 1619 1292 1676 oderant
1307 1619 1375 1676 :sed
1387 1621 1444 1690 jam
1457 1637 1508 1678 nos
1522 1621 1581 1678 Deo
1604 1621 1729 1696 diligenti
1742 1639 1847 1680 recon-

197 1707 242 1765 vix
256 1713 283 1762 et
298 1707 378 1780 quis3
394 1715 421 1762 et
435 1707 470 1762 de
493 1707 576 1774 bono,
604 1705 727 1774 forsitan,
751 1707 849 1779 etquis
873 1707 993 1762 audeat:
1045 1707 1128 1764 ciliati
1142 1725 1246 1776 sumus,
1271 1725 1335 1766 cum
1357 1725 1411 1781 quo
1434 1717 1544 1782 propter
1565 1719 1708 1782 peccatum
1728 1711 1849 1768 inimici·

197 1803 343 1868 utrumque
357 1794 466 1852 difficile
486 1795 616 1863 ostendit,
634 1803 660 1852 et
682 1812 782 1863 rarum,
808 1795 857 1852 sed
880 1795 994 1852 alterum
1044 1796 1097 1852 tias
1110 1797 1289 1853 habebamus.
1314 1798 1440 1854 Habebat
1458 1798 1532 1854 enim
1545 1797 1591 1854 ille
1605 1799 1764 1856 charitatem
1779 1816 1848 1874 erga

184 1883 329 1943 ‹dffioihus
351 1891 378 1942 et
400 1884 497 1941 rarius.
1043 1900 1105 1956 nos,
1121 1885 1204 1942 etiam
1224 1901 1286 1942 cum
1309 1885 1463 1944 inimicitias
1492 1887 1689 1945 exercebamus
1711 1888 1846 1946 adversus

213 1975 299 2031 Vsus.
310 1978 431 2032 t-to.-
443 1996 454 2024 tt
465 1973 643 2030 Commendat
652 1981 742 2030 autem
753 1973 909 2031 charitatem
916 1989 994 2030 suam
1044 1989 1116 2043 eum,
1133 1975 1274 2047 operando
1287 1975 1456 2048 iniquitatem
1471 1975 1554 2050 (litt).
1572 1977 1648 2034 Sicut
1669 1977 1786 2034 enimsi
1809 1979 1849 2034 di·

196 2065 300 2120 «Deus
323 2062 351 2118 in
372 2063 463 2131 nobis,
485 2063 613 2136 quonmm
640 2079 702 2120 cum
724 2063 814 2119 adbuc
837 2070 994 2135 peccatores
1043 2071 1117 2120 ctum
1132 2071 1175 2119 est
1190 2081 1197 2120 :
1215 2064 1307 2121 Odisti
1320 2081 1417 2122 manea
1431 2065 1479 2138 qui
1489 2070 1647 2139 operantur
1659 2066 1847 2139 iniquitatem

196 2169 359 2220 «essemus,
384 2152 533 2210 secundum
566 2160 673 2224 tempus
694 2151 818 2208 Christus
837 2167 889 2224 pro
913 2151 993 2209 nobis
1044 2153 1131 2223 (Paul.
1148 2154 1188 2223 v).
1205 2153 1244 2208 lta
1258 2161 1285 2209 ct
1298 2153 1365 2209 illud
1379 2153 1406 2211 ei
1421 2153 1524 2209 dictum
1537 2162 1578 2210 ast
1594 2155 1787 2212 :Nihilcdisti
1802 2173 1847 2214 eo-

196 2266 207 2293 a
225 2250 349 2298 mortuus
359 2248 409 2298 εει.
427 2241 510 2299 lllulto
523 2241 608 2314 igitur
620 2241 710 2316 magis
724 2257 797 2297 nuuc
813 2239 951 2311 justificati
965 2241 993 2297 in
1043 2257 1109 2298 rum
1127 2257 1188 2316 qttoe
1208 2243 1304 2313 sociati
1321 2243 1396 2314 (Sap.
1418 2243 1470 2314 ει).
1490 2242 1606 2299 Proinde
1624 2244 1695 2300 miro
1709 2252 1737 2300 at
1751 2244 1847 2302 divino

194 2331 359 2406 «sanguine
382 2330 477 2402 ipsius,
499 2329 566 2387 salvi
580 2332 680 2388 erimus
707 2329 742 2386 ab
763 2329 804 2386 ira
826 2346 877 2401 per
891 2330 991 2402 ipsum.
1042 2329 1226 2387 modoetiam
1251 2331 1360 2403 quaudo
1381 2348 1431 2386 nos
1452 2331 1549 2388 oderat
1570 2331 1710 2404 diligebat.
1740 2333 1847 2390 Oderat

195 2443 207 2470 t
225 2420 253 2478 Si
268 2419 341 2476 enim
356 2435 419 2477 cum
433 2419 535 2476 inimici
550 2435 683 2487 essemus,
708 2418 875 2476 reconciliati
899 2435 992 2475 sumus
1042 2419 1180 2476 animnos
1194 2419 1290 2493 quales
1304 2420 1363 2493 ipse
1377 2435 1433 2476 non
1455 2420 1568 2490 lecerat,
1584 2429 1611 2476 et
1629 2421 1692 2494 quia
1713 2422 1845 2495 iniquitas

194 2530 207 2562 ι
224 2507 283 2566 Deo
306 2525 357 2581 per
370 2517 486 2566 mortem
507 2508 568 2564 Filii
581 2511 651 2580 ejus,
675 2509 760 2564 multo
780 2507 870 2582 magis
894 2523 992 2564 recon-
1041 2515 1137 2564 nostra
1152 2525 1207 2564 nou
1222 2508 1329 2580 penitus
1343 2517 1550 2582 consumpserat
1564 2509 1623 2579 ejus
1647 2526 1727 2582 opus.
1751 2512 1844 2568 Nove·

193 2597 305 2655 «ciliati
320 2597 389 2654 salvi
402 2597 503 2654 erimus
516 2596 545 2652 in
559 2597 613 2653 vita
632 2596 727 2669 ipsius.
746 2617 758 2648 s
1042 2606 1083 2655 rat
1103 2597 1185 2654 simul
1205 2598 1234 2652 in
1257 2613 1423 2670 unoquoque
1446 2605 1580 2669 nostrum,
1597 2607 1624 2655 et
1649 2599 1745 2656 odisse
1767 2601 1842 2673 quod

229 2684 422 2753 Commendat,
437 2692 490 2742 etc.
506 2683 589 2753 Quasi
604 2685 677 2742 dicat
693 2685 768 2741 :Pro
784 2685 867 2754 justo,
883 2684 926 2741 vel
940 2700 991 2756 pro
1042 2687 1201 2755 leceramus,
1218 2695 1245 2742 et
1258 2703 1348 2742 amare
1362 2687 1435 2758 quod
1458 2685 1570 2744 iecerat.
1596 2689 1628 2744 Et
1652 2687 1705 2744 hoc
1728 2689 1840 2762 quidem

191 2773 265 2830 bono
280 2773 324 2830 vix
338 2774 452 2829 moritur
465 2773 574 2846 aliquis,
587 2773 636 2828 sed
647 2773 769 2829 Christos
775 2788 825 2844 pro
833 2773 913 2829 nobis
923 2788 990 2844 pec·
1040 2775 1156 2848 intelligi
1171 2776 1200 2830 in
1213 2775 1338 2831 omuibus
1351 2783 1451 2847 potest.
1468 2774 1535 2847 Quis
1549 2792 1617 2848 ergo
1638 2777 1725 2848 possit
1748 2777 1840 2851 eloqui

192 2862 329 2920 catoribus
343 2869 467 2918 mortuus
480 2870 531 2918 εει.
548 2863 578 2917 ln
593 2863 645 2918 hoc
659 2865 757 2919 cutem
771 2863 991 2920 Deuscomman·
1041 2865 1124 2939 digne
1140 2873 1270 2937 quantum
1283 2864 1379 2936 diligat
1393 2864 1520 2920 membra
1528 2865 1661 2940 unigeniti
1669 2865 1730 2922 Filii
1746 2867 1799 2936 sui,
1812 2875 1839 2923 et

191 2952 242 3008 dci
253 2967 336 3008 tuam
345 2950 527 3017 charitatem,
543 2949 570 3005 id
582 2957 623 3006 eet
637 2950 665 3004 in
679 2951 731 3006 hott
753 2949 916 3006 laudabilior
930 2951 990 3020 eJus
1041 2961 1143 3026 quanto
1157 2953 1274 3025 arnplius
1288 2953 1462 3026 Unigenitum
1477 2969 1555 3009 suum
1564 2951 1578 3008 i
1587 2956 1626 3010 Ex
1640 2954 1769 3028 biserga
1783 2971 1838 3012 nou

190 3040 310 3098 charitas
324 3046 436 3113 apparet
447 3055 508 3113 quar
522 3046 565 3096 est
580 3038 665 3096 effusa
678 3040 711 3096 ia
721 3037 811 3106 nobis,
828 3039 874 3112 qui
884 3039 988 3112 indigni
1040 3042 1166 3098 meritum
1179 3051 1313 3110 nostrum,
1328 3043 1378 3099 sed
1391 3043 1442 3098 Dei
1456 3043 1646 3102 misericordia
1660 3046 1839 3102 commenda-

190 3144 225 3187 ea
246 3129 356 3187 fuimus.
373 3131 404 3184 ln
417 3129 469 3186 boc
484 3129 556 3185 enim
580 3145 697 3202 magnus
711 3127 824 3185 effectus
837 3128 990 3184 dilectionis
1040 3139 1093 3199 tur,
1108 3131 1171 3204 quia
1186 3147 1237 3187 nos
1251 3131 1319 3187 tales
1335 3139 1358 3187 et
1385 3139 1486 3188 tantum
1510 3132 1613 3206 dilexit,
1636 3142 1665 3189 ut
1685 3149 1737 3206 pro
1758 3135 1838 3190 nobis

187 3219 319 3276 mittentis
338 3217 435 3286 Patris,
451 3225 476 3275 et
489 3217 623 3276 venientis
637 3218 697 3273 Filii
719 3218 799 3274 nobis
815 3225 855 3273 εει
882 3216 989 3274 exhibi-
1039 3219 1130 3292 impiis
1145 3229 1316 3287 moreretur;
1333 3220 1406 3293 quod
1429 3228 1471 3276 est
1495 3221 1679 3279 testimonium
1701 3230 1783 3295 atque
1799 3225 1839 3295 pi·

182 3315 242 3375 tus,
254 3310 471 3382 proclamarent
481 3307 573 3364 adbuc
583 3323 716 3363 essemus.
726 3305 810 3376 Quasi
818 3306 890 3363 dicat
902 3323 908 3362 :
920 3306 989 3363 Dico
1039 3324 1111 3381 gnus
1126 3309 1184 3378 ejus
1196 3307 1359 3377 dilectionis,
1371 3309 1420 3382 qni
1433 3308 1504 3364 enim
1514 3311 1626 3384 proprio
1636 3311 1708 3367 Filio
1716 3327 1769 3368 sao
1779 3329 1837 3368 nort

188 3397 262 3470 quod
277 3397 352 3451 Deus
365 3395 539 3451 commendat
552 3395 710 3451 charitatem
724 3395 751 3450 in
766 3394 855 3462 nobis,
880 3395 918 3450 ita
932 3394 988 3451 uti-
1036 3399 1174 3470 pepercit,
1187 3398 1294 3470 scalpro
1303 3398 1382 3454 nobis
1392 3397 1614 3455 omamastttum
1624 3399 1755 3467 tradidit,
1766 3418 1837 3470 aaa

189 3500 243 3556 que
259 3483 442 3552 commendat,
459 3484 592 3556 qnoniam
605 3484 873 3541 Christcsmortnut
885 3487 988 3557 ertpro
1037 3486 1834 3561 modononettnmcamtttonnttromntatnmuttalnum.

186 3569 276 3641 nota,
294 3577 359 3629 cum
374 3571 466 3630 adhoc
480 3587 604 3629 esromae
616 3576 788 3645 peccatores,
804 3571 833 3627 id
847 3572 988 3630 estinhoc
1037 3573 1111 3646 viu.)
1125 3573 1276 3631 Dicendum
1300 3575 1394 3648 utique
1417 3576 1470 3634 hoc
1502 3584 1570 3648 eret,
1586 3577 1690 3634 scilicet
1703 3585 1835 3650 quantum

187 3661 362 3720 commendat
385 3661 459 3734 quod
480 3660 603 3716 Christus
624 3669 746 3717 mortuus
769 3668 811 3716 est
833 3677 885 3732 pro
908 3661 1004 3718 nobis
1038 3678 1090 3720 nos
1104 3663 1240 3731 dilexerit,
1265 3672 1294 3721 et
1309 3664 1428 3736 quales:
1453 3673 1592 3737 quantum,
1617 3681 1652 3722 ne
1674 3665 1835 3738 desperare-

185 3751 388 3824 peccatoribus.
405 3751 441 3806 tlt
455 3751 478 3806 si
493 3751 545 3808 hoc
555 3758 606 3819 est,
628 3750 702 3823 quod
723 3750 815 3823 utique
833 3758 885 3818 εει,
905 3751 988 3824 igitur
1035 3768 1108 3820 mus,
1123 3751 1225 3824 etipsa
1240 3751 1432 3825 desperatione
1454 3769 1510 3811 non
1531 3755 1695 3811 auderemus
1714 3755 1787 3830 erigi
1808 3757 1837 3812 in

181 3841 339 3912 justificati
353 3856 445 3896 sumus
458 3855 540 3906 nunc,
557 3839 720 3896 remissione
746 3847 918 3911 peccatorum
942 3839 986 3896 la·
1037 3856 1118 3907 eum;
1135 3840 1239 3914 quales,
1256 3857 1290 3898 ne
1310 3842 1515 3914 superbiremus
1536 3850 1563 3899 et
1586 3843 1776 3916 superbientes
1799 3845 1836 3902 de

186 3937 240 3998 cta,
256 3929 288 3985 ia
299 3929 547 4002 acnpninaipsius,
563 3928 591 3984 id
605 3935 647 3984 est
659 3943 709 4000 per
731 3936 844 3985 mortem
861 3929 929 3999 ejus.
951 3928 987 3985 Et
1035 3929 1140 3986 meritis
1154 3929 1256 3986 nostris
1270 3931 1358 4004 magis
1381 3932 1416 3987 ab
1439 3931 1487 3988 illo
1500 3931 1668 3989 resiliremus
1683 3941 1709 3990 et
1729 3933 1758 3989 in
1780 3949 1835 3990 uo-

185 4017 210 4073 si
223 4019 276 4074 hoc
289 4026 340 4085 est,
356 4018 429 4090 quod
444 4017 536 4089 utique
551 4025 602 4085 est,
626 4018 718 4074 molto
742 4018 832 4090 anapia
859 4033 909 4074 nos
928 4018 985 4087 jam
1035 4027 1093 4075 stra
1107 4017 1265 4076 fortitudine
1280 4019 1369 4092 magis
1384 4018 1575 4078 deficeremus.

181 4106 248 4177 justi
262 4107 335 4162 scivi
347 4107 453 4162 emmas
463 4123 515 4180 per
534 4107 638 4179 ipsum,
655 4106 801 4164 viventem.
818 4106 936 4164 Gravius
944 4115 985 4164 est
1071 4107 1140 4163 lllud
1155 4123 1263 4181 quoque
1277 4107 1471 4166 attendendum
1486 4117 1528 4166 est
1555 4110 1630 4184 quod
1642 4109 1708 4168 dicit
1721 4126 1774 4168 nos
1783 4111 1834 4183 ju-

184 4195 257 4251 enim
272 4209 321 4266 pro
345 4203 458 4267 peccato
473 4195 554 4263 mori,
571 4204 598 4250 et
612 4205 753 4267 peccatum
777 4195 881 4262 tollere,
901 4213 985 4269 quarn
1035 4195 1165 4253 stificatus
1178 4195 1207 4252 in
1221 4197 1354 4271 sanguine
1368 4198 1479 4266 Christi,
1502 4206 1530 4254 et
1551 4198 1741 4256 reconciliatos
1761 4201 1832 4267 Deo,

181 4282 238 4353 iarn
250 4283 338 4354 justos
352 4291 379 4340 et
391 4285 447 4353 jam
456 4292 637 4355 cooperantes
651 4284 766 4342 salvare.
782 4285 856 4342 Salvi
869 4285 981 4354 erimus,
1033 4287 1163 4352 tanquam
1178 4295 1233 4337 uon
1246 4279 1299 4337 alio
1314 4281 1397 4338 modo
1421 4289 1515 4353 posset
1528 4298 1579 4339 nos
1602 4283 1791 4351 reconciliare,
1810 4293 1837 4342 et

184 4371 255 4443 dico,
272 4375 306 4430 ab
318 4374 373 4441 irc,
389 4371 417 4430 id
432 4380 473 4429 est
488 4387 505 4429 a
519 4389 602 4444 poena
613 4381 724 4440 aetema,
739 4374 816 4445 cujus
831 4390 915 4432 causa
928 4390 983 4431 nou
995 4367 1179 4440 Djustistcare
1193 4368 1247 4425 uisi
1261 4386 1311 4441 per
1325 4379 1439 4426 mortem
1453 4371 1552 4427 Christi
1567 4373 1651 4443 (tas),
1667 4372 1770 4444 dequo
1785 4373 1832 4428 di-

182 4469 225 4518 εει
252 4461 306 4518 nisi
336 4470 479 4535 peccatum
508 4463 582 4535 quod
613 4463 731 4519 abstulit.
755 4462 884 4538 [haimo]
907 4463 983 4521 Licet
1032 4457 1129 4526 cimus,
1145 4458 1219 4531 quod
1234 4457 1284 4514 luit
1299 4466 1326 4515 et
1341 4459 1410 4514 alius
1423 4459 1522 4516 modus
1545 4460 1682 4532 possibilis
1702 4461 1833 4534 Deo,qui

181 4551 252 4607 enim
268 4551 407 4625 plerisque
422 4552 449 4608 in
464 4553 531 4610 locis
545 4553 615 4608 iram
629 4552 678 4608 Dei
702 4552 836 4625 legamus,
861 4568 918 4609 non
941 4560 982 4608 est
1032 4546 1125 4602 omnia
1139 4554 1238 4618 potest,
1254 4548 1304 4604 sed
1318 4547 1409 4604 nullus
1423 4548 1494 4604 alius
1517 4557 1619 4606 nostre
1639 4549 1759 4606 mmeriae
1782 4567 1832 4608 sa-

180 4639 331 4711 porandum
345 4648 435 4699 tamen
449 4642 522 4714 quod
537 4641 652 4697 {ninum
668 4640 815 4699 eadgaring
838 4641 986 4712 perturba-¹
1032 4635 1130 4691 nandm
1143 4635 1194 4692 luit
1209 4637 1423 4694 convenientior.
1448 4636 1521 4707 Quid
1550 4637 1622 4694 enim
1645 4647 1753 4696 mentes
1777 4655 1831 4696 no·

181 4727 228 4794 tio,
245 4729 291 4802 qui
306 4745 416 4802 semper
430 4730 503 4788 idem
518 4738 618 4800 manet,
634 4738 661 4787 et
674 4731 702 4786 in
726 4729 921 4802 tranquillitate
933 4731 981 4801 ju·
1031 4733 1102 4780 atras
1126 4731 1229 4782 lantum
1253 4725 1342 4800 erigit,
1367 4734 1395 4783 et
1416 4726 1450 4782 ab
1463 4727 1674 4784 immortalitatis
1695 4728 1831 4801 despera-

166 4817 271 4886 ·dicnt;
286 4819 334 4875 seu
354 4819 395 4875 na
417 4819 572 4892 appellatur
594 4820 722 4887 mianton,
746 4827 772 4875 et
794 4819 861 4876 ultio
880 4820 979 4891 ipsius.
1030 4812 1225 4881 nanentensi,
1247 4831 1327 4886 quam
1350 4815 1423 4887 quon
1442 4816 1511 4872 anti
1533 4832 1585 4872 nos
1606 4815 1670 4874 seen
1688 4818 1774 4884 neus,
1799 4827 1830 4874 ut

180 4906 384 4964 Adverteudum
398 4915 440 4965 est
454 4909 527 4980 quod
547 4910 583 4965 ad
604 4907 869 4966 commendationem
882 4908 981 4966 diviuae
1030 4903 1081 4960 Dei
1095 4903 1179 4959 Filius
1193 4902 1398 4959 immutabiliter
1419 4903 1508 4961 bonus
1531 4905 1559 4960 in
1574 4921 1604 4961 se
1620 4919 1733 4961 maneus
1756 4907 1830 4980 quod

177 4995 331 5053 ‹151002101115
346 5012 419 5070 saepe
434 4998 580 5071 ,1903101113
600 4999 679 5055 iterat
700 4998 735 5054 de
757 5005 846 5055 morte
870 4998 978 5071 chauri,
1030 5000 1098 5061 erat,
1114 5001 1141 5048 et
1155 5007 1172 5047 a
1186 4990 1265 5048 nobis
1288 4999 1315 5048 et
1337 5007 1388 5064 pro
1409 4993 1490 5048 nobis
1513 4993 1652 5066 accipiens
1676 4997 1748 5068 quod
1772 5013 1826 5053 non

178 5093 206 5142 et
219 5087 253 5141 ad
267 5088 470 5159 repressionem
484 5088 596 5144 humani
615 5088 740 5156 tumoris,
763 5087 883 5144 bominis
903 5103 980 5161 repe-
1030 5087 1100 5149 titi,
1116 5089 1216 5152 praeter
1228 5089 1331 5138 nalum
1345 5098 1403 5138 ⁸11ae
1416 5081 1609 5139 delrimenlum
1636 5083 1763 5156 diambus
1777 5101 1827 5141 ¹10·

177 5173 417 5234 orphanitatem.
434 5177 546 5234 uixerat
560 5177 634 5234 enm
649 5191 730 5249 supra
745 5193 753 5232 ι
769 5176 893 5233 cunctus
905 5193 978 5235 mor·
1029 5176 1116 5225 strum
1130 5168 1199 5226 inire
1212 5170 1390 5240 consortium,
1407 5169 1465 5227 stne
1485 5171 1541 5230 uuo
1564 5172 1663 5230 merito
1677 5189 1727 5230 suo
1741 5173 1826 5241 mun,

177 5269 240 5320 tuus
254 5273 296 5322 est
307 5281 359 5338 pro
372 5265 473 5340 impiis,
488 5275 516 5326 ει
531 5267 628 5325 iterum
653 5265 750 5340 repetit
775 5265 829 5337 hic,
855 5266 979 5325 Christus
1028 5258 1101 5316 malt
1114 5268 1209 5348 nostra
1222 5259 1518 5333 mOsit³1¹d⁰llesf<³fl0b
1534 5269 1561 5320 0²
1567 5261 1744 5322 credentibus
1753 5263 1828 5320 dom

213 5437 286 5515 (tat)
301 5443 416 5507 aaron,
428 5455 503 5508 snper
519 5443 591 5496 toan.
1062 5433 1130 5502 (¹25)
1142 5438 1246 5501 Albuti·
1259 5437 1285 5490 ΙΙΙ
1295 5437 1339 5490 lib·
1354 5439 1389 5490 ⁰⁰
1402 5437 1492 5492 'trinit

214 5505 283 5571 ilat)
301 5505 356 5572 ld.,
370 5509 395 5560 ln
407 5511 503 5563 codam
