3896 6062
166 219 200 274 95
246 169 254 184 ¹
824 207 1117 269 Puuntuolsstattnt

166 339 321 398 exauditam
336 345 497 412 cognoscat,
512 323 561 409 ibi,
578 339 717 407 Quoniam
740 340 777 396 ad
809 345 836 396 tc
860 339 964 405 orobo,·
978 334 1266 395 AsubstantiaPatris
1280 346 1305 394 et
1321 337 1390 405 Filii,
1407 347 1434 395 et
1448 354 1503 396 una
1517 338 1652 408 diuinitas,
1680 355 1735 395 una
1764 355 1820 396 co·

165 428 257 494 tertio,
278 427 408 498 promittit
431 443 461 483 se
484 426 602 483 futuram
624 427 675 484 Dei
700 428 822 500 domum,
847 427 895 495 ibi,
911 427 965 498 Epo
1014 425 1162 495 eternitas,
1187 425 1306 499 perlecta
1329 427 1478 500 aequalitas,
1514 427 1587 484 nulla
1608 427 1815 486 dissimilitudo.

1783 217 1916 302 aaj

1910 335 1917 386 l

1908 437 1918 478 'l

165 521 279 584 autcm5
294 523 402 588 quarto,
425 524 486 572 orat
506 516 595 585 juvari
618 516 700 584 intus,
727 518 775 584 ibi,
791 518 884 574 Deduc
899 531 965 583 me,·
1016 512 1044 570 Si
1063 513 1146 586 igitur
1167 515 1256 571 credis
1270 515 1353 571 aliurn
1368 516 1505 572 Christum
1519 532 1581 572 esse
1593 533 1608 572 a
1621 516 1702 572 Patre
1716 515 1745 572 in
1758 515 1816 572 ali-
1907 533 1916 572 ι

166 605 271 678 quinto,
286 605 428 677 prophetat
448 621 510 677 quae
528 621 608 677 poena
630 605 664 661 sit
685 605 774 676 malis,
798 605 872 678 quod
892 619 965 675 prar-
1015 617 1070 673 quo
1091 611 1183 661 tamen
1202 603 1348 659 distantem
1373 605 1520 662 secundum
1541 613 1677 676 naturam,
1699 621 1717 660 a
1738 605 1815 662 Cha-

165 693 269 761 mium;
283 692 364 762 J'ustis
382 692 430 759 ibi,
442 693 542 765 judica
562 694 637 750 ilica.
652 692 801 766 [Cassiod]
834 691 966 751 Ecclesia
1015 689 1085 746 ribdi
1120 691 1231 747 Sabellii
1269 691 1398 761 evasisti3
1423 693 1472 749 aad
1504 693 1533 749 in
1560 692 1683 766 Scyllaeis
1712 708 1819 767 scopu·

166 797 233 854 ergo
257 788 393 838 vocstaea
414 782 484 849 Deo,
506 781 579 837 trina
600 789 643 838 cst
656 781 743 837 oratio
762 781 817 848 bic,
832 798 894 854 quea
908 789 966 837 orat
1015 777 1049 834 lis
1085 779 1142 835 Arii
1184 779 1362 853 nauiragaati.
1395 781 1426 837 ln
1466 781 1557 838 medio
1592 797 1660 853 ergo
1702 780 1817 855 naviga,

1911 697 1921 750 l

1909 797 1922 838 ι

166 870 290 942 ceperam
305 885 322 926 a
335 869 439 926 malitia
458 869 560 937 seculi,
588 876 615 926 et
638 871 673 925 ad
697 871 785 926 Deum
807 869 963 944 pervenire,
1015 874 1158 940 utrumque
1181 869 1365 940 periculosum
1392 869 1461 926 latus
1482 869 1584 936 devita,
1609 877 1637 925 et
1658 869 1703 927 dic
1732 889 1740 926 ι
1766 871 1819 925 l’a-
1911 917 1917 928 ,

166 958 202 1016 ita
216 957 334 1015 dicens:
1014 962 1066 1024 ter,
1088 956 1167 1013 Pater
1180 965 1232 1024 est,
1249 957 1342 1028 lilius,
1359 958 1442 1014 Filius
1459 975 1477 1014 ι.
1493 958 1563 1014 aliua
1577 958 1668 1025 Pater,
1684 957 1753 1014 alius
1767 958 1818 1014 Fi-

160 1157 166 1164 ·
202 1084 289 1140 Vana.
307 1085 332 1138 l.
347 1113 383 1125 -
398 1105 409 1131 ι
427 1082 518 1139 Verba
537 1098 598 1138 mea
625 1073 738 1138 auribus
759 1082 881 1155 percipe,
906 1083 965 1138 Do-

175 1193 187 1225 ι
204 1171 288 1240 mine,
303 1171 425 1246 intellige
441 1171 589 1227 clamorem
601 1187 702 1228 meum.
720 1195 731 1220 ι

1016 1133 1102 1190 Deus.

882 1269 967 1325 idest
1052 1239 1137 1296 sts,
1163 1244 1191 1295 ³·
1206 1263 1269 1288 -·
1291 1240 1425 1310 Quoniam
1444 1242 1480 1297 ad
1500 1249 1527 1298 te
1550 1241 1647 1308 orabo,
1675 1240 1813 1308 Domine;

201 1271 328 1335 Domine,
345 1270 457 1343 ΡθΐθῑΡθ
472 1271 553 1326 ”mm
567 1271 625 1326 ⁰⁶³
639 1271 704 1336 'Mi’
721 1269 867 1342 [Μή]
1018 1348 1030 1378 ι
1047 1344 1128 1384 mane
1143 1328 1274 1386 exaudies
1284 1345 1381 1386 vocem
1396 1345 1485 1386 meam
1515 1351 1526 1380 ι

164 1356 356 1430 psalmodiam,
379 1362 408 1414 ct
432 1359 561 1430 intellipc
582 1359 736 1414 clamorem
757 1375 862 1424 meam,
880 1357 908 1413 id
924 1366 966 1412 est

168 1445 421 1512 coruscantum,
448 1445 966 1519 quodaureelamo,[uug.]qu0u
1052 1435 1190 1502 omnum
1213 1435 1250 1492 od
1275 1440 1312 1492 re.
1340 1436 1466 1493 secunda
1489 1452 1554 1508 pars
1578 1436 1727 1492 secundum
1753 1437 1816 1492 nu·
1918 1491 1928 1525 Ι.

1014 1043 1076 1115 lius,
1109 1045 1158 1102 sed
1186 1061 1241 1101 non
1266 1045 1349 1116 aliud,
1373 1046 1430 1103 imo
1452 1048 1504 1104 hoc
1527 1047 1627 1118 ipsum,
1652 1047 1717 1120 quia
1740 1061 1815 1103 unus
1916 1053 1923 1074 ²

165 1532 302 1589 clamabat
327 1535 435 1606 Moyses
456 1541 561 1600 tacens,
584 1541 610 1590 et
627 1534 752 1590 Susanna
766 1549 782 1589 a
796 1535 964 1607 presbyteris
1015 1531 1163 1604 gustinum.
1189 1533 1336 1606 Hucusque
1361 1541 1402 1589 est
1424 1533 1511 1588 oratio
1537 1531 1678 1601 Ecclesia,
1710 1541 1740 1588 ut
1762 1549 1817 1589 au·
1918 1528 1922 1540 ’

164 1613 302 1678 accurata.
318 1620 451 1694 intellige,
469 1621 541 1688 dico,
558 1626 586 1678 et
599 1625 712 1696 percipe
727 1624 853 1689 auribus,
881 1623 966 1678 idest
1015 1618 1114 1689 diatur,
1141 1619 1185 1677 hic
1214 1627 1305 1676 tamen
1328 1621 1482 1677 intellectus
1514 1637 1608 1677 eorum
1641 1638 1702 1694 quae
1723 1621 1817 1696 impe-

166 1710 314 1782 praesentia
337 1717 390 1766 tuae
413 1709 573 1779 maJestatis.
589 1711 622 1766 Et
643 1726 693 1782 per
706 1711 758 1767 hoo
768 1711 841 1783 quod
856 1712 902 1766 ait.
919 1713 966 1767 ln·
982 1691 1092 1762 Bdiunt
1116 1724 1175 1764 eam
1189 1709 1223 1764 ad
1243 1709 1389 1766 videndum
1413 1710 1570 1766 Dominum.
1592 1710 1642 1767 Vel
1660 1710 1695 1766 ad
1718 1711 1770 1767 hoc
1786 1719 1818 1766 ut
1922 1737 1931 1774 ι

167 1797 271 1871 tellige,
289 1798 360 1854 bene
375 1797 528 1853 ostenditur
544 1799 618 1871 quod
632 1799 781 1869 spiritualis
796 1798 898 1855 clamor
914 1809 965 1868 est,
1018 1808 1048 1846 se
1062 1793 1215 1848 exauditam
1230 1809 1291 1850 esse
1303 1801 1463 1866 cognoseat,
1493 1793 1568 1865 prius
1592 1793 1716 1850 Ecclesia
1737 1789 1818 1866 quasi

166 1901 222 1942 nou
244 1886 358 1953 vocalis,
385 1885 432 1958 qui
454 1885 623 1958 intelligitur.
653 1887 731 1943 Unde
752 1895 778 1942 et
807 1887 882 1943 auris
905 1888 965 1960 Dei,
1017 1879 1044 1934 in
1068 1881 1197 1950 praesenti
1221 1882 1317 1938 rolens
1344 1881 1441 1947 audiri,
1464 1881 1528 1937 dixit
1553 1899 1560 1936 ι
1586 1881 1691 1937 Exaudi
1711 1881 1815 1938 oratio-

167 1989 224 2030 non
238 1989 402 2046 corporeum
417 1975 635 2042 instrumentum,
660 1975 709 2031 sed
731 1975 875 2046 praesentia
898 1975 967 2031 divi·
1018 1983 1080 2023 nem
1095 1967 1123 2022 5¹1
1142 1983 1196 2041 <1¹10
1228 1969 1286 2042 59⁵³
1313 1969 1580 2027 ²112111V0⁰⁸ii⁰¹¹2¹¹¹
1605 1970 1740 2038 Osiessdlit
1763 1969 1815 2027 sed

165 2077 208 2118 nm
245 2063 394 2131 majestatis
430 2063 569 2133 accipitur.
609 2064 668 2120 Vox
704 2063 791 2119 enim.
819 2064 967 2135 corporalis
1017 2055 1141 2130 caligans
1162 2057 1234 2114 iuter
1252 2057 1387 2130 procellas
1406 2059 1486 2128 huius
1500 2057 1603 2125 sarculi,
1620 2058 1701 2115 sentit
1716 2074 1814 2114 senon

166 2166 236 2207 aure
252 2151 375 2222 corporis
390 2151 508 2218 auditur,
535 2150 683 2222 spiritualis
705 2167 771 2207 vero
794 2152 965 2226 intelligitur.
1017 2144 1112 2202 videre
1135 2146 1209 2218 quod
1228 2146 1312 2218 cupit,
1341 2154 1368 2203 et
1392 2154 1483 2202 tamen
1506 2155 1608 2218 sperat.
1637 2146 1693 2204 Scit
1722 2155 1814 2204 autem

166 2239 286 2313 Ideoque
310 2247 375 2294 notu
399 2255 551 2312 congruam
580 2240 727 2296 uerborum
752 2239 965 2308 distinctionem,
1018 2248 1104 2305 quare
1127 2249 1182 2290 non
1206 2233 1307 2304 videat,
1330 2235 1394 2308 quia
1409 2237 1498 2292 adhuc
1512 2243 1555 2292 est
1569 2235 1596 2292 ei
1613 2251 1668 2292 nox
1681 2243 1814 2307 peceato·

167 2342 230 2384 oum
257 2327 304 2398 ait,
332 2327 423 2383 Verba
452 2328 572 2400 percipe,
599 2328 748 2385 clamorem
777 2328 908 2402 intellige.
932 2329 968 2385 Et
1018 2338 1088 2378 tum·
1113 2322 1184 2378 Dicit
1208 2339 1276 2398 &3⁰
1292 2342 1300 2378 ³
1318 2325 1456 2394 Qtwtilssm
1480 2325 1516 2380 Μ
1547 2329 1584 2391 it,
1620 2325 1697 2396 quasi
1710 2324 1815 2381 (Ῑῑῦθῑθῑ

165 2415 231 2490 quia
244 2431 294 2473 ore
308 2424 334 2471 et
349 2416 433 2473 corde
448 2416 546 2488 clamo,
563 2416 636 2473 ideo.
1018 2411 1104 2479 oravi,
1120 2426 1172 2468 nec
1189 2427 1250 2466 sum
1273 2413 1395 2468 exaudita
1408 2431 1415 2478 ;
1432 2428 1483 2469 neo
1496 2420 1585 2468 tamen
1597 2413 1738 2480 desistam,
1759 2413 1816 2470 imo

1017 2500 1055 2555 ad
1076 2504 1104 2556 tc
1127 2502 1218 2568 orabo,
1234 2503 1394 2568 nilominc,
1411 2518 1466 2557 non
1491 2501 1517 2556 iu
1533 2510 1613 2558 noete
1628 2509 1815 2572 peccatorum,

1018 2588 1114 2646 sedin
1132 2606 1217 2646 manc
1232 2590 1369 2648 exaudior
1382 2607 1477 2648 vocem
1493 2592 1596 2650 meum.
1615 2592 1676 2647 Non
1686 2590 1714 2646 in
1724 2598 1815 2658 nocte,

1018 2677 1431 2750 quoniampeccatalacsrun13
1447 2679 1497 2735 sed
1513 2695 1546 2736 en
1559 2678 1644 2747 linita,
1669 2678 1817 2736 videberis.

204 2751 393 2809 mmm
405 2754 544 2852 9Νᾷθηῦ
567 2769 648 2822 Μ’
675 2754 729 2822 vel·
751 2753 849 2810 0¹⁸¹¹di
862 2753 967 2810 ‘’mii’‘
1019 2773 1149 2848 [alcuin]
1183 2777 1260 2832 llune
1292 2785 1333 2832 est
1362 2775 1424 2832 finis
1448 2777 1631 2843 tenebrarum,
1662 2784 1688 2833 et
1711 2775 1818 2831 initium

166 2855 229 2896 Μ
250 2855 363 2940 mimi
376 2840 430 2896 ³¹¹⁸
452 2842 571 2942 ¹¹}20i22
597 2841 746 2942 [piisimi
772 2843 845 2899 E⁰⁰0
868 2850 911 2898 *ΕΓ
932 2843 968 2942 ‘ff‘
1018 2863 1096 2930 lucia,
1123 2879 1184 2936 quae
1208 2880 1317 2937 semper
1340 2865 1446 2932 crescit,
1464 2873 1493 2920 ut
1511 2879 1564 2923 nec
1586 2863 1747 2937 incipientes
1766 2881 1818 2920 ex-

167 2928 265 2985 eodem
290 2937 385 2996 orauit,
411 2937 564 2986 orationem
587 2930 692 3004 (irriges
715 2932 749 2986 ad
770 2939 890 2987 sanctam
904 2931 967 2987 'l'rr-
1019 2960 1172 3033 eludamur,
1207 2962 1253 3034 qui
1282 2963 1477 3020 consuetudine
1506 2971 1532 3019 e,
1562 2978 1655 3019 amore
1685 2963 1819 3035 pocomi

167 3017 289 3116 nitatem,
305 3018 400 3076 dicens
417 3036 424 3074 ι
440 3019 480 3118 Tu
499 3018 561 3076 dico
577 3019 622 3092 qui
638 3035 669 3075 es
682 3036 736 3076 rex
750 3036 839 3118 matta.
864 3019 967 3076 ⁸⁰ffi⁶⁰¹
982 3040 1222 3107 Gdiscedentibua
1237 3051 1315 3124 quusi
1340 3051 1461 3107 tenebris
1479 3059 1506 3108 et
1526 3051 1658 3124 incipiunt
1672 3051 1819 3108 Dominum

166 3106 298 3172 Christus,
324 3112 353 3164 ct
375 3113 404 3163 tu
426 3124 471 3179 qur
495 3124 525 3163 es
548 3110 622 3164 licus
645 3125 733 3174 meur,
756 3107 861 3165 scilicet
887 3107 964 3166 10
1021 3138 1123 3208 videre,
1154 3147 1180 3196 et
1194 3139 1222 3195 in
1237 3140 1414 3214 &paulatim
1427 3139 1581 3211 proficiunt·
1597 3139 1690 3214 [Aug]
1702 3140 1736 3196 Et
1753 3139 1819 3213 quia

200 2539 286 2596 vans.
309 2544 337 2598 2.
360 2569 395 2582 -
421 2541 563 2597 «Intende
587 2541 648 2598 voci
671 2539 804 2598 orationis
819 2557 898 2610 mere,
917 2557 966 2598 rex

167 2649 179 2680 ι
197 2643 275 2685 meus
286 2636 314 2684 et
327 2630 401 2685 Deus
415 2643 505 2686 mens.
525 2651 536 2680 r

165 3201 253 3266 pater.
279 3194 373 3268 [lup]
394 3196 449 3252 liex
473 3196 546 3252 enim
563 3196 674 3269 proprio
696 3196 794 3253 dicitur
815 3196 896 3264 sibus,
923 3212 966 3253 ae·

167 3282 286 3338 cundum
319 3284 546 3341 consuetudinem
581 3285 744 3356 Scripturas,
780 3294 807 3341 at
840 3285 966 3341 fortassis

165 3369 241 3438 ideo,
264 3371 328 3442 quia
341 3372 494 3429 secundum
507 3373 646 3429 bominem
659 3382 758 3430 unctus
773 3381 813 3430 est
823 3373 884 3430 oleo
908 3375 966 3446 spi-

166 3457 266 3514 rituali.
292 3460 327 3515 Et
352 3459 423 3516 bene
448 3461 537 3532 primo
559 3461 669 3533 ponitur
692 3478 750 3528 rex,
768 3463 890 3534 quiaper
904 3479 966 3520 eum

167 3547 221 3603 itur
244 3547 280 3604 ad
303 3549 420 3605 Patrem.
444 3550 522 3607 Unde
538 3550 672 3618 subditur,
689 3551 723 3607 Et
739 3552 813 3608 Deus
827 3567 915 3608 meus.
931 3554 967 3610 Et

168 3643 330 3693 tamennon
345 3637 419 3702 dicit,
443 3637 585 3709 intendite,
611 3639 660 3695 sed
674 3639 795 3696 intende.
813 3638 883 3709 Quia
899 3641 967 3698 iides

167 3724 302 3783 catholica
327 3741 381 3782 non
405 3726 473 3782 duos
488 3734 534 3781 sut
556 3734 611 3783 tres
626 3728 694 3783 deos
708 3727 846 3800 praedicat,
863 3729 912 3785 aed
926 3729 969 3802 ip·

168 3828 228 3871 sam
241 3814 399 3871 Trinitatem
413 3831 497 3871 unum
511 3817 619 3885 Deum,
640 3832 694 3873 non
718 3825 746 3871 ut
770 3816 866 3874 eadem
881 3817 968 3874 Trini-

166 3910 208 3960 tas
234 3903 314 3959 simul
337 3905 424 3977 possit
439 3905 586 3978 aliquando
601 3906 689 3974 Pater,
706 3905 855 3979 aliquando
871 3906 966 3975 Filius,

167 3991 314 4065 aliquando
346 3993 462 4066 Spiritus
494 4001 606 4051 sanatus
635 3994 699 4062 dici,
732 3995 801 4051 sicut
834 3995 968 4052 Sabellius

167 4075 305 4142 credidit;
321 4076 370 4132 sed
396 4085 425 4132 ut
447 4078 536 4143 Pater,
561 4079 688 4134 nonnisi
711 4079 809 4146 Pater3
826 4087 853 4135 et
873 4079 966 4147 Filius,

168 4177 224 4218 non
240 4161 293 4217 nisi
308 4161 410 4230 Filius3
427 4171 454 4220 et
465 4164 580 4235 Spiritus
595 4174 714 4236 sanctus,
740 4166 864 4224 nonnisi
880 4168 967 4240 Spiri-

169 4258 213 4307 tus
238 4258 358 4307 sanctus.
385 4251 419 4306 Et
442 4252 500 4308 haec
520 4253 638 4310 Trinitas
665 4269 721 4310 non
743 4254 796 4311 nisi
811 4272 881 4312 unus
895 4258 968 4313 Deus

167 4338 201 4395 sit
217 4357 224 4394 :
240 4339 302 4411 quia
316 4355 381 4396 vere
395 4355 466 4396 unus
487 4341 561 4396 Deus
579 4349 634 4397 eat.
674 4341 758 4417 [Aug.
784 4351 860 4401 treet.
887 4349 921 4401 36
934 4349 966 4404 ira

167 4426 262 4499 loom]
285 4428 363 4484 Unde
384 4429 508 4484 Christus
532 4429 660 4486 dominus
683 4430 742 4488 eit:
764 4436 818 4506 Epo
837 4438 867 4490 ct
882 4437 968 4490 Pater

1021 3229 1141 3284 nondum
1165 3230 1292 3286 exaudita
1316 3237 1375 3295 est,
1393 3229 1495 3284 sedse
1520 3229 1716 3284 exaudiendam
1741 3228 1817 3296 dicit,

1021 3333 1071 3373 cur
1094 3333 1162 3389 ergo
1190 3318 1266 3389 prius
1289 3317 1369 3387 dixit,
1393 3317 1508 3384 Exaudi,
1534 3325 1561 3373 et
1578 3333 1644 3385 non,
1662 3315 1820 3374 exaudies?

1020 3402 1091 3473 Quia
1122 3406 1215 3461 forsan
1242 3421 1326 3478 supra
1357 3405 1493 3476 clamavit,
1521 3405 1615 3463 rolens
1638 3405 1666 3460 in
1690 3406 1818 3478 praesenti

1021 3503 1120 3571 audiri,
1148 3514 1174 3560 et
1196 3505 1259 3561 ideo
1281 3504 1357 3576 dixit,
1384 3503 1500 3562 Exaudi.
1525 3505 1580 3562 Sed
1604 3505 1668 3577 quia
1687 3504 1714 3561 iu
1736 3511 1817 3564 nocte

1020 3591 1156 3661 clamarit,
1182 3609 1237 3649 non
1258 3602 1300 3650 est
1324 3593 1457 3650 exaudita.
1484 3593 1519 3650 Et
1534 3593 1665 3665 quianon
1679 3601 1720 3650 est
1734 3609 1820 3650 exau-

1020 3681 1085 3748 dita,
1110 3683 1192 3738 sentit
1210 3681 1276 3755 quid
1297 3689 1420 3754 oporteat
1436 3682 1562 3750 transire,
1579 3690 1608 3738 ut
1624 3681 1757 3739 audiatur.
1782 3683 1818 3738 Et

1020 3769 1082 3827 ideo
1106 3769 1150 3838 ait,
1177 3769 1321 3828 Exaudies.
1342 3769 1393 3827 Vel
1412 3770 1536 3843 superius
1558 3771 1683 3827 exaudita
1698 3778 1749 3840 est,
1766 3772 1817 3828 sed

1020 3875 1075 3916 non
1107 3859 1233 3933 intelligit
1264 3877 1294 3916 se
1323 3859 1487 3927 exauditam,
1512 3860 1576 3934 quia
1599 3859 1721 3917 nondum
1743 3859 1819 3916 ridet

1020 3948 1181 4016 auditorem,
1209 3949 1261 4005 nisi
1290 3948 1413 4005 tenuerit.
1440 3949 1475 4004 Et
1499 3957 1541 4004 est
1565 3964 1665 4005 sensus
1689 3966 1696 4002 ε
1723 3945 1816 4014 Orari,

1020 4053 1071 4094 nec
1084 4037 1172 4096 sentio
1190 4054 1235 4095 me
1249 4038 1420 4104 exauditam
1437 4046 1464 4093 et
1491 4038 1591 4104 adhuc,
1616 4037 1659 4094 Ad
1677 4045 1703 4093 te
1719 4036 1816 4103 orabo,

1018 4126 1144 4183 Domine.
1162 4126 1293 4200 [dicuin]
1319 4128 1354 4183 Et
1367 4127 1497 4199 quoniam
1510 4127 1545 4182 ad
1559 4135 1585 4182 te
1609 4125 1706 4192 orabo,
1721 4140 1817 4193 ιιιιιιιι,

1019 4214 1071 4271 hoc
1085 4231 1140 4270 non
1153 4223 1283 4282 mutatur,
1300 4216 1437 4272 arcadias
1452 4231 1545 4273 vocem
1558 4231 1661 4282 mecm,
1680 4214 1708 4270 id
1722 4221 1763 4270 ast
1776 4213 1818 4272 in·

1018 4302 1139 4378 telligam
1152 4319 1197 4360 me
1212 4303 1373 4360 exauditam.
1389 4303 1424 4359 lit
1438 4303 1466 4359 in
1480 4304 1542 4374 hoc,

981 4399 1008 4462 D
1054 4409 1138 4466 vans.
1152 4413 1178 4466 t.
1194 4441 1229 4454 -
1246 4432 1258 4462 ι
1276 4411 1355 4466 liene
1369 4410 1462 4466 astabo
1473 4409 1531 4482 tibi,
1544 4417 1571 4466 et
1580 4408 1679 4466 videbo
1689 4407 1818 4482 quoniam

168 4533 261 4574 anum
275 4533 373 4574 sumus
388 4517 526 4588 (icona).
550 4518 702 4592 Utrumque
720 4520 792 4586 audi,
811 4529 837 4577 et
858 4522 966 4579 adverte
1021 4521 1033 4551 ‘
1050 4515 1104 4556 ¹¹⁰⁰
1120 4499 1215 4556 V⁰¹⁰¹¹⁵
1231 4502 1305 4557 ⁰⁰⁰⁵
1320 4499 1491 4573 iniquimem
1506 4507 1534 4554 ω
1549 4514 1589 4555 ²⁵·
1607 4523 1619 4550 ⁸

168 4612 195 4661 et
221 4622 321 4675 unum,
347 4623 456 4677 rumor,
479 4613 507 4662 et
528 4622 544 4663 a
568 4607 706 4682 Charybdi
719 4617 746 4666 et
761 4626 776 4664 a
791 4610 882 4682 Scylla
897 4610 968 4666 libe-
1054 4608 1142 4664 Enna.
1160 4606 1257 4682 [lup]
1286 4608 1350 4664 Non
1370 4623 1418 4664 ero
1432 4606 1568 4674 horarius,
1592 4606 1643 4662 sed
1657 4606 1754 4664 artabo
1768 4607 1821 4664 titt

169 4693 287 4752 rebaris.
300 4693 380 4763 Quod
393 4694 467 4751 enim
486 4695 553 4752 dixit
567 4713 662 4765 unum,
678 4698 778 4755 liberat
792 4707 819 4756 te
834 4700 868 4756 ab
882 4699 967 4768 Ari0;
1018 4703 1235 4766 perseveranter,
1262 4704 1288 4753 et
1301 4713 1352 4768 per
1365 4695 1525 4752 munditiam
1548 4695 1620 4765 vite,
1644 4710 1699 4750 uon
1716 4694 1817 4764 jacebo

169 4784 243 4858 quod
267 4782 334 4840 dixit
357 4800 460 4851 sumus,
485 4783 582 4841 liberat
607 4794 665 4842 tea
683 4787 812 4844 Sabellio.
829 4789 857 4844 Si
872 4805 967 4858 unum,
1018 4783 1047 4838 in
1066 4785 1193 4852 terrenis,
1209 4800 1337 4859 quaerens
1355 4784 1383 4839 in
1397 4783 1437 4839 eis
1461 4781 1666 4840 beatitudinem.
1691 4783 1745 4839 l’er
1763 4783 1817 4841 hoc

170 4888 238 4945 ergo
260 4888 316 4929 non
334 4871 491 4942 diversum,
507 4873 531 4930 si
545 4890 649 4942 sumus,
665 4891 732 4948 ergo
748 4884 775 4933 et
785 4877 866 4934 Pater
885 4886 912 4934 et
925 4878 969 4935 Fi·
1020 4871 1093 4930 enim
1108 4874 1181 4945 quod
1195 4872 1240 4938 ait,
1257 4873 1361 4938 astabo,
1377 4871 1433 4928 ‘¹¹¹⁰
1461 4879 1547 4942 [witin
1573 4871 1672 4928 ¹¹¹0ssstss
1687 4870 1817 4952 ᾱὶῐθβῑῑθ·

168 4961 229 5016 lius.
256 4962 357 5019 Sumus
381 4979 436 5019 non
460 4961 640 5022 determinate
663 4965 766 5023 diceret
789 4967 823 5023 de
838 4983 903 5035 uno,
919 4984 970 5026 nec
1018 4977 1082 5018 nem
1096 4962 1131 5018 td
1143 4968 1257 5030 aelerffl,
1269 4959 1552 5032 etperseverantiam.
1571 4961 1719 5027 Εΐϋῐᾶιῠΰ,
1736 4960 1818 5018 idest

168 5065 252 5106 unum
274 5052 308 5110 de
332 5053 452 5110 diverso.
478 5053 653 5110 Erubescant
666 5070 734 5128 ergo
750 5055 906 5127 Sabelliani,
923 5056 970 5130 qui
1020 5050 1114 5117 sciam,
1140 5052 1273 5123 quornm
1287 5053 1320 5105 ιιι
1334 5065 1363 5107 cc
1378 5049 1498 5122 proprie,
1516 5049 1563 5123 qui
1576 5049 1683 5105 stabilis
1705 5065 1819 5106 manens

169 5137 262 5194 meunt
286 5139 373 5211 ipsum
398 5159 460 5198 esse
485 5143 593 5199 Patrem
616 5143 662 5216 qui
683 5152 725 5199 est
749 5144 841 5214 Filius,
856 5145 971 5202 conlun-
1019 5139 1070 5195 das
1084 5147 1182 5195 cuncta
1196 5137 1308 5194 moveri.
1325 5139 1398 5196 Dorta
1421 5155 1461 5195 es.
1477 5138 1513 5195 Et
1527 5137 1589 5194 ideo
1604 5155 1662 5196 ιιοιι
1677 5153 1708 5193 es
1722 5139 1818 5195 votem

170 5225 266 5282 dentes
285 5241 437 5298 personas3
453 5231 500 5304 qui
515 5231 581 5288 dicti
601 5239 662 5288 sunt
686 5232 889 5305 Patripassiani,
905 5234 970 5307 quia
1019 5229 1210 5301 initimum·
1225 5226 1252 5282 id
1267 5235 1308 5283 0⁵2
1323 5227 1474 5296 Stiessiilmr
1490 5226 1620 5300 [Alium-l
1634 5227 1707 5300 ‘lum
1730 5226 1818 5283 Deum

169 5309 262 5366 dicunt
286 5309 393 5369 Patrem
417 5313 502 5371 luisse
520 5332 643 5387 passum.
670 5317 764 5373 Ariani
792 5334 860 5375 vero
876 5317 969 5375 dicunt
1019 5331 1090 5386 esse,
1105 5323 1131 5371 et
1145 5315 1254 5388 placere
1279 5315 1457 5389 iniquitatem,
1474 5331 1612 5388 nunquam
1636 5315 1814 5372 conueniunt.

170 5397 244 5456 aliud
268 5415 331 5456 esse
345 5400 465 5473 Patrem,
490 5403 563 5460 aliud
578 5405 674 5462 Filium
692 5424 699 5460 :
716 5420 771 5464 non
794 5422 878 5464 unam
902 5407 968 5464 sub·
1019 5403 1171 5476 [Cassiod.,
1192 5404 1314 5478 sileain]
1337 5407 1410 5462 Nota
1433 5404 1541 5479 singula
1572 5403 1667 5472 verba,
1689 5421 1718 5462 er
1742 5403 1818 5472 dicit,

171 5487 307 5556 stantiam,
328 5490 377 5546 sed
392 5492 460 5547 duas
477 5509 483 5547 :
500 5493 608 5550 Patrem
632 5495 771 5564 majoram,
798 5496 894 5554 lilium
919 5497 970 5554 mi-
1020 5491 1093 5564 quod
1108 5493 1220 5564 proprie
1234 5493 1441 5550 eonvenitDeo.
1463 5494 1530 5550 item
1546 5491 1644 5549 astabo
1660 5491 1719 5548 tibi.
1736 5493 1816 5548 Astat

170 5592 277 5634 norem.
292 5578 355 5636 Noli
387 5580 440 5638 boc
462 5580 565 5649 dicere,
592 5591 620 5640 tu
647 5583 799 5654 catholice;
820 5601 873 5645 una
896 5586 969 5646 enirn
1018 5553 1139 5639 illc'lleo
1152 5591 1182 5639 ut
1195 5599 1330 5660 praesens,
1347 5583 1394 5660 qui
1407 5598 1493 5656 purus
1508 5589 1559 5642 est.
1576 5581 1673 5656 [ilisa.
1689 5588 1717 5637 et
1731 5579 1817 5655 lup]
