3940 6066
161 211 231 268 trus
586 215 1406 280 eouunurnnruumrsuuos-rsuucxxnn
1744 211 1813 286 irrt

202 336 342 412 Quidquid
361 353 459 410 pessum
470 347 511 396 est
524 340 615 409 bomo,
631 357 687 398 uon
712 350 801 414 potest
828 341 882 398 dici
909 345 1001 406 uonA
1015 342 1039 399 si
1052 343 1211 410 oblectetur,
1227 345 1417 420 exstinguitur.
1434 347 1538 406 bouum
1553 359 1594 408 est
1621 365 1690 425 ergo
1719 351 1813 410 adulto

168 442 268 500 pessus
281 427 364 495 Deus,
376 427 439 500 quie
454 429 527 486 Deus
541 438 599 485 eret
614 430 715 497 bomo;
730 430 779 486 sed
794 446 875 487 nemo
903 447 965 486 mu·
1015 431 1155 498 oblectari,
1172 432 1221 489 sed
1233 433 1256 488 ει
1270 435 1315 507 qui
1329 451 1411 507 super
1424 446 1537 496 metrem
1552 446 1603 501 est,
1628 439 1813 510 perniciosum

167 515 440 572 tetusiubomiuem.
456 516 600 587 Quomodo
618 527 765 590 conpotes
792 519 884 576 dicere
911 535 966 575 nou
1015 529 1066 576 εει.
1082 522 1123 577 Νε
1151 537 1219 594 ergo
1246 522 1390 579 oblecteris
1416 541 1558 598 quousque
1586 543 1670 600 super
1696 537 1812 586 matrem

168 609 195 657 te
210 615 320 672 pessum
340 599 493 671 injurium?
526 602 549 658 si
578 603 661 658 vestis
690 611 735 658 tue
761 604 963 670 conscindetur,
1015 625 1060 675 εε;
1077 610 1126 666 sed
1141 610 1164 665 si
1177 611 1286 666 adultus
1300 621 1379 677 erret,
1396 614 1489 668 redeat
1504 615 1540 670 ed
1555 615 1598 673 lue
1612 617 1762 686 metris;et
1772 619 1813 676 sie

167 689 293 764 quemvis
309 690 392 744 vestis
407 699 522 746 tuenou
537 690 575 745 sis
602 699 641 760 lu,
670 690 755 748 multo
784 691 873 764 megis
898 707 965 762 ergo
1015 697 1145 753 revelabit
1160 699 1185 755 ει
1199 700 1282 766 lleus,
1298 701 1372 772 quod
1381 700 1461 756 aliter
1471 703 1540 773 sepit
1551 703 1667 775 (Philip.
1683 705 1734 775 tu),
1748 706 1812 779 quie

168 777 298 850 quidquid
318 779 421 849 petitur
448 793 513 835 cero
541 779 639 835 Christi
667 779 743 836 uuile
770 781 869 847 Verbo,
885 780 966 835 debet
1015 786 1140 859 superbis
1151 789 1261 843 resistit
1278 791 1361 856 Deus,
1380 788 1534 847 humilibus
1547 792 1597 848 dot
1606 795 1729 864 pretium
1740 797 1811 864 (Ine.

165 867 220 923 diei
234 866 290 938 peti
305 867 389 932 Deus,
403 867 528 938 quemvis
543 869 664 924 Verbum
678 883 729 925 nec
743 869 814 926 mori
837 869 963 940 potuerit,
1016 879 1065 944 tr),
1078 883 1106 930 ut
1121 875 1179 931 haec
1194 877 1328 932 sententie
1344 885 1405 939 ειει.
1422 876 1510 935 littere
1524 879 1580 952 legi
1595 880 1635 937 sic
1649 889 1748 952 potest.
1773 883 1815 937 lte

166 955 380 1027 neccomumpi,
397 957 570 1012 neomuteri.
588 956 892 1029 Sedquidquidborum
907 973 966 1028 pes·
1014 961 1061 1018 fret
1076 963 1218 1019 retributio
1232 964 1260 1018 in
1275 964 1364 1020 enims
1379 982 1450 1034 mee,
1468 967 1537 1023 sicut
1552 965 1580 1022 lit
1600 967 1640 1022 illi
1669 969 1714 1041 qui
1737 969 1813 1040 prius

166 1059 215 1099 sus
228 1051 279 1112 εει,
294 1044 322 1098 ιε
337 1059 419 1101 cerne
433 1061 529 1116 pessus
546 1053 596 1101 εει.
609 1046 741 1101 Dominus
751 1061 819 1119 ergo
830 1046 963 1111 Christus,
1015 1050 1174 1108 incumbens
1189 1068 1271 1124 super
1284 1061 1395 1110 matrem
1410 1071 1496 1122 suem,
1513 1064 1607 1126 postea
1635 1057 1814 1128 grandiuscu-

164 1149 263 1204 peuem
279 1132 513 1204 angelorumieeit
528 1133 663 1190 uobislec
686 1133 851 1200 inceruetus,
882 1149 965 1206 eppe·
1014 1139 1056 1194 lus
1072 1141 1178 1195 adultus
1193 1139 1279 1198 iectus
1301 1149 1351 1210 est,
1381 1142 1543 1208 oblectetus,
1569 1143 1596 1198 id
1629 1153 1671 1200 est
1698 1160 1715 1201 e
1743 1145 1813 1203 lecte

164 1237 230 1278 rcus
244 1221 410 1277 mortalibus.
427 1222 461 1276 Ει
488 1237 543 1278 εοε
571 1223 685 1278 eneltevi
708 1223 827 1278 animem
864 1239 962 1288 meum,
1014 1227 1109 1282 metris
1124 1237 1275 1299 seperatus,
1306 1238 1335 1284 ut
1364 1229 1452 1286 voleat
1481 1232 1612 1288 secedere
1640 1233 1674 1288 ed
1690 1249 1814 1290 mensem

165 1309 336 1375 ulhaeretici,
354 1310 399 1382 qui
420 1311 443 1365 si
466 1319 601 1382 uteunque
627 1311 729 1383 eliquid
758 1311 891 1382 ceperint,
922 1310 964 1366 vel
1014 1312 1170 1368 Petris.l⁷cl
1186 1313 1208 1368 si
1223 1321 1285 1368 εεει
1309 1313 1337 1368 ιε
1365 1313 1453 1369 liltere
1481 1315 1591 1370 ablativi
1620 1331 1711 1382 cesus,
1741 1317 1814 1373 idem

166 1399 218 1454 visi
232 1408 413 1470 suutoeperc,
444 1398 507 1455 inde
538 1399 716 1470 superbiunt;
734 1408 760 1455 ει
785 1416 848 1456 cum
876 1399 964 1456 edhue
1014 1417 1112 1456 seusus
1127 1401 1349 1466 menifestusest,
1365 1411 1393 1458 ει
1416 1403 1522 1459 dicetur
1550 1403 1609 1459 sie:
1626 1405 1675 1476 ltu¹
1695 1405 1748 1473 fiet
1765 1423 1813 1462 rc·

165 1489 252 1545 teneri
265 1495 475 1560 super-metrem
491 1503 569 1543 suem
584 1488 646 1555 sint,
663 1496 690 1543 ει
710 1496 853 1560 porleutur
880 1488 965 1544 meni·
1016 1490 1131 1546 tributio
1145 1490 1176 1545 itt
1189 1492 1287 1546 animo
1297 1493 1455 1557 mansioni,
1467 1490 1505 1546 illi
1520 1491 1566 1563 qui
1581 1495 1632 1560 εει,
1651 1491 1814 1550 ablactatus

165 1576 372 1642 busEeclesiae,
396 1584 423 1630 ut
450 1584 578 1632 crescunt
607 1576 651 1648 qui
680 1576 777 1648 portati
801 1577 908 1632 luerunt
937 1577 964 1631 in
1013 1582 1269 1650 supermolresuo,
1286 1578 1313 1634 id
1328 1587 1368 1634 εει
1383 1595 1398 1634 ε
1413 1587 1499 1636 melre
1514 1595 1573 1636 sua.

165 1673 244 1722 utero
259 1674 287 1721 ει
301 1673 519 1730 noscerentur,e
547 1663 616 1721 lecte
645 1665 737 1720 metris
765 1672 827 1720 ente
857 1673 1004 1759 tempusB
1049 1661 1131 1716 Pnes.
1149 1676 1178 1718 u.
1196 1663 1280 1717 Vnus.
1298 1666 1324 1718 5.
1339 1693 1374 1705 -
1391 1685 1403 1714 ι
1421 1663 1517 1735 Speret
1532 1663 1618 1720 lsrael
1640 1664 1668 1720 in
1682 1664 1809 1736 Domino,

166 1762 337 1826 soporentur.
363 1753 440 1811 Unde
467 1753 688 1826 exstinguuntur.
718 1752 798 1823 Quod
826 1769 879 1827 ego
908 1769 964 1809 uon
1016 1765 1079 1805 «en
1094 1751 1146 1808 hoo
1160 1766 1233 1807 neue
1247 1760 1274 1807 et
1289 1768 1376 1824 usque
1390 1751 1598 1809 insecutum..

166 1842 228 1899 ieci.
244 1842 278 1898 lit
293 1841 317 1896 ει
331 1857 386 1896 εοε
413 1839 476 1910 ieci,
506 1841 555 1896 sed
579 1840 695 1897 exaltavi
722 1842 838 1897 enimam
864 1857 962 1910 meum,
1047 1839 1144 1910 Sperat
1158 1839 1254 1896 lsrael.
1271 1838 1418 1922 [Cassiod.,
1435 1838 1519 1912 lup]
1535 1840 1661 1898 Secunde
1676 1857 1748 1914 pers,
1763 1842 1810 1898 ubi

163 1938 226 1987 ente
241 1939 348 2001 tempus
363 1929 507 1986 discedens
532 1944 549 1984 e
576 1929 655 1986 lecte.
681 1930 726 1986 lte
755 1931 903 1988 retributio
932 1931 964 1986 in
1014 1933 1055 1982 εει
1070 1927 1208 1983 conclusio
1222 1927 1331 1998 psalmi,
1348 1927 1394 1982 ubi
1409 1943 1460 1984 suo
1475 1928 1600 2000 exemplo
1614 1937 1727 1986 caeteros
1755 1945 1814 1986 mo·

164 2020 264 2076 animo
278 2034 351 2086 meu,
368 2017 439 2074 sieut
453 2015 481 2072 tu
496 2016 535 2072 illi
549 2019 596 2090 qui
611 2017 761 2074 oblectatus
791 2026 833 2074 est
858 2019 964 2074 hebens
1014 2022 1061 2070 εει
1077 2031 1085 2070 :
1101 2013 1185 2084 Quesi
1200 2015 1272 2070 diost
1284 2033 1291 2070 ε
1303 2015 1338 2070 Et
1353 2015 1418 2087 quie
1430 2015 1467 2071 ite
1481 2031 1544 2088 ego,
1560 2032 1627 2090 orgo
1641 2033 1703 2074 meo
1722 2033 1815 2074 exem·

163 2108 253 2164 edituo
267 2121 381 2163 necesse
396 2105 562 2172 incumbere,
579 2122 661 2178 super
675 2116 760 2162 metre
776 2123 825 2162 sue
845 2106 965 2162 obstrin-
1014 2101 1069 2174 plo,
1085 2106 1178 2176 speret
1193 2103 1281 2160 lsrael
1296 2104 1328 2158 in
1338 2104 1467 2170 Domino,
1484 2105 1548 2176 quie
1569 2107 1610 2162 sie
1635 2105 1707 2161 mels
1722 2106 1815 2163 saeculi

132 2253 142 2262 ,
164 2195 202 2270 git
218 2210 325 2252 ecesse
340 2193 495 2250 meledicto.
512 2191 599 2262 Quasi
614 2193 687 2250 dicet
700 2213 707 2249 :
718 2194 758 2250 lu
773 2193 819 2250 fiat
842 2195 908 2250 mihi
936 2203 964 2250 ει
1014 2190 1131 2246 tolerare
1144 2191 1250 2262 poterit.
1268 2191 1365 2262 speret
1380 2191 1452 2256 dico.
1469 2209 1507 2249 εε
1521 2192 1572 2250 loc
1582 2211 1660 2251 uene
1680 2199 1709 2250 ει
1728 2212 1815 2268 usquc

162 2284 201 2340 illi
216 2284 263 2356 qui
278 2299 360 2356 supre
374 2291 490 2340 metrcm
513 2282 683 2350 incumbens,
699 2290 726 2339 et
752 2300 806 2340 nou
834 2283 964 2356 grendiu·
1014 2279 1203 2344 insoeeulum,
1220 2279 1248 2334 id
1263 2287 1305 2335 est
1319 2295 1429 2351 semper
1443 2279 1502 2336 sine
1527 2279 1591 2348 fine.
1621 2297 1763 2355 quousque
1778 2283 1815 2340 ⁸⁶1

164 2371 257 2430 sculus
271 2372 431 2428 oblectetur.
447 2368 496 2427 Vel
512 2371 559 2440 ite,
589 2369 645 2444 egit
672 2371 706 2427 dc
733 2371 882 2428 humilitate
910 2387 964 2444 que
1014 2365 1193 2422 eternitatem
1208 2367 1306 2437 veniet,
1323 2367 1388 2440 quie
1401 2376 1498 2439 postes
1512 2384 1566 2428 non
1582 2370 1634 2426 crit
1662 2385 1735 2442 spes,
1764 2371 1815 2426 sed

162 2461 295 2533 parvulus
310 2469 351 2516 εει
365 2459 480 2526 melitio,
496 2475 551 2516 nou
566 2459 637 2516 ellus
648 2461 786 2532 superbie.
798 2461 847 2516 llic
861 2460 919 2534 egit
929 2459 963 2516 de
1014 2469 1070 2510 res·

163 2548 336 2616 exeltetiouc,
354 2564 409 2622 que
423 2549 495 2604 ellus
510 2556 551 2604 est
566 2548 716 2604 secundum
731 2547 883 2616 scientiam,
909 2564 963 2604 uon
1015 2559 1136 2618 280
1156 2576 1289 2618 comm
1317 2579 1348 2619 m
1376 2579 1504 2622 „mm
1518 2579 1597 2620 cm
1618 2582 1625 2621 :
1648 2587 1659 2617 ,
1680 2581 1812 2636 mm,

162 2637 283 2694 humilis.
300 2639 349 2694 list
364 2637 435 2694 euim
451 2635 563 2692 altitudo
576 2637 646 2692 bone
674 2644 701 2692 et
728 2637 800 2692 mele
817 2655 823 2692 :
839 2636 964 2692 similiter
1325 2651 1394 2704 εοε,
1413 2657 1425 2686 ι
1446 2644 1498 2693 ειε.

162 2735 190 2782 et
202 2725 352 2782 humilitus.
368 2725 485 2782 Humilis
500 2725 573 2780 euim
588 2725 669 2780 debet
697 2741 760 2781 εεεε
788 2727 869 2781 homo
897 2741 961 2796 pro·
1049 2738 1135 2794 vm,
1157 2743 1183 2794 3,
1204 2769 1239 2781 -
1261 2742 1292 2797 sp
1315 2758 1373 2796 no„
1396 2742 1546 2799 humique,
1573 2741 1747 2811 ,mmm
1765 2745 1813 2802 „d

162 2815 400 2888 ptersnperbiem,
431 2829 484 2870 uon
514 2813 665 2870 seeundum
706 2813 856 2871 scientium.
886 2815 964 2870 Altus
1014 2811 1142 2866 exaltavi
1157 2812 1285 2867 animum
1301 2829 1402 2868 meum.
1414 2814 1445 2868 ln
1454 2813 1626 2869 versionibus
1640 2813 1692 2869 elie
1708 2831 1814 2887 ponun-

162 2912 274 2976 pfopqe,
289 2902 460 2975 sapientiam·
474 2917 530 2958 non
545 2902 712 2974 superbiam
737 2902 814 2958 Unde
844 2906 964 2974 Aposqo,
1014 2887 1059 2935 tur
1071 2881 1164 2946 verbe,
1181 2881 1247 2936 nibil
1258 2890 1350 2937 temen
1360 2892 1467 2949 sonent,
1478 2899 1561 2956 quem
1575 2901 1607 2940 ex
1619 2893 1714 2940 tenore
1723 2887 1816 2942 mode-

214 3010 221 3023 ·
290 2993 295 3004 .
415 2992 421 3005 .
501 2991 507 3005 .
587 2992 592 3004 .
792 2992 822 3006 ..
958 2993 963 3006 .
1014 2952 1074 3005 stiae
1089 2951 1154 3006 nibil
1169 2952 1220 3005 sibi
1236 2953 1366 3008 tribuere.
1382 2955 1418 3008 b.
1439 2955 1629 3026 Hieronymus,
1640 2955 1731 3012 sinon
1744 2973 1814 3029 pro·

161 2991 204 3048 ¹¹¹⁵
214 3034 221 3047 ·
233 2993 326 3050 ΝΟΜ
339 3007 422 3064 pum
431 2991 508 3063 ‘sim
517 2991 654 3058 “mm‘’
668 2990 717 3046 'ed
727 2991 840 3048 mamm
849 2992 964 3063 mun
1012 3023 1094 3092 posui
1107 3025 1136 3076 ει
1145 3022 1230 3078 silere
1240 3023 1297 3092 (eei
1307 3025 1434 3079 animum
1445 3041 1548 3081 meam.
1564 3025 1709 3092 Pretensis,
1720 3030 1745 3082 si
1755 3043 1813 3082 non

161 3086 261 3150 mille,
277 3085 310 3136 αῖ
324 3080 467 3136 menum
477 3081 598 3152 dirimi
611 3081 676 3136 imi
687 3079 713 3147 (1
728 3080 790 3136 ⁶⁰7·
810 3080 881 3150 Mil·
905 3079 960 3134 ΒΟ·
1011 3092 1131 3162 possiet
1143 3093 1431 3150 irumiliuuinnimum
1441 3111 1534 3149 meam
1545 3114 1554 3160 ;
1566 3094 1689 3161 Sanetus,
1701 3097 1814 3168 εἱειειε-

161 3186 225 3226 num
241 3179 280 3226 est
292 3185 358 3241 ergo
369 3169 496 3224 humilem
507 3183 569 3223 esse
579 3176 692 3239 propter
701 3167 857 3238 superbiam
867 3183 963 3224 cereo·
1011 3163 1058 3216 εει
1068 3165 1095 3216 ει
1106 3161 1190 3217 silere
1197 3162 1254 3233 [cci
1264 3164 1392 3218 ouirnum
1401 3181 1503 3220 meatu.
1520 3165 1685 3232 llunsterus,
1712 3166 1737 3220 ri
1753 3181 1811 3221 nou

161 3258 245 3324 dam
260 3257 355 3322 anum,
373 3257 523 3314 secundum
538 3255 708 3326 sapiemiam·
723 3254 776 3311 Sed
792 3255 903 3327 quidam
926 3270 960 3310 ne
1009 3233 1126 3303 possiet
1135 3235 1536 3304 compescuiuuirunmmeom;
1550 3234 1708 3301 Pcllicsnus,
1720 3236 1811 3292 sinen

1128 3305 1131 3310 .
1257 3303 1262 3316 .
1711 3293 1722 3318 ι

161 3346 215 3402 εἰει
229 3345 351 3416 superbi,
368 3344 520 3400 diminuunt
533 3360 573 3410 se,
585 3343 652 3398 nibil
673 3343 766 3398 nolunt
791 3343 909 3410 discere,
934 3350 961 3398 ει
1010 3303 1587 3498 ζ’ἷοὲἕὲᾝὲἷῗῖἱθξῑῧέὲἒξὲῗῗὲξῗὲῗ
1595 3305 1811 3432 ffiffleffl’

160 3442 305 3490 renonent
318 3433 345 3488 iu
365 3431 435 3489 lecte
452 3450 459 3487 :
476 3447 545 3504 quos
573 3431 711 3504 redarguit
735 3430 891 3502 Apostolus,
914 3431 959 3488 di·
1011 3442 1096 3498 512101·
1106 3444 1139 3498 aa
1151 3444 1340 3567 οηῃῗθῃςριῃ,
1350 3461 1379 3499 ,e
1406 3460 1478 3516 pono
1489 3448 1668 3517 gammo
1683 3449 1812 3503 animam

161 3537 247 3580 ecus:
264 3523 344 3578 Facti
358 3522 436 3586 estis,
448 3521 546 3594 quibus
557 3536 626 3593 opus
641 3523 683 3576 est
695 3521 779 3586 lecte,
795 3535 853 3577 non
873 3519 959 3576 solido
1010 3530 1112 3570 meum.
1126 3515 1221 3572 Eeeee
1233 3529 1280 3570 erc
1296 3515 1382 3581 vides,
1400 3513 1688 3590 quodintelligentiem
1703 3531 1811 3573 essecu-

159 3611 219 3669 cilto
234 3611 258 3680 (l
273 3612 334 3668 Cor.
347 3613 398 3678 tn).
415 3609 528 3664 Luctere
543 3623 611 3682 ergo
624 3615 654 3662 ει
663 3607 789 3663 nutrieris
797 3616 822 3664 et
837 3623 956 3677 cresces,

159 3707 188 3756 ει
202 3698 352 3755 eblectstus
367 3713 463 3769 penem
479 3697 619 3754 comedes.

197 3786 267 3843 llicit
278 3801 345 3858 ergo
355 3803 367 3846 ι
379 3787 409 3842 st
418 3802 476 3842 non
485 3786 635 3842 lumiliter
643 3786 809 3853 sentiebam,
822 3787 869 3842 sed
880 3787 959 3842 exol-

159 3879 219 3934 leui
234 3876 363 3933 animum
377 3890 479 3944 meam,
491 3874 519 3930 id
534 3883 576 3930 est
590 3873 613 3929 si
624 3889 678 3930 nou
689 3881 788 3939 mente,
809 3873 858 3930 sed
879 3874 958 3930 meli·

159 3965 196 4022 tis
210 3963 339 4037 perrulus
350 3961 387 4019 sui
398 3979 405 4019 :
418 3965 463 4020 llo
473 3963 681 4032 fintretridetin
692 3962 723 4018 in
732 3963 829 4018 animo
839 3979 912 4030 mco,
925 3964 959 4018 si-

159 4061 205 4112 εει
219 4053 254 4109 ειι
266 4051 307 4108 illi
321 4051 367 4124 qui
380 4051 589 4125 grandiusculus
602 4058 629 4106 ει
644 4049 752 4106 adultus
780 4057 831 4116 est,
859 4050 887 4106 id
915 4058 958 4106 est

1009 3584 1029 3638 ti
1045 3593 1116 3639 sunt.

1028 3656 1107 3712 Sicut
1116 3655 1279 3711 ablactetur
1290 3661 1333 3713 est
1342 3673 1427 3726 super
1434 3661 1528 3713 melre
1537 3673 1599 3722 suo,
1609 3657 1652 3713 ιιε
1662 3659 1810 3715 renuntio

1008 3725 1040 3780 in
1050 3726 1148 3781 animo
1156 3742 1229 3781 meo.
1242 3726 1313 3794 Quin
1323 3728 1349 3781 in
1361 3727 1445 3782 Hebr.
1457 3727 1565 3797 ponitur
1579 3725 1734 3784 oblectatio
1743 3731 1810 3784 oni·

1008 3811 1062 3851 tnoe
1071 3797 1107 3851 ud
1117 3797 1240 3867 isefontis
1250 3797 1481 3866 ablactationem,
1498 3812 1552 3868 quo
1564 3797 1586 3852 ει
1609 3795 1735 3854 nilieetur
1746 3814 1808 3852 mu-

1009 3873 1054 3921 tue
1071 3865 1180 3922 collutio
1190 3865 1389 3922 similitudinis:
1407 3867 1565 3922 ideircoLX
1598 3869 1685 3938 ,Δριε
1709 3883 1809 3939 posue-

1008 3945 1070 3992 runt
1084 3937 1204 3992 secundo
1217 3936 1288 3997 loco.
1304 3938 1346 3992 itu
1357 3937 1507 3993 retributio
1517 3939 1548 3992 in
1559 3937 1737 4003 animemed,
1757 3953 1807 4009 pro

1007 4007 1119 4079 eoquod
1126 4015 1177 4072 est,
1184 4008 1226 4064 ιιε
1234 4007 1377 4064 ullor-tato
1388 4007 1476 4063 adme
1484 4009 1583 4064 anime
1592 4023 1671 4076 nece,-
1682 4008 1722 4064 sio
1734 4009 1808 4074 cuim

1007 4100 1037 4156 fu
1060 4101 1180 4158 vicissim
1204 4101 1331 4175 utrinque
1355 4109 1447 4158 mutue
1464 4101 1581 4160 redditio
1594 4112 1654 4164 ints
1668 4088 1717 4169 'Sl
1730 4088 1808 4168 5le
1841 4127 1851 4148 ·

158 4143 327 4200 retribuetur
340 4139 416 4206 mibi,
432 4139 504 4212 quod
519 4139 679 4195 retribuitur
692 4154 789 4210 puero,
804 4137 851 4212 qui
878 4139 956 4194 eble-
1006 4199 1084 4254 'w
1097 4175 1146 4254 ἦν
1160 4175 1235 4251 50„
1250 4191 1529 4248 mmmmm
1550 4205 1809 4250 mmmmm.

158 4237 274 4288 “mm
288 4237 385 4296 '‘ms‘’
401 4236 430 4282 ω
441 4229 498 4298 5⁸¹⁰
514 4227 548 4282 δὴ
558 4227 672 4283 id⁰¹¹⁰¹¹⁵
681 4241 779 4298 panem
789 4226 954 4292 ⁰⁰m⁹d⁰r⁸³
1006 4275 1106 4316 ruscut
1133 4261 1218 4316 Divus
1229 4263 1396 4332 rtttgustinus
1410 4263 1445 4317 ed
1459 4278 1522 4318 eum
1536 4263 1648 4319 modum
1667 4264 1805 4336 interpre-

158 4333 210 4374 000
224 4317 301 4372 ‘’bs“
302 4315 370 4388 1⁰85!
385 4331 415 4370 se
430 4314 641 4380 hi0m²1¹edi⁰¹⁰v
657 4313 705 4369 sed
721 4313 819 4368 ³⁵⁵³?st
836 4313 888 4368 Sibi
911 4313 956 4369 ¹³0·
1007 4339 1085 4394 tetur,
1096 4332 1171 4387 sicul
1183 4332 1342 4388 obluctatus
1353 4333 1519 4388 edrnolrem
1529 4351 1621 4398 suum,
1631 4335 1807 4392 itcoblaclc-

158 4423 222 4462 uum
238 4405 324 4462 reddi.
340 4405 375 4459 tlt
388 4412 430 4460 est
440 4419 504 4457 seue
522 4403 666 4470 sententie,
678 4402 727 4457 scd
738 4395 993 4474 discordesquodl)
1008 4405 1037 4456 ιε
1048 4402 1084 4457 uti
1097 4418 1142 4458 mc
1165 4403 1264 4457 anime
1288 4419 1366 4470 ntem·
1378 4403 1524 4470 Pretensis,
1553 4405 1629 4460 sicut
1644 4405 1806 4462 obluctatus

158 4494 244 4560 eddit,
258 4509 341 4565 super
355 4501 479 4556 metrum,
495 4507 551 4548 nou
565 4491 631 4548 dicit
646 4506 662 4546 e
677 4499 774 4558 metre,
797 4490 840 4546 rel
853 4507 870 4546 e
886 4490 957 4546 lecte
1007 4489 1091 4544 ”iim
1099 4477 1220 4528 mamm
1230 4488 1320 4538 Suam·
1331 4474 1406 4528 ⁸5⁶¹&
1417 4475 1576 4530 “Malui
1585 4490 1670 4558 ”iim
1680 4491 1725 4531 'M
1742 4477 1806 4532 Μῖ-

159 4582 263 4638 metris.
279 4579 359 4650 Quod
374 4579 397 4635 si
411 4580 525 4646 diceret,
547 4579 646 4651 plenus
673 4577 750 4635 steret
774 4595 881 4648 seusus,
906 4579 955 4634 sed
1006 4543 1807 4688 πιξηῗῑῖἒὲῗὲἑξέῃῗᾟξᾙῐῧῖἒῧῗέἑῇἷῖἔιθῖξὲαὲἑζ

160 4671 219 4726 eit:
236 4671 325 4742 Super
339 4676 463 4736 matrem,
481 4667 553 4740 quod
565 4683 620 4723 non
636 4667 706 4722 bene
721 4667 857 4724 convenit.
874 4665 955 4722 lustr-
1006 4687 1142 4739 mmm
1152 4685 1279 4740 animam
1287 4701 1389 4750 meam,
1401 4685 1458 4739 pm
1468 4685 1559 4755 sam-,12
1579 4685 1652 4741 ‚mm
1673 4686 1756 4754 Dm,
1775 4689 1804 4742 εἰ

157 4775 220 4815 ειεε
234 4757 307 4814 εειιε
322 4757 369 4830 qui
383 4772 466 4828 super
479 4764 595 4812 metrum
610 4763 661 4824 est,
685 4762 713 4810 ει
726 4754 886 4827 praedictum
901 4762 953 4821 est,
1006 4754 1064 4810 bec
1074 4754 1170 4810 addat.
1182 4755 1287 4826 lleliqui
1295 4754 1322 4809 iu
1330 4753 1551 4810 commemoratis
1561 4754 1646 4811 ferme
1657 4753 1795 4828 leguntur.

712 5039 994 5146 PSALMUS
1035 5041 1259 5146 cxxxi.

227 5332 327 5376 nessus
347 5333 480 5374 rmuuns:
496 5341 506 5366 ιι
524 5330 813 5373 εεετιεεεεεεεεεε.
832 5340 843 5366 ε
1007 5313 1040 5369 lis
1062 5314 1229 5382 domusDei,
1246 5323 1274 5371 ει
1290 5323 1315 5372 ει
1329 5315 1416 5372 θεειε
1441 5318 1473 5373 ed
1507 5317 1626 5374 litterum
1653 5317 1726 5387 iecit,
1757 5321 1804 5393 qui

190 5409 335 5472 Memento,
348 5408 475 5475 Domine,
489 5406 585 5464 David.
597 5405 719 5461 Titulus:
736 5407 952 5477 Conticumprn·
1006 5404 1116 5459 domum
1132 5404 1190 5458 Deo
1203 5403 1340 5462 edificero
1355 5405 1449 5462 voluit.
1465 5407 1500 5462 lit
1514 5423 1634 5480 congrue
1654 5417 1715 5480 post
1739 5425 1802 5482 gre·

155 5497 254 5556 duum.
269 5495 404 5573 [uuqllu
424 5496 475 5553 boc
487 5495 594 5553 decimo
619 5495 696 5552 tertio
719 5493 819 5566 gredo,
831 5495 887 5563 iem
903 5494 952 5549 ltu·
1005 5492 1071 5550 dum
1085 5491 1243 5548 humilitatis
1257 5493 1315 5566 egit
1336 5495 1372 5551 de
1399 5494 1578 5553 redilicelioue
1601 5498 1710 5564 domus,
1739 5497 1803 5572 quie

153 5585 226 5642 milis
240 5595 269 5644 ει
282 5594 439 5643 ιεεεεεειεε
454 5583 553 5656 selegit
566 5583 601 5639 de
624 5581 803 5640 aediireetione
824 5582 951 5653 spir-itue-
1006 5597 1054 5652 per
1067 5581 1244 5638 humilitatem
1258 5580 1485 5656 efficitureliquis
1499 5585 1597 5642 domus
1610 5585 1671 5644 Dei.
1700 5586 1801 5642 Unde:
