3906 6056
8 171 13 200 ,
136 136 205 191 ttae
469 138 721 200 contuemur
739 145 777 202 IN
794 147 904 206 EPlS'l'.
924 150 958 207 D.
979 151 1141 210 Paula-
1154 156 1192 212 IN
1209 157 1266 212 ΕΡ.
1289 160 1337 214 ιιι)
1355 161 1440 218 lton.
1711 176 1780 230 ttao

134 259 217 327 cium,
225 260 385 332 mysterium
393 261 464 334 dico,
479 268 513 320 ut
525 270 655 325 consitis
666 271 736 342 ipsis
742 272 816 328 vobis
825 274 967 346 sapien-a
983 285 1014 333 ut
1029 293 1089 334 cum
1105 279 1204 336 laniant
1218 290 1314 339 contra
1329 285 1507 358 voluntatem,
1522 289 1551 345 id
1562 299 1602 346 est
1612 303 1778 366 preceptum

139 352 192 414 tat,
208 347 235 402 id
251 357 292 405 εει
306 350 369 407 ideo
383 367 452 408 voco
467 354 635 426 mysterium,
657 374 692 414 ne
706 359 805 430 putetis
819 377 868 417 vos
882 363 936 420 hoc
984 366 1044 432 Dei,
1058 367 1203 440 impleatur
1213 379 1304 427 tamen
1318 372 1353 428 da
1368 373 1431 441 illis,
1448 384 1474 431 et
1488 376 1552 432 sinit
1566 378 1599 432 ab
1615 379 1669 434 illis
1683 380 1778 438 volun·

138 444 232 494 vestro
246 437 357 510 ingenio
371 455 453 510 posse
468 441 613 498 discutere.
625 446 658 500 Et
672 446 745 518 quod
757 447 792 502 sit
804 448 868 504 illud
880 467 936 522 my·
984 461 1027 509 tas
1042 456 1092 511 Dei
1108 457 1245 528 sapienter
1260 459 1351 515 omnia
1357 461 1535 534 disponentis,
1550 466 1710 524 Secundam
1725 470 1781 525 cle·

137 525 250 581 sterium
266 528 340 598 quod
354 545 408 585 uun
424 530 480 585 vult
495 546 543 587 eos
557 531 687 605 ignorare
695 537 822 605 ostendit,
833 538 936 596 scilicet
984 545 1108 600 ctionem
1118 549 1223 602 uatem.
1231 545 1313 617 Quasi
1321 549 1393 606 dicat
1404 568 1410 604 ε
1422 551 1539 621 Quidam
1549 554 1704 612 ludaeorum
1715 565 1779 612 sunt

137 614 204 686 qaia
219 616 340 684 coecitua,
356 631 411 673 non
435 633 468 673 ex
492 628 598 681 natura.
615 623 664 677 sed
679 639 712 678 ex
727 624 808 695 culpa
827 641 932 695 eorum,
984 630 1086 687 inimici
1114 635 1264 690 secundum
1297 639 1486 710 Evangelium,
1517 650 1543 696 et
1566 651 1677 714 propter
1704 660 1777 712 vos3

137 703 257 774 contigit
273 705 412 772 inlu-aet,
430 714 457 761 ει
470 707 523 764 hoc
537 714 675 782 exparte.
686 712 747 767 Non
758 713 935 772 enimomnes
984 717 1165 795 [Ambrosius]
1181 723 1290 795 quidam
1305 735 1395 782 autem
1416 744 1510 785 eorum
1534 739 1597 786 suut
1619 732 1781 790 ειιιιιιεειιιιι

138 792 265 848 excaecati
274 801 346 848 sunt.
356 794 475 868 Contigit
483 796 798 872 dico,dcnccplcniludo
806 804 934 872 petatium
985 815 1010 862 et
1025 808 1115 876 electi,
1131 819 1158 865 et
1173 812 1293 868 huonon
1308 823 1349 869 est
1373 825 1482 887 propter
1495 833 1588 874 eorum
1608 821 1714 887 merita,
1732 822 1781 877 sed

139 881 274 948 intraret,
291 881 318 936 id
334 891 375 938 est
387 891 414 938 ut
429 883 550 953 intraret,
563 895 590 941 et
599 887 687 944 donec
697 889 807 945 intraret
816 897 844 945 ιιι
853 907 935 948 εειιειι
985 898 1136 953 secundum
1151 900 1322 969 electionem,
1339 903 1367 957 id
1391 912 1432 958 est
1446 906 1509 977 qnia
1522 923 1572 978 per
1585 909 1701 981 gratiam
1717 917 1780 965 sunt

138 974 245 1022 notetur
259 976 285 1023 et
300 969 441 1037 terminus,
457 976 486 1027 ει
500 975 550 1040 sic,
567 974 670 1030 scilicet
688 983 832 1048 postquam
847 977 934 1034 iutra·
985 985 1105 1054 electi‚et
1111 993 1227 1060 propter
1233 994 1340 1060 patras,
1350 989 1488 1066 [August]
1498 994 1526 1050 id
1534 997 1780 1066 estpromissiones

139 1055 218 1122 verit,
233 1059 324 1113 omnia
334 1057 431 1125 lsrael,
447 1061 711 1131 praedicanteEliaet
725 1067 828 1132 Enoch,
840 1069 935 1124 saluus
984 1074 1107 1144 patribus
1122 1075 1216 1142 lactas,
1238 1078 1302 1147 quia
1323 1078 1433 1135 dilectio
1447 1081 1497 1135 Dei
1511 1081 1539 1136 in
1553 1083 1595 1137 his
1615 1085 1782 1142 exuscitatur

137 1144 229 1212 lieret,
245 1145 397 1204 aemulando
411 1157 519 1220 gentes,
531 1150 579 1217 sic,
592 1154 742 1224 etc.,quasi
755 1154 839 1212 dicat:
852 1157 936 1211 lsrael
986 1162 1117 1217 memoria
1144 1163 1277 1220 bonorum
1310 1173 1424 1236 patrum,
1456 1185 1572 1238 quorum
1599 1173 1782 1244 praerogativa

141 1232 232 1288 salvus
247 1232 303 1300 fiet,
319 1235 540 1310 sicutacriptam
555 1243 608 1305 cat,
624 1240 650 1294 in
666 1240 737 1296 lania
754 1257 760 1297 :
780 1245 875 1300 Veniet
892 1260 935 1301 se·
985 1249 1129 1321 plurimae
1154 1253 1212 1306 Deo
1238 1253 1368 1310 beneficia
1390 1265 1580 1327 perceperunt.
1605 1258 1692 1316 Electi
1714 1275 1782 1331 erga

140 1321 258 1377 cundum
270 1337 381 1379 carnem
396 1325 519 1391 cesion,
535 1326 563 1381 id
578 1336 618 1382 est
633 1329 667 1384 de
686 1330 796 1398 Judaeis,
814 1334 863 1404 qui
876 1335 935 1389 cri·
987 1345 1050 1392 sunt
1074 1337 1167 1395 dilecti
1195 1348 1308 1412 propter
1333 1349 1436 1413 patres,
1462 1344 1560 1415 quihus
1575 1345 1632 1402 haec
1646 1347 1781 1419 promissa

141 1409 212 1482 piat,
229 1411 309 1482 quasi
328 1412 363 1474 vi,
381 1413 454 1484 quod
469 1421 495 1469 et
510 1414 617 1470 iuterim
641 1424 684 1473 est
707 1419 816 1490 quando
839 1419 936 1492 aliquis
986 1433 1056 1482 sunt.

141 1498 296 1555 Judaeorum
312 1500 355 1555 rix
379 1502 554 1570 convertitur,
581 1509 609 1560 ct
632 1509 753 1571 avertat,
774 1507 934 1576 voluntarie,
1021 1515 1095 1571 Ecce
1110 1524 1250 1572 ostensum
1264 1527 1305 1574 est
1320 1520 1347 1575 in
1367 1521 1409 1577 his
1424 1522 1516 1578 rerhis
1536 1523 1681 1594 praedictis,
1699 1539 1782 1594 quare

140 1587 215 1658 quod
230 1587 281 1643 erit
295 1588 324 1642 iu
338 1587 392 1644 tine
407 1591 519 1662 quando
533 1590 613 1648 facile
628 1602 827 1662 convertentur,
850 1614 868 1652 a
885 1599 935 1653 la·
951 1617 1056 1695 Bpars
1069 1603 1226 1661 ludaeorum
1241 1617 1375 1664 excaecata
1397 1617 1448 1677 est,
1474 1610 1577 1668 scilicet
1600 1627 1650 1667 suo
1664 1611 1738 1678 vitio,
1756 1619 1783 1666 ει

139 1674 197 1742 coh,
214 1675 242 1730 id
257 1683 323 1731 esta
337 1677 640 1752 Judaeis,impietalem‚
653 1681 680 1736 id
691 1681 935 1752 estinlrdelitatem,
987 1700 1098 1761 propter
1122 1701 1229 1765 gentes,
1242 1703 1273 1760 Ιει
1297 1713 1361 1767 pars
1385 1698 1544 1754 illuminata.
1569 1699 1673 1755 scilicet
1694 1698 1783 1772 gratia

139 1763 183 1820 vel
197 1763 293 1836 legalis
309 1765 492 1823 observantiae
507 1768 616 1824 cultum.
634 1769 726 1825 Cultus
742 1772 814 1826 enim
828 1773 936 1829 Judaeo·
987 1778 1137 1846 electionis,
1163 1790 1191 1836 et
1208 1792 1320 1854 propter
1344 1793 1447 1856 patres.
1476 1786 1536 1841 Etsi
1559 1786 1632 1842 enim
1650 1786 1729 1858 quasi
1746 1787 1781 1843 de

140 1868 201 1906 rum
217 1853 252 1908 ab
266 1853 385 1910 adventu
399 1855 497 1910 Christi
512 1856 637 1928 impietas
652 1866 703 1914 est.
719 1861 755 1914 Et
771 1861 820 1916 hoc
847 1865 937 1918 taalu-
987 1866 1091 1923 eisdem
1106 1868 1241 1940 loquatur,
1264 1871 1391 1940 diceudo,
1414 1873 1516 1930 inimici
1540 1882 1566 1930 et
1594 1874 1695 1942 dilecti,
1718 1875 1782 1946 quia

138 1945 268 1998 meatum
281 1945 337 1999 crit
351 1944 434 2000 illisa
444 1961 498 2010 cre,
512 1945 539 2000 id
547 1947 655 2002 esthaec
666 1948 809 2017 promissio
818 1950 938 2021 comple·
987 1971 1042 2011 una
1058 1973 1127 2029 gens
1142 1966 1199 2013 erat
1215 1960 1336 2015 omnium
1351 1961 1474 2028 illorum;
1490 1962 1536 2017 alii
1551 1971 1641 2018 tamen
1657 1970 1719 2019 suut
1732 1963 1783 2019 ini·

140 2029 213 2084 bitur
228 2030 281 2086 illis
296 2045 312 2087 a
326 2048 379 2098 me,
397 2032 460 2104 quia
476 2049 529 2106 ego
540 2035 599 2106 ipse
614 2034 712 2090 luciam
726 2037 799 2108 quod
812 2038 936 2109 promisi.
987 2043 1049 2098 miei
1065 2045 1124 2100 Dei.
1142 2046 1188 2100 elii
1203 2048 1357 2103 charissimi
1372 2058 1398 2104 et
1412 2050 1514 2107 dilecti.
1531 2053 1605 2122 (334)
1616 2051 1682 2107 Sina
1696 2053 1783 2124 praci-

141 2117 279 2186 Quando?
295 2119 364 2176 Cam
384 2121 535 2192 abstulero,
564 2123 591 2178 id
607 2131 648 2178 est
664 2125 806 2192 remisero,
821 2131 937 2198 paccata
989 2133 1080 2189 tentia
1094 2135 1181 2190 enim.
1199 2134 1281 2204 Quasi
1295 2137 1368 2193 dicat
1385 2153 1391 2192 :
1407 2139 1474 2194 Dico
1485 2139 1558 2210 quod
1568 2141 1716 2195 secuudum
1727 2139 1783 2196 ele-

140 2222 247 2278 acrum,
263 2208 315 2265 hoc
330 2209 380 2264 erit
393 2208 420 2264 iu
434 2209 498 2278 fine,
507 2212 615 2281 quaudo
625 2212 653 2267 in
664 2213 856 2283 predicatione
871 2215 938 2271 Eliae
987 2220 1115 2291 ctionem,
1138 2230 1165 2277 ει
1189 2232 1301 2294 propter
1314 2233 1406 2297 patres
1428 2233 1490 2280 sunt
1505 2226 1635 2292 salvandi,
1654 2227 1783 2298 quianon

140 2303 165 2350 et
179 2295 275 2352 Enoch
288 2307 480 2354 convertentur
492 2301 507 2352 J
510 2299 591 2354 udaei.
610 2301 685 2373 (332)
701 2302 777 2358 Unde
790 2319 840 2374 per
854 2304 938 2359 llala-
987 2313 1050 2359 sunt
1066 2306 1153 2362 vocati
1168 2322 1201 2361 ea
1215 2308 1357 2364 vocatione
1373 2325 1426 2381 qua
1440 2309 1516 2365 multi
1529 2325 1585 2365 nun
1599 2310 1717 2380 praesciti
1731 2326 1782 2367 vo-

139 2383 227 2440 chiam
251 2385 349 2441 dicitur
366 2402 372 2441 :
388 2387 500 2443 llittum
527 2387 602 2445 vobis
619 2391 709 2446 lllt'cm
731 2393 876 2448 Thesbiten
890 2394 938 2466 qui
987 2401 1093 2460 cantur,
1123 2393 1169 2466 qui
1198 2403 1288 2451 tamen
1312 2406 1434 2468 pereunt,
1461 2398 1495 2453 da
1517 2413 1570 2471 qua
1595 2398 1782 2456 dictumest:

138 2476 280 2530 concertat
297 2475 383 2530 corda
400 2479 517 2548 patrum
527 2477 562 2532 nd
572 2478 655 2548 filios,
672 2482 700 2534 et
715 2479 799 2536 corda
813 2481 937 2544 filiorum
987 2481 1063 2536 llulti
1078 2483 1176 2549 vocati,
1194 2491 1244 2540 etc.
1260 2485 1369 2554 (Marta.
1387 2488 1471 2558 xxu),
1488 2486 1537 2542 sed
1552 2487 1597 2542 illa
1612 2502 1666 2559 qua
1680 2502 1784 2544 vocan-

138 2561 414 2632 cdpclr·er,utaticm
421 2564 662 2637 intelliguntfilii,
672 2568 748 2623 sicut
754 2569 938 2640 pellucidam
988 2577 1030 2625 tur
1044 2571 1133 2638 electi,
1145 2572 1179 2627 ad
1194 2588 1275 2643 quam
1291 2573 1336 2645 qui
1346 2575 1481 2644 pertinent
1496 2591 1592 2630 ornnes
1607 2583 1669 2630 suut
1684 2575 1785 2632 docibi-

139 2651 279 2721 prophetae
303 2650 494 2708 intellexerunt
520 2653 649 2721 (llcluclr.
666 2655 718 2726 ιν.)
742 2655 862 2730 [Ηείηιο]
894 2658 938 2713 Sic
987 2658 1028 2714 les
1037 2659 1097 2724 Dei,
1114 2675 1165 2716 nec
1179 2669 1376 2731 potesteorum
1392 2663 1535 2734 quisquam
1550 2663 1649 2730 dicere,
1666 2663 1781 2731 credidi,

139 2737 212 2794 enirn
226 2754 275 2796 cor
288 2748 395 2810 patrum
410 2748 583 2796 convertetur
598 2742 632 2797 ad
658 2741 738 2812 filios,
760 2760 823 2800 cum
839 2745 938 2802 intelli·
988 2755 1017 2802 ut
1031 2747 1070 2804 sic
1085 2763 1208 2816 vocarer,
1224 2750 1287 2822 quia
1302 2751 1434 2822 praereuit
1447 2767 1509 2807 eum
1519 2751 1709 2807 misericordia
1723 2749 1784 2817 Dei,

137 2827 230 2900 gentio
241 2842 335 2884 eorum
350 2828 515 2898 perducetur
529 2829 563 2884 ad
577 2827 657 2898 filios,
674 2840 701 2886 ει
714 2847 763 2887 cor
776 2831 893 2888 liliorum
904 2835 938 2888 ad
988 2849 1041 2906 qua
1057 2843 1170 2890 vocatus
1182 2845 1223 2891 est
1245 2846 1275 2893 ut
1297 2838 1430 2894 crederet.
1458 2836 1525 2907 Quae
1550 2839 1656 2894 vocatio
1672 2846 1712 2894 est
1727 2838 1786 2895 sine

135 2922 237 2988 patres,
254 2916 358 2971 dumid
375 2917 451 2988 quod
476 2915 523 2971 filii
545 2927 692 2972 senserunt
713 2919 752 2973 illi
767 2921 894 2988 sentient,
912 2930 938 2977 et
987 2922 1154 2992 poenitentia,
1170 2923 1197 2977 id
1213 2925 1328 2980 estsine
1350 2926 1509 2995 mutatione,
1527 2926 1590 2998 quia
1611 2926 1656 2997 qui
1681 2925 1787 2981 audita

138 3003 193 3070 isti,
223 3005 379 3060 secundum
394 3005 587 3077 Evangelium,
598 3005 676 3078 quasi
687 3007 772 3063 dicat:
789 3009 863 3064 Tunc
873 3025 938 3064 cou—
953 2986 977 3046 Ο
990 3010 1066 3065 Patre
1083 3010 1156 3065 venit
1167 3011 1201 3065 ad
1216 3011 1323 3077 Filium,
1341 3013 1387 3084 qui
1411 3029 1466 3067 nou
1484 3013 1574 3084 perdit
1587 3013 1736 3084 quidquam
1751 3013 1785 3068 de

137 3100 279 3148 vertentur
292 3093 389 3163 ludaei,
406 3094 456 3148 sed
470 3094 553 3149 modo
568 3094 669 3151 inimici
684 3103 747 3150 sunt
763 3097 831 3167 Deo,
848 3104 875 3152 ει
889 3113 938 3153 no-
987 3097 1061 3152 ornui
1077 3099 1139 3153 dato
1155 3116 1163 3166 3
1178 3099 1301 3170 quisquis
1317 3115 1383 3155 vero
1406 3101 1485 3171 perit,
1510 3115 1564 3155 non
1578 3100 1641 3156 inde
1656 3099 1705 3155 luit
1721 3098 1786 3172 :qui

139 3181 181 3236 bis
197 3200 206 3248 3
222 3189 248 3237 et
263 3183 316 3238 hoc
331 3182 482 3239 secundum
504 3183 696 3256 Evangelinm,
713 3183 741 3239 id
763 3191 804 3240 est
826 3194 938 3258 propter
987 3185 1051 3241 inde
1067 3195 1118 3252 est,
1135 3187 1246 3242 omnino
1262 3203 1317 3242 nou
1339 3188 1417 3259 perit.
1445 3189 1557 3258 Propter
1573 3187 1646 3260 quod
1667 3188 1786 3244 loannes

137 3269 328 3343 Evangelium,
355 3271 426 3344 quod
450 3279 544 3327 contra
567 3272 658 3345 legem
683 3288 779 3328 eorum
802 3282 854 3342 est,
882 3290 937 3331 uon
988 3273 1025 3329 ait
1042 3289 1048 3328 :
1065 3275 1085 3330 A
1101 3275 1178 3330 nobis
1193 3276 1338 3342 exierant,
1356 3275 1404 3331 aad
1418 3292 1456 3333 cx
1479 3277 1557 3332 uobis
1585 3290 1644 3332 nou
1665 3279 1787 3349 fuerunt

138 3366 253 3430 propter
267 3375 368 3432 genus.
389 3358 571 3432 [Ambrosius]
585 3361 620 3415 Et
632 3361 685 3418 hoc
700 3369 784 3417 totum
799 3361 828 3417 fu
850 3379 937 3436 prop·
989 3363 1012 3433 (l
1025 3365 1106 3419 locu.
1122 3362 1163 3434 ιι).
1180 3361 1325 3437 [August]
1335 3365 1462 3420 'Fuemnt
1478 3364 1550 3420 anim
1565 3365 1599 3420 de
1614 3364 1786 3421 multitudine

139 3451 184 3503 ter
195 3464 250 3514 vos,
267 3447 295 3502 id
310 3456 350 3503 ast
365 3448 400 3503 ad
416 3447 556 3503 utilitatem
579 3457 708 3516 vestram,
733 3465 750 3506 o
773 3459 879 3522 gentes,
909 3459 937 3506 ut
988 3456 1156 3519 vocatorum,
1175 3448 1289 3504 sednon
1303 3449 1338 3506 de
1352 3449 1488 3520 paucitate
1499 3449 1657 3506 electorum.
1670 3450 1699 3506 Si
1713 3450 1786 3506 euim

138 3533 335 3591 scilicetvobis
351 3544 424 3591 esset
438 3536 515 3593 locus
538 3537 658 3593 intrandi
680 3539 714 3593 ad
738 3537 830 3594 fidem.
851 3541 938 3594 Error
987 3535 1102 3592 luissent
1129 3537 1163 3592 de
1192 3537 1289 3605 nobis,
1318 3537 1483 3594 mansissent
1511 3538 1603 3610 utiquc
1631 3539 1781 3594 nobiscum.

138 3624 212 3680 enim
227 3624 382 3680 Judaeorum
398 3625 527 3696 gentihus
542 3626 647 3696 aperuit
664 3627 734 3682 viam
754 3634 815 3683 ante
830 3635 937 3699 tempus
986 3625 1021 3680 Et
1034 3626 1086 3681 hoc
1114 3633 1155 3680 ast
1176 3626 1248 3697 quod
1272 3625 1309 3681 ait
1325 3641 1331 3679 :
1349 3625 1434 3694 Quasi
1457 3626 1550 3683 dicat:
1567 3628 1635 3683 Vere
1650 3635 1712 3681 sunt
1727 3625 1783 3682 sal-

135 3712 255 3768 intrandi
271 3713 306 3768 ad
322 3711 415 3768 fidem.
433 3713 511 3768 Prius
526 3713 598 3769 enirn
623 3713 724 3786 ubique
746 3716 872 3771 omnihus
887 3717 936 3772 ιιι-
989 3713 1070 3770 ιειιιιι
1098 3713 1249 3768 secundum
1278 3712 1454 3781 electionem,
1484 3722 1511 3769 et
1537 3721 1651 3786 propter
1677 3721 1780 3783 patres,

136 3801 205 3857 daris
219 3802 422 3873 praedicandum
438 3809 505 3870 erat,
531 3809 558 3857 et
578 3809 641 3858 tunc
664 3802 773 3858 demum
797 3805 935 3877 gentibus.
987 3802 1050 3872 quia
1065 3802 1150 3869 dona,
1162 3801 1190 3856 id
1201 3809 1242 3856 est
1256 3801 1464 3872 promissiones,
1474 3805 1501 3858 et
1513 3803 1620 3858 vocatio
1630 3803 1690 3866 Dei,
1701 3800 1730 3857 id
1741 3808 1783 3858 est

136 3890 191 3946 Sed
206 3890 335 3962 quoniam
350 3906 404 3946 nou
419 3891 594 3946 crediderunt
609 3890 704 3958 ludaei,
717 3892 836 3947 ablatum
845 3901 886 3948 εει
897 3893 937 3948 ειε
987 3889 1084 3945 electio
1107 3889 1159 3945 Dei
1181 3890 1215 3944 ab
1238 3899 1350 3956 aetcrn0,
1376 3894 1446 3946 aaut
1468 3890 1527 3946 sine
1549 3889 1728 3960 paenitentia,
1754 3889 1783 3945 id

136 3995 256 4050 regnum
273 3987 300 4035 et
315 3979 408 4034 datum
423 3987 465 4035 est
487 3979 624 4053 gentibus.
651 3981 936 4054 lpsorumigituroc-
988 3977 1101 4034 estsine
1132 3979 1320 4033 immutatione
1344 3977 1450 4034 consilii
1479 3977 1538 4048 Dei,
1568 3977 1686 4034 velita:
1716 3977 1781 4033 Ideo

137 4068 248 4126 cesione
263 4067 377 4140 gratiam
391 4068 442 4124 Dei
456 4076 553 4140 gentes
577 4069 656 4125 citius
680 4078 870 4141 perceperunt.
888 4071 937 4128 Vel
986 4066 1048 4122 dico
1071 4067 1220 4123 secundum
1244 4065 1414 4131 electionem,
1441 4065 1504 4138 quia
1527 4066 1625 4138 quihus
1648 4066 1721 4120 Deus
1746 4064 1780 4122 li-

137 4157 177 4212 ita
193 4171 199 4211 :
215 4157 290 4212 Tunc
303 4164 504 4222 convertentur,
530 4157 579 4212 sed
603 4157 685 4213 modo
709 4157 810 4214 inimici
826 4159 936 4230 quidem
986 4157 1050 4211 dem
1076 4154 1200 4226 inspirat,
1231 4155 1290 4210 sine
1317 4154 1489 4226 precedente
1523 4170 1616 4210 eorum
1643 4154 1780 4226 poeniteu-

137 4244 276 4315 struthei,
293 4244 932 4314 etnostriiuterimexse,idestexsuovitio,
987 4244 1024 4300 tia
1050 4243 1173 4315 inspirat.
1204 4245 1238 4298 ιιι
1266 4243 1320 4299 hoc
1347 4251 1397 4310 est,
1437 4243 1496 4298 sine
1524 4242 1683 4315 poenitentia
1709 4243 1781 4298 enim

136 4333 186 4389 sed
201 4334 253 4390 hoc
269 4340 310 4388 est
324 4333 474 4390 secundum
490 4333 681 4407 Evangelium,
698 4343 725 4390 et
746 4344 859 4407 propter
873 4340 971 4404 ros,1)
988 4332 1067 4389 54
1082 4332 1254 4403 precedente
1270 4339 1331 4386 sunt
1345 4331 1417 4387 dona
1432 4340 1458 4388 et
1478 4331 1585 4388 vocatio
1609 4330 1659 4386 Del
1674 4348 1682 4397 ;
1698 4330 1783 4409 idest

135 4422 219 4478 idest
234 4421 269 4476 ad
285 4420 436 4493 prolectam
457 4422 598 4493 Evangelii
621 4430 648 4478 et
668 4432 800 4480 vestrum.
826 4424 934 4498 [dugu-
987 4420 1105 4494 gratuita
1118 4430 1144 4476 at
1166 4420 1278 4475 interior
1300 4420 1417 4487 vocatio,
1443 4435 1495 4491 qua
1519 4420 1593 4474 Deus
1608 4426 1685 4474 vocat
1700 4417 1780 4474 adfi-

138 4509 236 4582 stiuus]
251 4509 396 4566 Inimicitia
412 4511 486 4566 enim
500 4527 595 4566 eorum
610 4528 662 4583 qua
673 4512 809 4568 Christum
822 4515 935 4570 occide·
987 4511 1049 4565 dam
1066 4509 1138 4581 quod
1160 4508 1260 4562 nullius
1283 4508 1408 4564 meritum
1434 4507 1573 4579 praevenit.
1597 4505 1780 4579 [Ambrosius]

135 4607 209 4666 runt,
225 4598 376 4671 Evangelia
391 4597 449 4654 sine
474 4598 641 4656 dubitatione
664 4600 781 4672 proiecit
804 4603 878 4674 (333)
901 4604 936 4658 Et
986 4598 1036 4653 llel
1051 4598 1086 4652 ita
1106 4613 1113 4653 ι
1134 4597 1257 4664 Dixerat,
1286 4596 1376 4652 veniet
1401 4596 1446 4668 qui
1461 4603 1565 4652 avertat
1580 4595 1745 4666 impietatem
1767 4610 1784 4650 a

134 4689 188 4744 hoc
204 4687 323 4744 ostendit
338 4703 372 4741 ex
386 4687 435 4742 Dei
452 4687 631 4757 dispositione
660 4689 777 4756 cauisse,
794 4691 840 4762 qui
864 4690 934 4746 bena
985 4686 1079 4752 Jacob,
1111 4693 1138 4742 ει
1166 4686 1218 4741 hoc
1241 4685 1303 4752 crit,
1320 4701 1382 4741 cum
1395 4683 1532 4740 abstulero
1546 4691 1656 4755 peccata
1676 4699 1779 4741 eorum.

137 4776 176 4831 uti
190 4777 275 4838 norit,
290 4775 372 4832 etiam
386 4775 466 4830 malis
477 4791 530 4832 nou
546 4778 619 4849 quod
629 4777 669 4832 eis
683 4778 798 4849 prosint,
811 4778 860 4834 sed
875 4779 935 4850 ipso
987 4775 1041 4832 Sed
1056 4791 1090 4831 ne
1105 4775 1166 4847 quis
1179 4782 1255 4846 putet
1269 4791 1317 4831 eos
1331 4791 1386 4830 uon
1402 4789 1483 4846 posse
1494 4773 1619 4844 accipere
1627 4771 1784 4828 misericor·

136 4864 190 4920 illis
213 4865 282 4920 hene
308 4871 410 4933 utente,
436 4873 552 4935 prosunt
576 4865 678 4922 electis.
702 4867 778 4938 Ergo
800 4867 827 4922 iu
851 4867 935 4924 malo·
985 4864 1067 4934 diam,
1083 4864 1146 4936 quia
1161 4863 1357 4919 nonvideteus
1371 4861 1499 4918 exteriori
1513 4860 1671 4932 poenitentia
1687 4859 1779 4933 allligi,

134 4969 196 5008 rum
210 4960 343 5024 potestate
358 4968 482 5024 peccare,
500 4961 528 5008 ut
552 4962 642 5010 autem
656 4954 795 5026 peccando
812 4955 874 5022 hcc,
891 4957 935 5013 vel
985 4953 1023 5008 ait
1038 4970 1044 5009 :
1061 4953 1127 5008 Sine
1140 4953 1319 5025 paenitentia,
1336 4951 1413 5023 quasi
1427 4951 1518 5007 dicat:
1535 4950 1624 5006 Nemo
1634 4947 1736 5004 diffidat
1744 4949 1780 5046 de

135 5042 197 5109 hoc,
213 5041 261 5096 illa
275 5041 379 5096 malitia
393 5040 501 5108 saciant,
519 5058 574 5098 nou
588 5050 630 5098 est
643 5043 671 5098 in
685 5059 781 5099 eurum
789 5051 932 5115 potestate,
985 5041 1034 5108 eis,
1053 5049 1079 5097 et
1093 5041 1117 5095 si
1129 5056 1185 5096 non
1212 5041 1331 5096 exterius
1353 5039 1499 5112 plangant,
1524 5037 1588 5110 quia
1609 5035 1782 5094 vocatioDe1

104 5142 105 5145 ’
134 5130 184 5187 sed
197 5131 248 5186 Dei
262 5130 453 5202 permittentis.
470 5133 511 5187 Ex
526 5147 556 5187 εε
570 5147 637 5204 ergo
661 5139 774 5202 possent
788 5133 932 5203 inimicari,
986 5146 1037 5201 qua
1052 5135 1131 5185 vocat
1144 5129 1178 5183 ad
1193 5127 1275 5184 fidem
1290 5135 1315 5184 et
1338 5128 1425 5194 dona,
1440 5127 1468 5181 id
1484 5135 1525 5182 est
1540 5125 1665 5182 remissio
1679 5139 1780 5224 pecca-

134 5219 207 5292 quod
222 5217 329 5290 proficit
343 5219 495 5292 Evangelio
506 5220 563 5276 Deo
578 5227 669 5276 utente
682 5220 763 5278 malis
776 5221 812 5278 ad
822 5222 933 5293 bonurn,
984 5226 1072 5276 torum
1086 5233 1166 5290 quam
1180 5224 1291 5289 praestat
1305 5217 1332 5271 in
1346 5215 1496 5287 baptismo,
1523 5223 1585 5272 ⁵¹¹¹ss
1608 5214 1666 5272 ⁵1³0
1688 5229 1780 5288 ΡΜ·

171 5396 243 5466 (333)
262 5398 421 5464 Augustum,
434 5399 470 5451 Ito
482 5397 551 5450 civit.
564 5398 616 5450 hai.
1020 5393 1091 5464 (334)
1110 5398 1173 5462 Aug.
1185 5397 1221 5448 lle
1233 5394 1349 5462 praedest.
1360 5396 1468 5449 mator.

169 5466 238 5536 (533)
254 5467 303 5536 ld,
313 5468 349 5521 lla
359 5465 475 5556 pradest.
487 5466 594 5519 sanctu.
