3906 6056
232 171 300 227 ttta
904 157 1005 220 PETRI
1020 157 1198 219 tottutttot
1809 161 1882 218 lidi

228 292 346 366 gretiam
359 297 521 363 apponente,
537 289 605 346 istos
631 304 698 346 vero
720 304 770 359 per
794 285 927 356 judicium
942 285 1025 342 dese·
1038 284 1153 356 Aquasi
1175 284 1268 342 dicat:
1294 283 1363 354 Quia
1389 284 1448 340 siue
1469 299 1552 342 causa
1575 301 1630 342 non
1659 263 1798 352 viderunt,
1826 283 1877 339 liat

117 365 125 378 ⁹
227 387 312 436 rente.
343 378 506 451 Quicunque
533 378 605 435 euim
644 393 706 434 cum
736 375 913 432 intellexisset
939 373 1025 429 noluit
1074 373 1114 429 eis
1129 389 1183 428 non
1198 374 1348 440 videre;ei
1365 374 1491 442 doraum,
1506 373 1534 429 id
1548 381 1590 430 est
1603 373 1721 430 liberum
1731 374 1874 430 arbitrium

226 470 348 535 credere,
365 469 393 524 id
408 468 490 524 debet
503 467 637 538 consequi
654 464 805 538 quodvult,
822 463 974 520 scilicetne
989 461 1023 517 de
1074 463 1147 533 quod
1162 462 1244 518 debet
1266 463 1336 534 erigi
1360 479 1478 530 sursum,
1494 479 1604 537 semper
1626 464 1755 531 incuruo,
1780 461 1809 516 id
1832 470 1876 517 est

226 566 326 614 caetero
340 557 425 630 possit
440 556 565 613 credere.
581 557 612 610 ln
626 554 767 610 voluntate
783 567 850 625 ergo
866 567 916 607 sua
939 549 1023 620 adjuti
1073 551 1193 622 peccatis
1206 567 1338 624 aggrava.
1354 550 1473 625 [Haimo]
1485 552 1558 608 Nota
1571 551 1644 624 quod
1655 552 1714 608 lrvec
1723 551 1807 606 verba
1818 565 1874 606 nou

224 653 296 715 sunt,
313 662 366 701 uon
382 644 505 700 immissa
519 643 632 711 malitia,
650 642 698 698 sed
713 641 858 697 deserente
882 639 977 713 gratia,
994 645 1023 694 ut
1072 639 1191 711 optantis
1205 647 1278 708 voto,
1295 640 1345 696 sed
1358 640 1532 712 predicantis
1545 638 1635 698 officio
1648 639 1786 697 dicuutur.

224 734 289 807 quia
304 734 422 791 scientes
437 749 532 790 vemm
542 732 664 788 dicerent
674 745 736 786 esse
747 729 856 796 falsum,
871 728 906 783 de
921 734 1022 784 caetero
1108 763 1192 818 vm·
1211 766 1254 832 ss,
1267 767 1310 820 η.
1321 784 1374 815 -‹
1389 763 1456 820 Dico
1471 779 1538 836 ergo
1555 781 1561 818 τ
1577 763 1706 836 quuid
1721 763 1761 820 sio
1784 761 1873 818 offen·

222 839 276 879 ⁰⁰¹¹
290 821 472 894 intelligerent
486 837 540 920 ((1.0
542 821 559 876 d
574 836 670 919 verim
685 826 736 884 ‘st'
754 825 781 916 et.
795 817 847 872 ¹¹⁰⁰
860 815 959 871 ‘nemi‘
979 814 1022 869 (η’
1073 873 1084 898 a
1106 851 1203 906 derunt
1217 859 1246 906 ut
1269 851 1423 907 caderent?
1446 851 1542 907 tositt
1568 851 1622 908 Sed
1640 851 1747 907 illomm
1768 852 1872 907 delicto

222 911 296 966 vidia
306 910 386 967 malm
398 910 553 966 voluntatis.
570 905 688 981 [Hermo]
702 909 765 962 Non
775 914 812 961 tta
827 913 916 960 autem
931 913 973 960 est
986 904 1020 959 de
1073 962 1084 988 α
1107 939 1180 994 salus
1195 939 1330 1013 gentibus,
1347 948 1376 994 ut
1391 939 1453 995 mos
1466 939 1635 996 aemulemur·
1652 938 1730 1008 Quod
1753 940 1777 994 si
1798 939 1871 994 deli·

222 999 276 1055 illis
291 999 337 1072 qui
353 1014 448 1055 errore
464 999 516 1054 hoc
530 1005 624 1070 agunt.
641 995 746 1051 Deinde
771 993 932 1050 auctoritate
944 993 1020 1048 Isaiae
1073 1049 1084 1077 Ι
1107 1037 1180 1084 ctum
1197 1044 1290 1084 comm
1305 1027 1406 1084 divitia}
1421 1035 1482 1083 sum
1496 1028 1600 1098 mundi,
1616 1027 1758 1083 diminutio
1773 1043 1869 1084 mmm

222 1087 321 1189 probat
334 1087 445 1188 ludaecs
460 1103 492 1141 ex
507 1094 582 1184 parte
596 1084 691 1183 ’luisse
719 1090 871 1183 excecatus
889 1080 1018 1184 dicens:
1073 1137 1084 1167 α
1105 1115 1205 1172 divium
1215 1116 1346 1188 gentium,
1357 1124 1458 1188 quanto
1469 1115 1558 1188 magis
1568 1116 1708 1187 plenitudo
1723 1131 1819 1172 mmm
1832 1121 1866 1172 9.

223 1178 302 1233 Srcui
312 1179 452 1248 scriptum
461 1179 503 1230 eat
511 1190 539 1228 m
550 1175 631 1240 lsara,
642 1173 706 1228 hcet
715 1179 740 1227 et
749 1171 809 1227 alrrs
820 1171 910 1226 verbis
921 1170 1018 1225 :Dedit

219 1265 281 1320 iilis
295 1257 373 1319 'enim
382 1265 455 1319 Deua
468 1262 603 1333 spiritum
618 1260 854 1334 compunctionis,
868 1258 895 1313 id
906 1265 948 1313 est
963 1273 1019 1311 ma·
1050 1279 1053 1284 ·
1104 1241 1171 1298 0000
1186 1257 1269 1313 erpo.-
1285 1238 1369 1310 (0000(
1380 1240 1454 1297 0000(
1466 1259 1472 1296 ³
1485 1239 1651 1298 (0000000
1661 1242 1867 1312 0000000000,

219 1351 286 1418 lum,
302 1351 329 1406 id
344 1358 385 1406 est
398 1349 522 1422 permisit
538 1365 585 1404 eos
601 1349 703 1404 habere
718 1346 1018 1417 malamcompunctio-
1069 1329 1132 1385 000
1155 1329 1264 1384 (00000
1290 1345 1352 1384 0000
1381 1336 1540 1386 00000000·
1569 1330 1628 1385 ((00
1655 1344 1722 1402 0080
1749 1329 1868 1386 0000000

220 1455 293 1496 nem.
310 1439 410 1494 llalam
421 1438 494 1494 enim
503 1437 739 1509 compunctionem
751 1435 795 1490 hio
806 1433 953 1507 significat,
966 1450 1018 1505 qua
1069 1417 1140 1486 000,
1158 1417 1275 1490 (000001
1289 1417 1317 1472 (0
1332 1426 1372 1473 00(
1387 1418 1479 1473 dicere
1494 1418 1589 1474 ((0000
1604 1425 1630 1473 0(
1649 1427 1770 1489 (000(00,
1795 1418 1868 1490 0000

222 1543 295 1599 saepe
311 1525 340 1581 lit
354 1535 383 1581 ut
397 1527 479 1583 etiam
494 1527 596 1581 bonurn
611 1525 645 1579 sit
660 1524 762 1580 homini
776 1523 931 1590 molestum,
948 1522 1017 1578 sicut
1068 1508 1110 1562 ((0
1125 1507 1313 1576 0000000000
1326 1510 1368 1576 ut,
1380 1522 1435 1561 000
1445 1514 1556 1574 (00(000,
1567 1507 1701 1563 0000000(
1711 1507 1770 1562 000
1786 1523 1867 1578 re1³³·

218 1615 362 1672 rnansaeis
400 1614 561 1686 displicebat
596 1613 717 1670 doctrina
745 1612 855 1668 aaran.
888 1611 1016 1682 spiritum
1034 1595 1346 1700 Branoneeiuunate.
1363 1595 1553 1667 sennenque
1575 1595 1676 1667 putatis
1699 1596 1773 1669 quon
1794 1595 1866 1652 irre·

220 1722 288 1778 ergo
316 1703 531 1776 compunctionis
554 1702 672 1774 appellat
694 1709 812 1756 mentem
840 1700 1017 1768 invidentem,
1069 1683 1271 1754 cuperabiliter,
1302 1683 1360 1738 sine
1387 1683 1500 1740 utilitate
1526 1684 1683 1754 ceciderint,
1713 1684 1778 1756 quia
1805 1685 1868 1742 dico

219 1811 272 1866 qua
300 1793 454 1849 inviderunt
481 1790 611 1847 doctrinae
650 1789 751 1845 Christi
781 1797 807 1845 et
844 1787 925 1842 saluti
948 1803 1018 1858 gen·
1068 1781 1219 1828 0000000(θο
1238 1772 1396 1829 00000000
1416 1772 1635 1843 0000000000(
1657 1773 1715 1828 ((00
1737 1781 1765 1828 0(
1787 1789 1867 1828 00000

220 1883 297 1938 tium.
314 1882 394 1938 Dedit
409 1880 501 1946 etiam,
518 1880 622 1946 ocutos,
638 1878 667 1934 id
682 1885 723 1934 est
738 1878 880 1943 rationem,
893 1891 955 1948 quae
968 1892 1019 1946 per
1068 1875 1163 1915 00000(
1174 1861 1287 1933 000000(
1301 1867 1328 1915 0(
1340 1867 1455 1932 000000(
1469 1859 1584 1929 000000,
1601 1875 1635 1915 00
1650 1860 1796 1932 (10(00000
1815 1861 1867 1916 00·

221 1987 250 2026 se
264 1969 357 2026 videre
372 1976 470 2041 potest,
487 1968 536 2024 sed
548 1967 600 2039 ipsi
611 1966 765 2033 dehabent,
776 1969 809 2021 ut
820 1981 876 2021 non
893 1965 1016 2029 uideant,
1068 1948 1163 2020 spiciat
1179 1965 1236 2004 000·
1253 1947 1381 2020 (0000000
1397 1947 1469 2004 0000
1484 1948 1524 2004 000
1538 1947 1720 2016 00000000(
1736 1957 1765 2004 0(
1783 1949 1867 2005 (000(-

219 2075 271 2131 pe„
285 2075 324 2126 se,
340 2061 369 2115 pt
390 2074 483 2125 aures,
500 2057 527 2111 id
543 2063 584 2111 esp
594 2055 738 2122 rationem,
755 2069 815 2126 φρ
828 2052 882 2108 2150
903 2053 1018 2107 docente
1067 2037 1129 2093 liter
1143 2036 1187 2094 vel
1201 2037 1450 2108 irrecuperabiliter
1464 2037 1593 2093 caderent
1603 2038 1618 2092 ‘l
1628 2039 1704 2095 Absit
1714 2045 1724 2094 t
1735 2039 1770 2094 Ut
1785 2037 1868 2092 inuti-

218 2146 353 2218 tneutgu,
372 2145 421 2202 sen
446 2145 498 2217 ipsi
512 2144 549 2200 na
575 2145 684 2212 annena,
700 2147 732 2198 ui
760 2141 1018 2199 aasumensi
1067 2124 1101 2180 ns
1116 2125 1150 2179 sn
1164 2140 1246 2181 casus
1261 2141 1367 2191 eorum.
1389 2125 1438 2181 sed
1453 2124 1542 2197 adius
1561 2124 1643 2190 000,
1664 2125 1726 2198 qua
1749 2127 1866 2182 ittonam

218 2244 260 2292 est
275 2251 372 2291 seusus
390 2252 396 2289 :
413 2234 555 2290 Rationem
572 2231 611 2288 eis
626 2231 710 2298 dedit,
726 2247 780 2302 qua
794 2238 886 2286 tamen
901 2245 952 2286 nec
969 2243 1018 2299 per
1066 2213 1179 2282 00000,
1205 2230 1259 2286 quo
1278 2213 1344 2270 (000(
1367 2214 1454 2269 Deum
1477 2213 1645 2277 00000000(
1676 2212 1866 2287 [0080000051

218 2340 248 2381 se
263 2323 416 2395 intelligunt
432 2339 493 2394 quae
507 2337 557 2394 per
572 2337 602 2376 se
615 2327 729 2392 possent
744 2319 896 2392 intelligere
911 2317 934 2372 si
959 2316 1016 2373 vel·
1066 2301 1109 2358 00(
1124 2302 1236 2358 0000000
1247 2303 1415 2372 repulerunt,
1433 2303 1510 2358 00000
1524 2299 1594 2357 (000(
1609 2308 1650 2357 00(
1666 2303 1813 2372 90000οῧ
1831 2303 1865 2356 00

218 2414 346 2480 lent,ueo
356 2412 408 2468 alio
418 2411 533 2466 docente
544 2409 709 2482 intelligunt,
723 2424 784 2479 quae
794 2423 843 2478 per
857 2407 1016 2477 aliumpos-
1066 2405 1135 2462 0000
1150 2390 1251 2446 000000
1266 2389 1367 2446 (000000
1382 2389 1497 2461 000000
1511 2390 1634 2446 0000000(
1649 2398 1720 2456 sunt,
1736 2407 1770 2445 0(
1794 2407 1865 2462 quc-

218 2509 279 2557 aent
294 2499 375 2557 scire.
388 2500 452 2556 llaec
467 2507 663 2554 autemeorum
674 2496 877 2560 caecitasdurat,
890 2495 1016 2566 usquein
1066 2495 1127 2534 (000
1141 2494 1209 2535 (000
1223 2478 1251 2532 (0
1276 2477 1389 2534 000000
1417 2477 1604 2550 0000000000(
1631 2477 1730 2534 00000(
1756 2479 1792 2533 00
1814 2480 1864 2534 (0·

218 2589 387 2646 nouat-aum
399 2587 484 2654 taem,
499 2587 527 2641 u
542 2583 821 2656 estquandtupotertt
833 2583 887 2639 utet
902 2581 1015 2638 horter·
1065 2567 1163 2623 deos:
1188 2567 1417 2638 interemistis
1429 2567 1541 2623 vertam
1557 2568 1617 2634 Det.
1638 2583 1700 2623 ecce
1720 2569 1862 2623 contreni-

217 2692 269 2731 nus
283 2675 352 2740 dies,
368 2674 452 2730 idest
467 2689 554 2745 usque
569 2673 597 2727 iu
616 2679 779 2744 presentem
793 2671 865 2725 diem
893 2670 1015 2725 omnium
1064 2656 1175 2712 mered
1185 2659 1283 2728 00000(
1298 2655 1371 2727 (00(
1387 2657 1459 2725 (00)·
1472 2655 1506 2709 (0(
1528 2654 1565 2710 ((0
1589 2671 1622 2710 0(
1645 2670 1740 2711 000000
1765 2655 1862 2711 delicto

217 2763 253 2820 ad
269 2779 337 2835 quos
351 2762 405 2819 hoc
419 2761 551 2833 scriptum
565 2760 714 2832 perveniet.
736 2758 841 2814 Deinde
870 2757 1014 2813 autoritate
1064 2760 1118 2815 000
1133 2743 1292 2816 repulerunt
1315 2743 1434 2799 (000000
1455 2741 1505 2798 (00
1528 2742 1602 2799 0οῙ00
1624 2743 1763 2816 8000000·
1788 2745 1861 2814 (325)

218 2850 361 2923 Prophetae
373 2849 446 2906 idem
460 2848 603 2906 confirmat
614 2847 735 2903 subdens
751 2864 758 2901 z
774 2849 810 2902 lit
821 2845 909 2902 Dauid
923 2845 1014 2902 dicit:
1063 2831 1124 2887 Fuit
1138 2832 1218 2888 00000
1234 2849 1267 2888 00
1291 2831 1390 2889 00000
1413 2848 1466 2904 000
1490 2833 1582 2904 (00000
1605 2833 1766 2888 00000000(
1789 2833 1862 2888 00000

216 2942 312 2998 llam
326 2956 433 3004 corum,
451 2938 530 2997 idest
543 2935 645 2992 malitia
661 2951 743 3009 quarn
758 2934 824 2990 mibi
848 2933 1011 3000 obtulerunt,
1063 2921 1200 2993 8000000,
1220 2921 1284 2976 0000
1307 2919 1401 2987 (0000,
1427 2935 1476 2992 000
1496 2927 1609 2992 0000000
1635 2921 1729 2976 mortis
1764 2921 1863 2976 Christi

216 3043 299 3102 quam
313 3027 412 3084 dicitur
426 3026 521 3092 fuisse,
531 3041 626 3081 coram
645 3026 725 3098 ipsis.
755 3021 819 3095 quia
843 3022 1013 3094 iniquitatem
1028 2996 1169 3076 Gvastati,
1185 3008 1319 3066 infelicius
1334 3009 1499 3078 00000000,
1516 3018 1543 3065 0(
1557 3007 1636 3066 0000(
1651 3025 1700 3080 000
1718 3009 1860 3074 (0000000,

216 3122 499 3185 novemnt,ettamen
512 3113 587 3169 inea
611 3111 802 3184 prestiterunt,
818 3111 870 3181 piot
888 3111 958 3184 ipsis
980 3113 1013 3166 ι’,ι
1062 3097 1268 3170 funditusquea
1291 3113 1340 3153 suo
1362 3112 1450 3171 reguo
1471 3097 1601 3154 eradicati
1625 3097 1652 3152 iu
1675 3098 1863 3154 testimouium

217 3207 370 3279 laqueum:
386 3202 464 3275 quasi
479 3202 553 3258 dicat
569 3219 576 3256 :
592 3201 668 3257 Sicut
690 3200 796 3272 seipsos
825 3207 932 3256 acetum
946 3198 1012 3254 mihi
1062 3195 1134 3254 0000,
1160 3203 1216 3242 000
1239 3185 1317 3243 ((0000
1338 3185 1373 3242 00
1397 3185 1504 3242 Christo
1522 3202 1584 3242 esse
1607 3187 1768 3258 prophetias
1794 3203 1861 3260 quas

214 3292 380 3358 obtulerunt,
407 3291 447 3347 sic
470 3289 515 3344 siat
536 3289 598 3356 illis,
615 3289 673 3361 ipsa
701 3288 830 3360 iniquitas
844 3287 967 3358 laqueus,
984 3291 1013 3340 ut
1061 3275 1178 3347 apostoli
1193 3275 1320 3347 gentibus
1334 3274 1369 3330 de
1384 3275 1492 3330 Christo
1507 3283 1700 3347 exposuerunt,
1727 3277 1761 3332 t't
1786 3275 1859 3330 iilos:

216 3395 265 3437 eos
279 3377 428 3452 impediat;
445 3382 474 3434 et
484 3379 695 3450 inceptionem.
712 3383 799 3431 uteos
814 3381 923 3441 teneat;
938 3378 967 3430 et
980 3375 1011 3429 ι’,ι
1061 3361 1145 3432 Quasi
1160 3363 1231 3419 dicat
1248 3378 1254 3417 ε
1271 3363 1350 3419 Salus
1364 3362 1435 3419 lacta
1449 3371 1489 3418 est
1513 3362 1650 3436 gentibus,
1671 3363 1706 3418 ita
1724 3371 1753 3417 ut
1775 3362 1861 3417 Judaei

213 3467 382 3526 scandalum
391 3471 420 3523 et
432 3468 463 3522 in
473 3467 700 3532 retributionem,
711 3464 739 3520 id
749 3471 790 3520 est
799 3463 833 3518 sit
843 3477 924 3520 causa
935 3477 1012 3518 scau·
1061 3451 1118 3507 000
1134 3451 1204 3523 ledis
1219 3458 1245 3507 0(
1260 3458 1376 3523 000000,
1393 3452 1566 3508 0000000(οΐ
1580 3451 1651 3518 illos,
1667 3449 1695 3506 (0
1710 3460 1751 3506 est
1767 3451 1859 3524 genti-

211 3555 266 3613 dali
280 3564 306 3611 et
322 3571 411 3628 poenae
425 3562 544 3610 aetemae.
561 3553 610 3610 Vel
623 3560 831 3609 mensamvocat
842 3550 1011 3620 scripturam
1060 3539 1111 3604 les,
1122 3539 1150 3594 id
1165 3547 1206 3594 est
1219 3539 1358 3596 invideant
1378 3540 1427 3606 eis,
1449 3555 1551 3611 eosque
1574 3539 1636 3596 odio
1660 3539 1786 3595 habeant.
1811 3539 1860 3594 l'el

211 3652 343 3713 sanctam,
355 3644 402 3700 ubi
412 3642 532 3699 fidelium
547 3641 645 3698 animae
660 3640 793 3712 spirituali
808 3639 871 3696 cibo
886 3635 1010 3694 reficiun·
1058 3627 1087 3682 (0
1102 3627 1174 3683 ((000
1189 3635 1278 3699 0000(
1293 3628 1379 3701 accipi
1394 3627 1442 3696 0(0,
1468 3628 1545 3701 (1000(
1571 3627 1643 3684 0(00(
1658 3644 1665 3684 t
1688 3627 1764 3684 00(ϋο
1789 3626 1860 3684 facit

210 3741 256 3790 tur
269 3742 296 3789 et
311 3733 482 3806 saginantur.
502 3731 590 3787 ludaei
603 3746 668 3786 vero
681 3727 1005 3801 delittemlegispraesu·
1060 3723 1101 3771 00(
1116 3715 1252 3790 8000000,
1267 3715 1306 3771 ((0
1327 3724 1355 3772 0(
1378 3715 1465 3771 (000(
1489 3715 1659 3787 multifluis·
1684 3716 1711 3770 (0
1734 3725 1777 3772 00(
1799 3716 1860 3770 (00(

209 3829 317 3878 mentes
331 3829 358 3878 et
376 3819 543 3893 spiritualem
572 3817 780 3890 intelligentiam
805 3823 1009 3873 contemnentes
1059 3803 1230 3874 (00000000,
1247 3804 1275 3860 (0
1290 3813 1331 3862 00(
1352 3803 1478 3876 8000000·
1501 3805 1560 3861 ((00
1583 3821 1656 3878 0000
1678 3803 1782 3863 (000000
1806 3814 1857 3870 000,

210 3909 245 3966 ad
260 3924 384 3966 mensum
403 3909 500 3964 sedent
514 3906 677 3964 esurientes.
698 3907 839 3978 llaecergo
863 3919 968 3968 mensa,
981 3903 1009 3959 id
1058 3899 1085 3947 0(
1098 3891 1258 3963 10000000(
1274 3892 1301 3946 (0
1326 3891 1380 3949 ((00
1403 3893 1507 3959 000000,
1533 3893 1643 3965 000000
1665 3893 1752 3949 (000(
1776 3893 1859 3948 Chri·

210 4007 251 4054 est
275 3997 417 4070 Scriptura
445 4012 534 4066 sacra,
564 4011 668 4065 corum,
685 3993 767 4050 idest
782 3993 821 4049 eis
849 4001 912 4049 ante
940 3991 1008 4047 elios
1058 3981 1160 4036 000000
1175 3988 1322 4052 sequentur
1345 3981 1373 4035 in
1390 3979 1443 4036 ((00
1467 3981 1575 4036 Christi·
1600 3983 1674 4038 Tune
1693 3981 1768 4037 enim
1796 3997 1860 4038 me-

208 4086 309 4152 οὴιαια,
336 4100 431 4142 comm
455 4085 525 4157 ipsis
538 4124 546 4153 ‚
579 4081 789 4155 mundiciam,
815 4081 878 4155 quia
906 4080 935 4135 in
949 4079 1008 4149 ejus
1056 4069 1191 4124 nusllosi
1206 4069 1377 4126 revocabitur
1391 4069 1418 4124 iu
1434 4069 1531 4136 sinum,
1561 4078 1624 4128 tunc
1646 4071 1737 4126 lloses
1761 4081 1859 4128 nonar
1916 4066 1918 4079 ¹

209 4172 363 4231 carnalibus
377 4172 560 4228 observantiis
578 4171 755 4228 delectantur.
773 4171 822 4227 Vel
849 4185 942 4227 coram
967 4167 1007 4224 eis
1056 4165 1209 4215 revelletur
1222 4157 1257 4214 td
1271 4166 1386 4214 matrem
1402 4166 1428 4214 el
1442 4159 1476 4214 ed
1490 4157 1596 4215 fratres.
1612 4160 1704 4216 Potest
1718 4159 1802 4215 etiam
1821 4161 1858 4216 sic

209 4263 271 4319 ideo
286 4261 375 4334 posita
390 4260 499 4326 dicitur,
514 4260 579 4333 quia
593 4261 617 4316 si
632 4259 731 4315 rationi
742 4259 842 4315 vellent
862 4258 1007 4314 intendere
1056 4246 1181 4320 intelligi,
1198 4247 1274 4319 0000(
1296 4247 1389 4303 ((0οῑ0
1418 4247 1498 4304 Salus
1522 4247 1572 4303 00(
1599 4247 1735 4322 8000000,
1764 4247 1802 4304 ((0
1831 4259 1859 4304 ut

208 4347 491 4424 possentintelligere.
508 4349 582 4416 Haec,
608 4347 737 4421 iuquam,
767 4363 861 4403 mensa
888 4345 933 4401 frat
952 4343 1154 4417 illingeutes
1168 4335 1329 4392 emulantur
1344 4334 1415 4402 illos,
1444 4335 1472 4391 id
1501 4343 1542 4393 est
1568 4335 1706 4392 imitentur
1732 4335 1807 4407 illos,
1831 4337 1857 4392 itl

209 4441 237 4496 iu
252 4439 391 4512 laqueum.
408 4438 548 4510 Scriptura
561 4437 634 4494 euim
656 4453 716 4510 que
738 4436 950 4510 intelligentibus
965 4442 1007 4491 est
1057 4431 1098 4478 00(
1110 4424 1230 4494 (000000,
1246 4431 1276 4479 0(
1289 4423 1400 4480 000000(
1414 4423 1484 4481 ((00(
1499 4432 1525 4482 0(
1539 4423 1591 4497 (00(
1614 4425 1773 4482 00000000(
1797 4426 1854 4494 (00,

211 4527 289 4600 panis
304 4526 460 4584 relectionis
483 4527 609 4599 illaqueat
623 4527 687 4582 dum
702 4524 772 4581 male
795 4524 964 4598 intelligitur,
980 4531 1007 4580 et
1056 4519 1192 4584 uigentes
1206 4511 1378 4578 aemulentur,
1402 4511 1430 4567 id
1454 4519 1495 4568 est
1518 4512 1568 4568 Dei
1590 4513 1761 4570 emulatione
1783 4515 1856 4570 ciret

211 4624 358 4688 propterea
373 4614 532 4688 predicatio
547 4615 645 4671 Christi
663 4613 809 4686 respuitur.
821 4614 855 4668 lit
868 4611 914 4668 fiat
928 4612 968 4669 eis
978 4611 1007 4667 iu
1057 4616 1139 4672 00000
1166 4601 1321 4657 Judaeorum
1350 4600 1422 4658 malt
1443 4609 1611 4658 moveantur.
1635 4603 1710 4672 Qvod
1733 4605 1760 4659 si
1783 4603 1855 4659 deii-

213 4704 293 4761 52
309 4705 461 4776 captionem
477 4711 505 4759 et
518 4703 677 4759 scandalum
692 4710 718 4758 et
738 4700 952 4757 retributionem.
973 4702 1007 4757 Et
1057 4693 1145 4746 00000·
1162 4689 1232 4760 Dixi,
1249 4689 1375 4746 0000000
1396 4690 1551 4746 (00000000
1576 4691 1718 4762 00000000,
1745 4691 1854 4764 00000(

211 4792 249 4849 ita
258 4793 329 4849 lacta
345 4792 501 4848 estludaeis.
514 4791 573 4847 Fuit
587 4789 847 4862 enimeisScriptura
862 4789 933 4863 legis
947 4804 1008 4846 cau·
1057 4785 1108 4844 000,
1124 4777 1212 4852 meeis
1227 4794 1322 4834 eorum
1337 4779 1479 4835 conversio
1506 4779 1648 4851 pmderit;
1677 4785 1704 4835 et
1731 4780 1785 4836 hoe
1817 4787 1855 4836 est

212 4898 242 4937 sa
257 4879 436 4953 captivitatis,
452 4881 517 4935 dum
531 4881 589 4935 zelo
604 4879 662 4948 ejus
677 4877 815 4934 Christum
837 4878 1004 4944 occidcmnt,
1056 4867 1130 4940 qt¹⁰d
1158 4866 1205 4922 til·
1221 4865 1305 4936 Quasi
1342 4866 1433 4923 dieat:
1462 4867 1566 4925 Delicto
1589 4883 1684 4923 eorum
1712 4867 1789 4923 salus
1816 4877 1856 4923 est

211 4978 239 5026 et
261 4970 308 5026 illa
322 4969 475 5041 captivitate
489 4967 538 5023 luit
554 4967 593 5024 eis
608 4983 693 5024 causa
716 4966 839 5024 scandali
853 4974 879 5022 et
907 4981 1006 5039 oppro-
1057 4955 1196 5028 tentibus·
1209 4953 1398 5028 [Auffusfissllsl
1411 4954 1495 5023 Quod,
1508 4955 1535 5012 (0
1546 4963 1587 5012 00(
1603 4956 1662 5023 sed,
1674 4957 1699 5012 tt'
1716 4955 1854 5014 delictam
1907 4959 1908 4964 ’

213 5059 276 5128 brii,
293 5066 320 5114 et
334 5065 396 5129 post
410 5057 462 5113 erit
489 5072 572 5114 causa
599 5064 708 5113 aetemae
734 5055 1007 5128 damnationisque
1056 5060 1167 5112 000000,
1181 5059 1236 5116 000
1250 5043 1387 5100 Christum
1400 5044 1557 5101 00οἰ00000(
1570 5043 1614 5102 vel
1636 5043 1748 5102 verbum
1772 5061 1854 5117 tepu-

212 5147 366 5220 specialiter
392 5145 532 5202 retributio
561 5145 668 5203 dicitur.
701 5144 891 5202 liberarentur
931 5144 1008 5201 oculi
1056 5131 1155 5202 (0000(
1184 5129 1366 5206 [Ambrosius
1389 5131 1496 5207 00000]
1520 5133 1626 5190 00)((00
1641 5137 1709 5189 (00(
1741 5133 1853 5200 000000,

211 5251 319 5304 eorum,
328 5235 408 5292 idest
422 5235 492 5292 ratio
503 5234 655 5310 queritat,
664 5249 700 5291 ne
714 5233 828 5291 videam
838 5249 868 5288 se
878 5247 1006 5306 peccare,
1055 5220 1084 5276 (0
1111 5229 1154 5278 00(
1179 5220 1203 5276 0(
1230 5237 1327 5279 torum
1355 5221 1452 5280 delicto
1481 5221 1580 5279 dilatus
1621 5229 1662 5279 est
1697 5222 1819 5278 mundus
1846 5241 1853 5278 :

246 5413 318 5481 (tte)
337 5417 494 5480 augustinus,
506 5416 541 5467 De
551 5413 628 5477 ludio.
641 5413 695 5464 Det.
