3870 6064
181 206 235 264 ili

184 348 197 381 ι
214 326 312 384 exaudi
324 341 376 384 nos
389 325 418 384 in
432 325 477 384 die
491 341 546 400 qua
558 325 780 384 invocaverimus
791 335 829 384 te.
849 350 860 377 t

216 416 343 472 Domine.
360 414 410 472 liic
420 422 463 470 εει
476 414 616 472 conclusio
626 413 734 486 psalmi.
746 416 781 472 Et
797 416 861 489 quia
871 415 912 471 sic
921 413 982 484 erit,

180 504 210 560 id
233 511 274 560 est
297 503 362 577 quie
383 503 460 560 salvo
483 518 550 577 rege
572 502 640 560 salvi
658 503 770 570 erimus,
795 520 871 576 ergo,
888 519 905 562 o
924 504 983 560 Ilo-

180 591 265 660 miue,
281 594 392 650 solvunt
406 595 555 665 [cerepum
569 591 714 662 Christum,
730 592 825 666 [hup]
834 600 862 649 ut
876 592 922 665 qui
935 607 984 664 pa-

181 680 273 737 tiendo
297 679 451 751 exemplum
473 680 615 752 preliandi
637 681 718 736 nobis
740 681 825 750 dedit,
845 679 942 737 offerat
957 688 984 736 et

181 767 318 826 munitiola
340 777 435 824 nostra
454 769 584 826 sacerdos
607 768 769 824 excitatuse
789 776 887 836 morte,
908 776 935 825 et
955 769 983 824 in

181 856 252 914 coelo
276 857 447 914 constitutus.
472 857 508 912 Et
528 873 561 914 eo
580 857 638 926 iam
662 873 712 928 pro
737 856 817 912 nobis
842 855 980 923 offerente,

181 945 261 1018 quusi
274 961 324 1017 per
333 961 395 1003 eum
408 947 570 1002 advocatum
580 945 688 1002 ennodi
702 962 753 1002 nor
767 947 800 1001 in
811 946 856 1002 die
870 961 925 1019 qua
940 947 982 1001 in·

180 1035 370 1092 uocauerimus
382 1038 419 1100 te,
431 1034 459 1088 id
474 1042 515 1090 εει
526 1049 580 1107 qua
590 1049 654 1090 vere
669 1032 807 1091 credimus
821 1049 884 1090 eam
894 1050 982 1091 resur·

180 1122 283 1178 rexisse
300 1140 307 1176 ι
324 1122 454 1194 quiahoc
468 1139 533 1180 vere
548 1129 590 1178 est
604 1123 743 1180 invocare.

180 1251 314 1294 commo
329 1253 360 1294 {N
373 1252 502 1294 esbum
521 1253 574 1293 xlx
591 1256 598 1293 :
617 1259 628 1289 ι
645 1251 788 1294 axaubmn·
802 1253 838 1294 ΤΕ
856 1253 980 1296 uomitus

394 1323 425 1364 IN
439 1324 486 1364 DIE
501 1323 724 1365 mahumeticum.
745 1329 757 1360 Ι

216 1406 303 1460 Vnus.
320 1409 347 1462 3.
364 1435 398 1446 -
411 1407 612 1464 Ηειοεαιιειιιιιι
627 1409 710 1462 tuum
744 1407 828 1479 inpue
842 1407 905 1475 fiat.
922 1407 980 1461 De-

180 1473 267 1530 miror
282 1477 459 1532 vehementer
474 1493 521 1533 cur
540 1479 704 1542 lllunsterus,
721 1423 843 1546 inactus,
857 1477 979 1532 Nebien-

178 1545 226 1612 sis,
242 1545 390 1612 Protensis,
407 1554 433 1602 ει
448 1546 611 1617 interpretes
620 1562 672 1618 pro
687 1547 827 1616 Caietano,
844 1547 981 1604 volueriut

177 1623 294 1686 vertere,
305 1617 502 1675 holoeemtum
513 1622 595 1674 tuum
610 1618 762 1684 incineret,
775 1625 801 1674 et
812 1619 835 1674 si
844 1635 923 1673 suum
934 1620 979 1673 ha-

176 1685 242 1741 beat
263 1703 385 1754 sensum,
411 1703 474 1744 oum
497 1688 570 1760 apud
588 1688 672 1745 Hebr.
694 1689 803 1744 nemine
824 1686 1021 1762 refragenteB

178 1765 240 1846 litii
254 1772 361 1812 oasssrv
384 1757 519 1829 significet
542 1767 685 1830 utrumque
708 1767 735 1814 et
747 1759 936 1831 pinguescere,
951 1767 979 1815 ει

177 1844 340 1910 incinerare,
366 1845 447 1900 etiam
461 1846 484 1899 si
499 1845 534 1900 sit
547 1846 575 1900 in
589 1847 781 1918 conjugatione
802 1847 857 1917 piel
870 1864 978 1903 nuncu-

176 1921 249 1986 pata.
264 1915 299 1970 lit
314 1916 396 1982 Lxx,
414 1915 523 1972 Hieron.
541 1915 694 1984 Chaldaeus,
712 1917 873 1984 Pellicanus,
895 1919 977 1973 Cam-

175 1984 280 2056 pensis,
304 1994 468 2056 aeceperunt
490 1987 541 2041 sub
564 1985 646 2057 priori
668 1986 829 2060 significatu.
847 1988 876 2043 Si
890 1988 977 2044 inter-

176 2064 268 2127 ριειεε
283 2058 440 2126 posuissent
453 2059 603 2123 incineret,
616 2073 712 2113 vereor
726 2066 801 2114 certe
815 2074 850 2114 ne
864 2059 902 2112 illi
916 2075 979 2114 ver-

176 2125 273 2182 tissent
284 2129 390 2200 pinque
404 2129 464 2196 fiat,
481 2144 516 2183 ue
537 2127 627 2184 dicam
641 2129 714 2201 quod
729 2136 860 2200 spernant
880 2128 977 2186 lectio-

176 2212 239 2252 nem
254 2197 478 2254 ecclesiasticam.

212 2285 298 2342 Vnus.
309 2287 334 2340 5.
347 2318 381 2327 -
391 2288 424 2342 ln
433 2288 548 2344 nomine
557 2288 610 2343 Dei
619 2288 711 2344 nostri
718 2287 976 2360 mapnihcohimur.

176 2354 298 2424 Hieron,
310 2357 446 2414 ducemur
460 2359 566 2415 ehcrcr.
579 2357 631 2413 dlii
647 2357 822 2433 transierant,
838 2361 976 2430 eripemus

128 2455 133 2466 ¹
176 2446 372 2512 vestitumvel
385 2447 632 2520 triumphabimus.
645 2431 696 2508 ‘mn
705 2459 797 2501 onear.
807 2448 879 2517 apud
890 2447 974 2502 llehr.

176 2514 311 2586 significet
335 2519 441 2590 urique
463 2518 613 2574 vexilium.
639 2519 722 2574 Porro
736 2518 763 2573 in
785 2517 913 2574 confesso
935 2527 976 2574 εει

172 2585 337 2657 interpretes
351 2588 391 2644 sic
405 2589 557 2659 accepisse,
573 2596 602 2643 ut
618 2595 861 2660 transponerentur
878 2589 976 2646 litterae

175 2687 268 2728 eluat.
278 2659 537 2748 ιιιιιιιιιριιιρῖειιιιιε
551 2681 603 2733 cst.
629 2677 660 2730 ln
674 2675 763 2732 tuturo
777 2662 844 2738 bru
860 2693 973 2744 aranon,

175 2746 430 2816 mapnifieebimur.
447 2747 504 2802 Nec
518 2755 651 2818 praeterea
664 2747 746 2818 longe
766 2755 827 2802 sunt
837 2763 853 2802 a
863 2764 903 2815 se,
919 2751 975 2804 eri-

173 2831 240 2942 m
254 2817 402 2944 termium
415 2825 441 2872 et
449 2817 636 2890 mapnifienre
654 2833 702 2873 seu
719 2817 906 2890 triumphare,
924 2819 975 2876 du-

208 2974 294 3031 Vnas.
311 2979 338 3030 8.
353 3007 388 3019 -
403 2977 456 3036 Nos
467 2981 564 3034 autern
582 2977 613 3033 in
623 2977 738 3035 nemine
753 2977 803 3033 Dei
817 2979 910 3035 nostri
925 2979 973 3034 in-

874 205 978 266 rarat
991 205 1171 266 bomanel

993 330 1201 394 Auocabimur.
1217 331 1414 389 uenarum
1427 341 1501 394 moth
1522 339 1603 390 sonat
1617 332 1652 390 ed
1665 332 1856 390 litterature-

1785 208 1863 266 220

1032 401 1220 468 cordebimur,
1232 418 1281 458 seu
1289 404 1428 474 sociemus
1439 403 1591 460 recordari.
1604 402 1658 460 Sed
1671 402 1853 474 interpretes

1032 472 1258 544 intetltpentinm
1272 473 1460 528 reddiderunt.
1472 474 1543 530 Nam
1558 489 1611 546 quo
1622 481 1701 546 pacto
1715 474 1851 530 nominis

1032 541 1082 596 Dei
1097 542 1308 608 recordabimur,
1325 542 1379 597 nisi
1392 542 1509 615 idipsum
1533 544 1685 601 invocando
1701 544 1728 600 in
1743 544 1848 599 tribu-

1032 611 1198 668 lationibus?
1213 614 1282 670 ilinc
1294 613 1538 682 Nebiensisvertit,
1554 615 1662 682 Thiara,
1682 631 1844 688 petemus.

1067 729 1153 784 Vnus.
1166 723 1209 784 lo.
1225 759 1260 770 -
1274 731 1391 785 Domine
1401 732 1512 786 salvum
1521 732 1568 801 sac
1583 747 1686 802 nepem.
1703 729 1733 785 ln
1744 731 1839 785 llebr.

1031 797 1166 854 distinctio
1176 799 1291 854 membri
1301 800 1445 871 poniturio
1464 801 1548 856 verbo
1559 803 1606 872 sae
1633 810 1747 865 ιιιιιιιιιι
1761 815 1843 855 ιιοε-

1031 883 1105 934 cart,
1118 877 1147 924 ut
1161 870 1259 926 detine
1275 887 1321 926 rex
1335 871 1494 926 nominandi
1509 887 1574 928 casu
1588 871 1738 927 ordinetur.
1756 871 1843 927 LXX

1031 955 1122 995 secus.
1147 941 1201 996 Sed
1210 941 1237 995 in
1252 941 1334 998 liebr.
1359 958 1393 996 ne
1415 942 1538 1022 protinus
1557 940 1692 1014 colhges,
1711 942 1784 1014 quod
1806 940 1840 996 si

1031 1010 1144 1066 membri
1160 1011 1269 1084 signum
1284 1019 1401 1083 ponatur
1414 1029 1442 1065 ιιι
1457 1011 1558 1078 verbis,
1580 1013 1676 1068 debeat
1691 1019 1717 1068 ει
1735 1011 1838 1067 itidem

1029 1080 1057 1135 in
1072 1081 1132 1150 ipsa
1146 1080 1204 1136 fieri
1224 1083 1367 1138 sententia.
1383 1083 1454 1137 Nam
1474 1083 1544 1154 psal.
1562 1097 1614 1138 xm
1629 1101 1636 1138 ε
1654 1085 1771 1139 Factum
1787 1085 1838 1138 est

1030 1167 1078 1207 eor
1087 1168 1183 1208 meum
1194 1157 1331 1226 tanquam
1340 1169 1406 1210 eero
1417 1154 1582 1226 liquescens,
1594 1153 1735 1224 poniturin
1745 1153 1835 1207 Hebr.

1029 1221 1165 1278 distinctio
1187 1223 1303 1278 membri
1331 1224 1425 1295 magni
1448 1223 1497 1290 sic,
1515 1236 1575 1284 nvn:
1589 1234 1667 1286 mvn
1682 1237 1840 1279 marauna

1029 1305 1133 1364 ιιιιιιιε,
1148 1300 1176 1348 ει
1190 1301 1280 1351 ιειιιειι
1294 1309 1350 1349 non
1365 1301 1407 1349 est
1425 1294 1619 1366 suspendenda
1632 1294 1713 1351 lectio
1727 1293 1755 1348 in
1768 1309 1839 1365 par-

1029 1361 1110 1418 ticula
1134 1378 1209 1432 cere,
1233 1363 1282 1419 sed
1306 1365 1475 1421 continenter
1496 1364 1653 1436 legendum,
1676 1364 1699 1419 si
1717 1364 1835 1420 Hieron.

1029 1433 1195 1490 assentimur
1217 1433 1400 1502 transferenti,
1425 1440 1562 1509 tunquam
1576 1451 1641 1492 ecre
1663 1435 1833 1508 liquefacta,

1029 1503 1064 1558 ob
1079 1503 1107 1559 id
1122 1504 1149 1559 in
1166 1506 1291 1576 presenti
1312 1506 1372 1562 loeo
1386 1512 1503 1577 utraque
1516 1505 1597 1562 lectio
1621 1511 1711 1576 potest
1725 1505 1835 1560 habere

1029 1589 1106 1629 suum
1121 1591 1232 1631 sensam
1247 1585 1273 1632 et
1288 1591 1366 1632 suam
1380 1576 1523 1632 notionem.
1540 1579 1575 1632 dt
1589 1575 1676 1632 Faber
1691 1583 1719 1632 et
1732 1575 1835 1632 Caecus

1029 1645 1195 1701 arbitrantur
1209 1654 1329 1702 nostram
1353 1647 1498 1704 lectionem
1512 1663 1575 1703 esse
1598 1646 1675 1719 quasi
1698 1646 1835 1717 blasphe-

1030 1715 1121 1785 miam,
1146 1732 1207 1790 quae
1229 1718 1337 1773 videtur
1358 1717 1473 1774 innuere
1493 1719 1655 1788 Prophetnm
1676 1732 1755 1772 orare
1779 1732 1835 1788 pro

1029 1785 1135 1842 Christo
1152 1803 1159 1842 :
1175 1790 1302 1853 Domine,
1319 1791 1415 1854 Pater,
1436 1790 1547 1844 romum
1558 1791 1608 1869 foe
1623 1804 1726 1860 recem,
1740 1787 1768 1842 id
1785 1795 1833 1842 est

1028 1856 1175 1912 Christum.
1202 1857 1330 1929 Olepidi
1351 1859 1486 1924 homines,
1519 1858 1584 1932 quul
1611 1874 1666 1914 non
1692 1857 1834 1941 respicitis

1028 1926 1132 1982 initium
1147 1927 1233 1998 ipsius
1258 1928 1366 1999 psalmi,
1388 1930 1532 1985 Exaudiet
1547 1933 1574 1985 te
1589 1931 1724 1985 Dominus
1738 1945 1769 1984 tn
1783 1927 1833 1985 die

1028 1998 1231 2064 tribulationie,
1240 2003 1372 2071 protraat
1382 2004 1418 2070 te,
1430 2009 1481 2056 etc.
1490 2000 1563 2072 Ergo
1572 1999 1616 2055 hic
1627 1999 1759 2070 Propheta
1769 2006 1833 2054 orat

1028 2067 1116 2122 Deum
1141 2069 1246 2124 Patrem
1269 2085 1320 2141 pro
1341 2070 1456 2125 Christo.
1481 2070 1616 2142 Ignoratis
1637 2069 1710 2142 quod
1732 2069 1829 2138 hujus-

1026 2138 1101 2194 modi
1114 2137 1266 2196 locutiones
1275 2141 1404 2197 dicuntur
1413 2157 1486 2212 saepe
1500 2157 1551 2212 per
1560 2155 1597 2212 eg
1631 2139 1828 2204 etulntionem;

1027 2209 1167 2264 ueletiam
1189 2211 1347 2282 prophetice
1360 2220 1497 2296 ponuntur
1517 2211 1578 2266 loco
1592 2157 1685 2278 iliani,
1701 2209 1770 2265 sicut
1786 2219 1831 2266 est

1027 2277 1094 2334 illud
1107 2297 1113 2333 :
1126 2281 1208 2347 luda,
1225 2281 1295 2354 quod
1308 2284 1391 2353 facts,
1403 2285 1450 2354 sne
1464 2282 1560 2337 eitius.
1576 2283 1610 2336 Et
1623 2281 1652 2335 id
1667 2297 1753 2352 genus
1768 2296 1831 2335 sex·

1027 2358 1114 2405 centa.
1133 2351 1162 2405 ln
1178 2366 1212 2407 eo
1226 2359 1317 2407 autem
1332 2353 1406 2424 quod
1420 2353 1549 2424 sequitur,
1566 2356 1594 2408 et
1609 2351 1715 2408 creandi
1729 2352 1831 2408 nosrta

1026 2419 1080 2485 dic,
1095 2427 1147 2477 etc.
1164 2422 1275 2478 llieron.
1288 2423 1363 2496 legit,
1381 2423 1518 2479 exaudies
1532 2439 1604 2489 nos‚·
1619 2421 1721 2486 creteri,
1737 2438 1829 2500 ceau-

1026 2492 1087 2546 diot
1109 2508 1169 2549 nor.
1194 2493 1317 2548 varietas
1341 2501 1431 2564 potest
1454 2510 1515 2549 esse
1539 2493 1567 2548 in
1587 2492 1720 2564 principio
1741 2492 1829 2563 parti-

1026 2561 1104 2630 eulae,
1127 2562 1155 2616 in
1176 2579 1230 2634 que
1255 2563 1278 2618 si
1302 2563 1446 2634 scripseris
1457 2573 1541 2630 risen
1555 2578 1697 2629 nanneno,
1712 2569 1740 2618 ut
1759 2562 1828 2634 legit

1026 2631 1248 2703 Hieronymus,id
1262 2642 1313 2700 est,
1322 2635 1458 2691 eeeudier
1473 2633 1587 2700 nos‚vel
1601 2643 1672 2698 imm
1689 2647 1826 2700 ιιιιιειιιι,

1025 2709 1054 2756 ut
1068 2711 1264 2774 accepererunt
1280 2704 1333 2774 isti,
1348 2705 1393 2761 vel
1407 2715 1479 2769 ιιιιι
1491 2718 1689 2771 transiturae
1723 2718 1754 2759 ro
1767 2704 1826 2770 iod,

1024 2775 1098 2898 fluod
1114 2774 1214 2845 passim
1231 2775 1274 2842 sit,
1291 2780 1320 2832 et
1334 2777 1440 2832 cecedi
1459 2791 1519 2844 nes,
1541 2775 1679 2848 quomodo
1700 2721 1829 2848 ssgerunt

1045 2845 1108 2899 XX.
1120 2847 1153 2900 Et
1162 2845 1308 2901 Nebiensis
1319 2847 1408 2912 vertit,
1419 2864 1464 2904 rer
1484 2846 1555 2902 ende
1567 2847 1655 2904 notu.
1668 2845 1826 2914 cnddaeus,

1023 2917 1119 3038 gecipe
1134 2918 1290 2974 orationem
1302 2922 1440 2974 nostram.
1477 2917 1494 2974 d
1506 2933 1616 2973 sensum
1626 2932 1690 2973 vero
1700 2915 1766 2971 nihil
1775 2917 1827 2971 ha·

1043 2994 1069 3040 et
1083 2987 1214 3043 momenti

737 3133 1023 3242 PSALMUS
1062 3139 1200 3244 XIX.

227 3369 328 3416 nsnnru
342 3372 456 3415 nrvunus
473 3375 481 3415 :
496 3373 526 3414 ru
540 3373 627 3418 nunu
654 3373 777 3418 neruus
803 3373 917 3417 nrum...
988 3329 1012 3392 G
1061 3349 1190 3416 Domine,
1206 3349 1287 3405 Pater
1301 3363 1354 3406 ree
1368 3347 1491 3416 scilcet,
1506 3347 1724 3405 hornoCbristus
1744 3349 1827 3404 tata-

205 3483 333 3549 llomtne,
348 3483 381 3538 in
395 3484 503 3539 uirtute
517 3487 579 3539 tua.
599 3483 712 3540 Titulus.
730 3485 763 3542 ln
787 3485 875 3554 tinem
891 3487 972 3560 proi-

169 3587 233 3628 ntus
247 3569 345 3638 Dauid
360 3579 446 3643 patet.
460 3569 607 3645 [Cassiod]
621 3573 676 3630 lste
690 3573 835 3631 esttertius
849 3574 973 3645 psalmus

170 3673 265 3717 eorum
280 3658 326 3733 qui
340 3660 376 3716 de
389 3660 495 3716 duabus
515 3661 620 3718 ιιιιιιιιε
640 3662 668 3718 in
692 3661 799 3718 Christo
826 3671 921 3737 agunt,
937 3664 973 3722 de

168 3763 223 3822 qvia
236 3765 268 3805 re
281 3757 483 3820 precesserunt
497 3749 562 3818 duo,
579 3749 685 3808 scilicet
698 3751 838 3808 secundus
852 3760 879 3807 et
893 3760 972 3809 octn-

169 3853 229 3906 ms,
245 3845 273 3895 et
288 3846 439 3912 sequmtur
462 3838 553 3896 adhuc
574 3839 621 3896 alii
642 3829 754 3913 quidam
769 3839 803 3896 de
818 3840 925 3908 eodem,
942 3841 971 3896 in

172 3927 272 4001 quibus
286 3926 412 3984 omnibus
439 3936 607 3986 monstratur
634 3944 689 3985 una
715 3943 833 4001 persona
861 3929 969 3996 Christi,

170 4016 324 4075 subsistens
336 4017 365 4073 in
378 4017 484 4076 duobus
498 4018 614 4086 naturis,
637 4018 695 4090 (bl)
710 4025 804 4076 contra
828 4019 970 4075 haereticos

170 4105 218 4178 qui
232 4104 276 4161 vel
289 4120 437 4178 personam
447 4106 581 4173 dividunt,
598 4105 642 4164 vel
656 4115 768 4163 naturas
778 4106 970 4164 uelandaoon·

165 4192 306 4264 junctione
320 4193 498 4250 contundunt.
514 4194 565 4250 llio
592 4201 684 4251 autem
708 4195 845 4266 Propheta
860 4195 970 4252 descri-

169 4276 209 4333 bit
223 4276 362 4334 Christum
376 4277 519 4334 coelestem
533 4293 640 4349 regem,
656 4294 750 4335 veram
773 4280 861 4336 Deum
875 4287 903 4335 et
917 4281 969 4336 ho-

169 4365 281 4436 miaem,
299 4373 328 4424 ut
355 4365 478 4422 auditum
507 4365 603 4422 credat
629 4367 758 4436 mundus,
783 4383 864 4440 quern
878 4368 970 4425 visum

170 4453 334 4528 contempsit
360 4455 480 4511 iudeus.
509 4453 649 4511 Intentio:
673 4457 764 4511 Monet
793 4463 821 4512 ut
834 4455 970 4514 Christum

170 4543 258 4600 Deum
281 4552 308 4601 ει
335 4537 474 4600 hominem
502 4544 658 4600 credamus.
678 4544 793 4601 Modus:
810 4545 970 4618 'tripertitus

170 4640 213 4690 εει
222 4633 345 4706 psalmus
360 4650 368 4688 ι
384 4631 477 4689 Ριίιιιο
492 4648 625 4689 summam
645 4633 781 4706 proponit,
798 4633 825 4690 id
840 4642 882 4691 est
896 4651 970 4691 sum·

1025 3435 1101 3492 bitur
1110 3437 1142 3492 in
1151 3438 1257 3494 virtute
1268 3441 1319 3494 tuo
1331 3435 1427 3511 [hue]
1448 3434 1552 3494 scilicet
1566 3437 1670 3508 Verbi,
1685 3435 1713 3494 id
1739 3443 1782 3494 εει
1794 3435 1826 3492 in

1025 3539 1058 3581 eo
1072 3524 1145 3596 quod
1160 3526 1282 3582 Verbum
1296 3540 1363 3582 caro
1376 3525 1479 3584 indum
1493 3532 1544 3581 est.
1557 3522 1636 3594 Quod
1651 3533 1725 3582 recte
1751 3523 1825 3582 dici-

1024 3620 1070 3668 tur
1084 3612 1170 3670 virtus
1192 3621 1249 3683 tue,
1279 3614 1342 3688 quia
1371 3613 1421 3670 tibi
1444 3613 1661 3686 coomnipotens.
1676 3611 1826 3687 ]Csatiod.l

1022 3701 1095 3759 Eece
1108 3703 1247 3771 meritum,
1263 3703 1390 3776 quanon
1406 3701 1442 3759 de
1454 3717 1484 3759 se
1506 3703 1588 3760 horno
1612 3701 1738 3760 Christus
1751 3718 1825 3774 prae·

1023 3791 1146 3863 sumpsit,
1163 3791 1213 3848 sed
1238 3793 1329 3850 Verbo
1358 3791 1450 3848 omnia
1477 3791 1583 3848 tribuit.
1600 3789 1825 3865 [hicmu1Unde

1021 3878 1074 3937 hoc
1088 3879 1231 3952 praemium
1245 3880 1340 3938 hebuit
1354 3880 1427 3954 quod
1450 3896 1500 3953 ρει
1527 3895 1589 3937 eum
1604 3879 1697 3936 omnia
1719 3878 1826 3936 salvate

1021 3975 1094 4024 sunt.
1111 3969 1189 4026 Unde
1204 3969 1305 4037 subdit,
1322 3973 1353 4028 et
1373 3985 1459 4042 super
1477 3969 1606 4027 rolutcrc
1615 3971 1706 4038 tuum,
1727 3965 1824 4041 [hup]

1021 4055 1101 4113 idest
1115 4073 1197 4130 super
1210 4059 1263 4116 hoc
1275 4056 1349 4131 quod
1361 4073 1411 4129 per
1424 4073 1487 4114 eum
1507 4055 1650 4114 vivificent
1665 4055 1756 4113 omnia
1766 4071 1822 4114 ee-

1021 4145 1141 4202 rultobit
1151 4147 1330 4204 ueheueenter
1346 4143 1492 4219 [Camiodh
1503 4153 1533 4202 ut
1547 4160 1593 4202 res
1606 4159 1708 4217 magna
1720 4151 1773 4202 est.
1788 4143 1824 4200 Et

1020 4233 1074 4291 boc
1089 4233 1163 4302 ideo,
1181 4235 1255 4308 quia,

1057 4377 1141 4433 Vnae.
1157 4380 1185 4435 2.
1201 4399 1263 4427 -ι
1281 4375 1452 4433 Desiderinm
1465 4375 1557 4434 cordis
1572 4376 1632 4446 ejus
1646 4373 1764 4433 tribuisti
1777 4375 1819 4443 ei,

1023 4487 1034 4514 ι
1052 4472 1079 4521 et
1093 4465 1232 4523 voluntate
1245 4465 1379 4522 labiomm
1401 4467 1460 4533 ejus
1483 4480 1539 4522 non
1552 4463 1684 4522 fraudasti
1694 4479 1782 4522 eum.-

1057 4572 1235 4629 Desiderium
1246 4573 1409 4647 condirejus
1435 4571 1562 4630 tribuisti
1573 4573 1609 4639 ei,
1625 4571 1721 4646 [ilica.
1738 4571 1821 4647 hup]

1021 4659 1125 4717 scilieet
1140 4663 1286 4719 comedere
1307 4661 1412 4719 Pascha
1436 4676 1498 4719 cum
1519 4659 1669 4733 discipulis,
1686 4659 1759 4732 quod
1773 4660 1822 4717 de-

169 4721 264 4778 matim
277 4721 404 4779 meritum
419 4729 447 4779 et
461 4722 616 4796 premium.
630 4722 966 4781 SecundovirtutesChri-
1015 4747 1157 4817 sidem,
1173 4758 1271 4807 „cum
1300 4750 1383 4808 vellet
1411 4765 1516 4822 ponere
1539 4749 1658 4806 ,nim
1681 4757 1707 4806 et
1722 4749 1820 4806 perum

170 4811 205 4867 sti
220 4819 247 4867 et
262 4811 379 4886 gloriam
406 4810 548 4880 describit,
562 4811 615 4884 ibi,
645 4811 779 4885 quoniam
801 4815 967 4886 prevenisti

169 4917 245 4959 eum.
257 4901 348 4958 Tertio
363 4901 421 4975 egit
435 4901 470 4958 de
484 4901 573 4974 poenis
587 4900 768 4972 inimicorum,
784 4901 822 4956 ibi
837 4904 967 4959 inuenia-

171 4995 342 5050 tnrmonur.
367 4989 449 5061 Quod
507 4990 638 5047 autemin
664 4989 832 5064 precedenti
860 4991 966 5064 psalrno

169 5079 258 5137 oravit
270 5078 304 5136 de
318 5079 437 5136 Christo.
448 5079 500 5136 llic
513 5079 656 5135 mnontiat
668 5079 706 5135 ita
724 5079 868 5152 incipiens,
885 5097 912 5148 o,

209 5206 332 5262 Varsl.
346 5226 410 5258 -ι
437 5205 554 5262 Domine
581 5205 609 5262 in
636 5203 736 5262 virtute
764 5211 811 5262 tua
834 5205 969 5263 lambitur

172 5319 184 5346 a
199 5311 267 5362 rex;
282 5302 310 5350 et
323 5307 405 5367 super
425 5294 543 5352 solutore
557 5302 632 5352 tuum
655 5293 798 5352 exsultabit
822 5295 968 5353 vehemen-

172 5406 185 5437 ι
200 5391 268 5441 ier.»

1025 4855 1135 4896 sumere
1145 4847 1171 4896 ει
1185 4839 1315 4895 mundum
1326 4839 1472 4910 redimere,
1489 4839 1673 4897 etocluntotc
1684 4835 1821 4896 lobiomm

1017 4926 1116 5002 [Ang.,
1145 4927 1283 5002 Cassiod]
1299 4928 1326 4984 id
1351 4936 1394 4984 est
1419 4928 1568 4986 verborum
1583 4929 1655 5001 ejus,
1670 4926 1699 4984 id
1713 4935 1756 4983 est
1770 4942 1821 4999 ρει

1019 5017 1230 5090 verbnprolete,
1245 5033 1304 5074 non
1323 5018 1468 5090 fraudasti
1483 5033 1560 5074 eum.
1580 5015 1719 5088 Quidquid
1747 5015 1822 5072 enirn

1018 5105 1095 5174 dixit,
1110 5105 1281 5163 factumest:
1304 5106 1377 5164 Dixit
1397 5107 1470 5163 enirn
1487 5121 1495 5162 ε
1510 5107 1612 5162 Parem
1629 5120 1720 5161 meam
1732 5105 1821 5162 retin-

1018 5211 1071 5270 quc
1080 5196 1252 5268 ucbhitcom
1264 5197 1336 5268 xvv),
1352 5195 1494 5254 etinctum
1509 5202 1560 5252 est.
1577 5194 1695 5252 Verbum
1710 5209 1820 5268 quoque

1019 5285 1077 5354 ejus
1092 5284 1234 5357 irnpletum
1248 5293 1300 5358 est,
1324 5283 1446 5359 fugando
1470 5284 1619 5352 demones,
1635 5283 1758 5340 emendo
1772 5282 1818 5339 ia·
1836 5299 1841 5308 ·

1019 5380 1122 5451 firmos,
1137 5383 1296 5458 predicatio
1309 5384 1367 5471 ejus
1382 5397 1492 5457 poaque
1504 5388 1613 5456 recepte
1622 5388 1674 5438 est.

203 5525 252 5588 (bii
264 5527 401 5582 Nestorienl
412 5541 540 5594 personam
550 5529 700 5596 dividebant,
710 5529 856 5596 Eutychiani
874 5531 976 5582 naturas
986 5529 1177 5584 consumebant.
