3878 6322
154 47 218 101 fust
814 35 915 94 PETRI
936 34 1115 92 boantum
1730 36 1821 88 4592

151 167 236 224 utitur
250 183 301 238 qua
316 165 413 237 potior.
436 161 516 232 Quod
530 178 547 218 a
562 161 681 218 falsariis
701 161 800 218 dicitur
813 177 874 218 esse
896 161 985 234 ap·A
999 176 1047 231 per
1065 159 1175 216 maritos
1199 157 1411 230 acquirebantur
1430 159 1498 214 Deo.
1523 159 1606 214 Reate
1629 158 1723 230 itaque
1751 158 1820 211 hoc

153 256 281 328 positum.
298 255 368 309 Nam
387 251 501 308 caeteris.
518 253 665 324 Postquam
688 251 799 323 egilde
822 250 949 321 conjugio
998 248 1136 321 praecepit,
1153 247 1214 320 quia
1238 247 1357 303 nondum
1380 253 1456 302 tanta
1479 247 1564 321 gratia
1588 246 1740 303 salvatoris
1774 245 1818 299 il-

153 343 283 412 fidelium,
300 341 393 396 transit
412 340 447 395 ad
466 339 580 411 imparia
600 339 736 410 conjugia.
757 336 842 406 Quasi
856 337 948 394 dicat:
998 337 1112 392 luxerat.
1132 338 1167 392 Et
1186 352 1237 408 per
1258 338 1370 408 Moysen
1392 335 1524 392 Dominus
1540 337 1668 405 jusserat,
1685 334 1816 406 nequis

153 431 206 488 Ubi
220 437 334 502 uterque
348 428 437 485 fidelis
451 437 502 494 εει,
514 429 566 484 εοε
582 435 747 499 praeceptum
756 426 864 482 Domini
874 426 947 482 dedi.
999 441 1110 482 uxorem
1133 425 1312 499 alienigenam
1333 425 1444 481 duceret
1468 426 1562 495 (llum.
1581 424 1673 496 nuru).
1701 423 1815 478 blerito

999 529 1066 586 ergo
1089 529 1159 585 quas
1182 514 1314 568 duxerant
1341 512 1458 569 Domino
1482 513 1654 584 prohibente,
1677 511 1816 566 Domino

995 603 1108 671 jubente
1130 601 1300 656 dimiserunt.
1326 599 1513 673 [Augustinus]
1527 601 1588 656 Non
1611 600 1684 655 enim
1709 599 1817 668 impu-

999 690 1110 744 tandum
1137 688 1338 745 matrimonium
1367 689 1440 760 quod
1470 695 1546 744 extra
1578 689 1720 745 decretum
1751 685 1816 740 Dei

998 779 1099 833 factum
1127 784 1186 841 est,
1214 777 1264 832 sed
1295 793 1357 833 curn
1392 776 1567 850 cognoscitur
1596 775 1813 831 emendandum

999 874 1049 921 est.
1065 864 1122 938 (76)
1137 865 1205 921 Cum
1228 880 1293 920 vero
1317 863 1445 935 coepisset
1467 864 1594 938 gentibus
1617 862 1813 936 Evangeliurn

1144 954 1221 1023 ,jam
1244 953 1402 1023 conjunctos
1420 952 1537 1024 gentiles
1558 951 1706 1024 gentilibus
1727 965 1814 1006 com-

190 554 275 610 Vsus.
290 556 376 612 fit-fl
385 585 421 594 -
430 555 502 610 Nom
516 553 626 609 coeteris
637 568 685 622 eqo
701 552 771 618 dico,
783 567 841 607 non
853 551 948 606 Domi-

153 659 209 699 nus
221 643 266 699 :Sl
281 643 343 716 quis
357 645 450 714 freter
459 657 579 698 uxorem
592 641 673 697 hebet
684 640 838 709 infidelem,
850 642 879 695 et
891 638 948 694 ltoee

153 734 297 790 consentit
306 730 433 787 habiture
442 746 508 786 cum
522 731 583 795 illo,
594 745 652 785 uon
662 728 791 784 dimittat
805 728 896 783 illone.
912 727 948 782 lit

152 820 179 876 si
193 836 247 892 que
261 820 367 874 mulier
387 819 467 874 halet
486 818 580 873 uirum
601 817 753 885 infidelem,
771 818 798 870 et
819 815 864 870 laio
879 831 948 870 eou-

152 909 243 964 sentit
266 905 394 962 ltelilore
423 922 488 962 cum
511 906 573 970 illu,
602 920 660 960 non
687 903 817 958 dimittet
844 903 946 958 uirum.

153 993 354 1063 Sanctificatus
373 996 415 1048 cst
435 993 512 1048 enim
534 993 577 1046 uir
592 990 716 1059 infidelis
733 1007 784 1062 per
799 991 948 1046 mulierem
997 954 1150 1054 pra‘ssdwffi'i
1335 1042 1340 1052 Ι
1432 1041 1437 1051 ι

153 1082 276 1151 fidelem,
292 1085 321 1137 et
334 1081 515 1149 sonctificate
529 1079 634 1134 mulier
651 1078 776 1148 infidelis
789 1094 840 1150 per
855 1081 948 1134 ulrum
997 1049 1068 1114 pem
1091 1057 1232 1114 ⁰⁰¹¹J¹¹80⁸v
1248 1057 1280 1097 ΒΧ
1296 1042 1395 1113 ‘imbus
1416 1057 1440 1095 ⁵¹
1462 1055 1517 1096 ¹1⁰ss
1536 1041 1616 1095 ambo
1640 1039 1808 1103 crederent,

152 1169 274 1240 fidelem.
290 1169 422 1240 Alioquin
431 1168 487 1236 filii
501 1168 587 1222 uestri
598 1166 739 1222 immundi
750 1170 853 1235 essent,
869 1182 947 1222 nune
997 1129 1132 1272 {edfmm
1153 1129 1196 1184 vel
1210 1144 1274 1195 Μ’
1287 1137 1316 1226 ,θῑ
1339 1127 1456 1226 ῘῙῙΜΕῙῘΒ
1471 1143 1539 1226 ium
1563 1126 1636 1226 fidili
1659 1134 1810 1224 θθῦξθῑξῑῑῑ

153 1260 249 1314 autem
264 1258 358 1312 pmcn·
368 1259 446 1312 „ng
1017 1218 1129 1284 abutare,
1145 1232 1196 1272 nec
1215 1217 1355 1287 prohiberi
1369 1232 1386 1271 a
1399 1217 1515 1272 Dommo
1535 1215 1626 1271 debuit
1645 1214 1736 1269 fidehs
1753 1230 1807 1267 rn-

998 1304 1107 1360 fidelem
1131 1304 1273 1372 dimittere,
1289 1319 1340 1361 nec
1360 1303 1458 1372 juberi,
1484 1304 1546 1359 ideo
1570 1319 1620 1359 nec
1641 1301 1804 1374 prohiberi,

186 1389 258 1444 Nam
272 1387 391 1453 wiltis,
408 1383 512 1442 stilic&
528 1383 574 1439 Ubi
594 1399 649 1440 ¹¹0ss
663 1391 704 1439 0⁸1
722 1390 836 1455 Uterque
849 1383 945 1454 fidelis,
998 1393 1059 1464 quia
1071 1393 1175 1462 justitie
1188 1392 1318 1464 permittit
1332 1409 1348 1448 a
1363 1392 1515 1448 fornicante
1536 1391 1696 1456 discedere;
1715 1399 1743 1445 ει
1755 1390 1806 1443 in·

152 1475 226 1548 q11⁰d
240 1475 269 1530 5¹1
288 1473 363 1531 ῑῡῑῑῑθ
377 1473 508 1530 Ecclesiae
522 1471 664 1544 contingit,
683 1487 745 1529 cum
767 1472 982 1570 EvangellumB
997 1479 1085 1536 fidelis
1103 1480 1220 1535 hominis
1234 1480 1377 1536 fornicatio
1392 1489 1434 1537 est
1446 1481 1535 1550 major
1550 1479 1639 1548 84,
1656 1479 1683 1533 in
1697 1479 1801 1534 corde.

150 1564 278 1636 gentibus
292 1563 435 1635 Pl‘aefflfflfi
450 1562 541 1633 ⁰OEl³ih
557 1578 605 1632 ⁶90
620 1562 691 1628 (11⁶⁰,
703 1577 736 1616 ΒΧ
750 1561 809 1616 ὓθι)
824 1561 943 1632 quidem,
997 1569 1061 1625 Ideo
1084 1577 1174 1624 autern
1196 1585 1247 1624 nec
1263 1569 1364 1639 juberi,
1381 1569 1444 1640 quie
1460 1585 1515 1624 non
1530 1573 1626 1624 contra
1640 1567 1802 1637 jussionem

150 1653 354 1711 nonltomlnus
367 1651 545 1723 propriocre,
558 1649 630 1721 quod
645 1649 741 1723 siquis
752 1653 855 1721 secter,
867 1649 894 1704 id
905 1657 946 1706 est
996 1657 1104 1713 Domini
1128 1657 1245 1729 gentiles
1268 1657 1376 1712 fuerumt
1403 1657 1483 1713 ambo
1511 1655 1654 1726 conjuncti.
1679 1655 1802 1710 Licitum

149 1741 173 1796 si
188 1741 249 1813 quis
264 1739 351 1795 fidelis
362 1754 511 1795 conversus
523 1739 558 1794 ad
573 1735 654 1793 fidem
668 1737 697 1791 in
710 1737 847 1810 conjugio,
864 1737 947 1793 hebet
996 1757 1063 1814 ergo
1077 1749 1136 1796 eret
1149 1757 1198 1812 per
1209 1741 1350 1810 justitiam,
1364 1741 1414 1796 sed
1427 1740 1530 1797 licitum
1542 1756 1598 1795 non
1614 1747 1672 1794 erat
1685 1738 1800 1794 facien-

148 1846 269 1886 usorem
283 1829 436 1895 infidelem,
448 1832 477 1884 et
487 1826 544 1882 haec
561 1828 733 1883 consenserit
744 1827 870 1882 babitare
880 1842 946 1882 curn
995 1830 1059 1884 dum
1075 1837 1187 1901 propter
1210 1830 1324 1885 liberem
1349 1829 1579 1897 benevolentiam
1594 1828 1668 1900 quod
1688 1827 1802 1882 dixerat

134 1919 209 1986 illo,
225 1934 283 1974 non
294 1917 424 1972 dimittet
438 1917 530 1971 illam.
542 1913 730 1988 [Augustinus]
740 1916 800 1970 Non
812 1915 865 1970 hoc
875 1930 944 1985 prae-
994 1918 1029 1974 de
1043 1918 1103 1976 viro
1119 1917 1207 1973 subdit
1222 1918 1256 1973 de
1267 1919 1392 1974 muliere.

149 2005 215 2077 cipit
228 2004 385 2076 Apostolus,
401 2004 451 2060 sed
471 2003 596 2070 consulit,
614 2011 643 2058 ut
662 2003 684 2058 si
706 2001 767 2074 quis
782 2002 859 2058 aliter
881 2010 945 2074 agat
1029 2007 1064 2061 Et
1080 2009 1106 2063 si
1119 2024 1174 2080 que
1196 2009 1301 2063 mulier
1316 2007 1399 2063 hebet
1418 2007 1511 2062 uirum
1526 2007 1682 2076 inliciens,
1697 2010 1729 2062 et
1752 2005 1801 2060 laic

147 2108 202 2148 non
224 2091 258 2147 sit
281 2101 479 2164 transgressor,
508 2092 576 2148 sicut
599 2099 710 2161 etpost
736 2091 770 2147 dc
793 2091 944 2164 virginibus
994 2096 1139 2152 consentit
1154 2095 1282 2151 habiture
1305 2111 1370 2151 cum
1391 2097 1454 2164 illu,
1471 2111 1528 2152 non
1550 2094 1802 2150 dimittetillum:

147 2181 273 2237 consulit.
291 2181 382 2237 Monet
396 2196 465 2254 ergo
476 2180 549 2252 quod
558 2187 599 2236 est
609 2179 732 2236 lucrandi
746 2180 864 2247 occasio,
882 2195 943 2236 cum
993 2183 1092 2238 deinde
1117 2182 1221 2239 consilii
1242 2199 1351 2239 oausam
1370 2192 1397 2239 et
1420 2181 1502 2238 furiem
1526 2182 1653 2253 supponit
1677 2183 1799 2248 dicens;

145 2277 239 2341 posset
265 2268 338 2325 licite
365 2269 529 2341 relinquere,
558 2269 607 2324 sed
634 2255 689 2324 non
722 2269 839 2340 expedit.
868 2270 943 2324 Tunc
993 2271 1203 2341 Sanctificatus
1217 2279 1258 2327 cst
1279 2273 1355 2327 enim
1369 2272 1412 2327 uir
1432 2272 1556 2340 infidelis
1576 2288 1626 2343 per
1641 2272 1799 2326 maturam

145 2357 218 2414 enim
231 2373 285 2413 non
300 2357 409 2429 expedit
425 2358 454 2412 id
468 2357 540 2430 quod
557 2356 661 2414 licitum
679 2365 729 2424 est,
746 2358 856 2428 quando
875 2372 942 2428 per·
991 2359 1114 2428 fidelem,
1136 2359 1179 2414 vel
1201 2360 1229 2413 in
1251 2359 1363 2415 muliere
1386 2357 1476 2426 fideli3
1492 2363 1521 2416 et
1544 2361 1730 2428 sonctificate
1753 2363 1798 2414 erl

143 2446 258 2502 mittitur
285 2446 404 2518 quidem,
435 2446 485 2502 sed
511 2463 577 2501 usus
605 2446 690 2518 ipsius
718 2445 860 2517 potestatis
882 2445 942 2500 aliis
992 2449 1098 2503 mulier
1117 2449 1243 2517 infidelis
1261 2464 1313 2520 per
1331 2449 1425 2504 uirum
1439 2448 1560 2517 fidelem,
1576 2447 1621 2503 vel
1642 2448 1670 2501 in
1686 2447 1749 2502 uiro
1763 2447 1796 2499 fi-

143 2533 221 2590 affert
244 2534 467 2607 impedimentum
492 2535 595 2604 salutis,
621 2534 690 2591 sicut
713 2542 754 2590 εει
775 2533 842 2589 illud
870 2534 942 2589 tunde
991 2534 1055 2591 defi.
1073 2536 1130 2607 (77)
1145 2536 1235 2592 Credo
1242 2537 1298 2606 jem
1312 2543 1477 2607 provenerat
1490 2545 1520 2591 ut
1534 2535 1671 2592 nonnullae
1683 2535 1797 2590 feminae

140 2623 197 2693 J'am
211 2623 258 2678 diu
272 2623 418 2695 loquimur,
434 2622 539 2679 scilicet
562 2622 695 2679 discessio
716 2621 803 2677 fidelis
826 2622 860 2676 ab
878 2620 940 2676 infr·
991 2639 1040 2694 per
1054 2623 1128 2679 uiros
1142 2623 1247 2688 fideles,
1264 2631 1290 2679 et
1305 2623 1356 2680 viri
1370 2640 1421 2695 per
1434 2640 1533 2680 uxores
1555 2623 1650 2679 fideles
1665 2623 1693 2677 in
1709 2623 1796 2678 fidem

143 2709 208 2777 deli,
224 2725 306 2782 εεειε
326 2725 381 2766 εοε
400 2711 527 2781 prohibet
546 2710 689 2777 Dominus,
705 2709 769 2781 quia
790 2725 880 2764 coram
893 2709 941 2765 illo
990 2711 1124 2778 venirent,
1142 2712 1202 2784 quia
1214 2729 1287 2785 saepe
1301 2713 1353 2768 hoc
1369 2712 1482 2786 contigit
1496 2713 1569 2784 quod
1579 2712 1646 2766 alter
1659 2728 1711 2782 per
1727 2711 1798 2767 afte-

142 2813 198 2853 non
222 2805 264 2853 εει
288 2797 397 2866 iniusta.
428 2798 482 2853 Sed
510 2797 657 2869 Apostolus
686 2813 721 2853 ne
746 2796 801 2865 fiat,
826 2797 940 2854 consilio
990 2798 1374 2856 rnmadfidemconuertitur.
1388 2799 1797 2864 Velita,sauctilrcatusestsir

141 2885 283 2943 charitatis
299 2886 403 2955 suadet,
420 2894 449 2941 ut
469 2900 550 2942 nemo
564 2886 592 2940 in
607 2902 638 2942 ea
653 2884 822 2942 remissionis
845 2860 976 2942 neces·c
991 2885 1109 2942 infidelis
1124 2887 1326 2959 permulierem
1338 2887 1456 2958 fidelem,
1468 2888 1496 2942 id
1511 2896 1552 2943 est
1566 2887 1684 2942 mundus
1698 2896 1744 2942 εει
1754 2889 1797 2942 uir

142 2974 221 3030 sitate
249 2982 384 3041 teneatur,
415 2974 464 3030 sed
492 2974 598 3031 consilii
624 2974 760 3030 voluntate
786 2973 873 3029 libere
901 2972 941 3028 fa·
991 2973 1109 3031 infidelis
1124 2982 1254 3047 quantum
1268 2976 1303 3031 ad
1317 2974 1426 3031 fidelem
1439 2976 1591 3044 mulierem,
1609 2975 1797 3048 quianullum

141 3063 202 3119 ciat.
219 3063 278 3120 Hoc
293 3079 361 3135 ergo
376 3063 442 3118 mihi
457 3062 545 3118 visum
561 3070 602 3118 est
622 3063 783 3135 Apostolum
804 3062 941 3118 monendo
991 3079 1024 3119 ex
1039 3063 1298 3132 ejusconjunctione
1313 3064 1512 3119 immunditiam
1526 3064 1624 3119 mulier
1638 3062 1729 3119 fidelis
1745 3081 1797 3135 pa-

141 3151 254 3207 dixissc.
270 3151 373 3220 Conjux
389 3151 462 3208 enirn
475 3150 564 3206 fidelis
586 3149 659 3207 licite
680 3159 771 3222 potest
786 3150 940 3222 relinquere
990 3151 1069 3218 titur;
1082 3159 1108 3208 ει
1118 3151 1286 3208 sanctificata
1296 3160 1337 3207 est
1350 3152 1458 3219 mulier,
1470 3161 1534 3218 etc,
1546 3153 1573 3207 id
1584 3161 1625 3208 est
1637 3153 1743 3207 munda
1753 3163 1797 3207 εει

140 3238 288 3296 infidelem.
312 3241 369 3310 (fl)
393 3239 548 3295 idololatria
572 3239 645 3294 enim
669 3247 695 3294 ει
717 3239 844 3310 quaelibet
861 3238 940 3294 noxia
990 3239 1088 3295 mulier
1102 3239 1220 3296 infidelis
1234 3248 1364 3312 quantum
1383 3239 1522 3296 advirum
1538 3239 1654 3306 fidelem,
1672 3241 1796 3312 quint-ir

139 3328 297 3400 superstitio
318 3327 460 3384 fornicatio
480 3335 531 3394 est,
547 3334 575 3383 et
593 3328 726 3382 Dominus
748 3322 939 3383 ceusa‘fomi-
990 3326 1078 3383 fidelis
1094 3344 1126 3383 ex
1142 3329 1199 3398 ejus
1222 3328 1412 3397 coniunctione
1434 3345 1489 3384 non
1510 3328 1718 3385 contaminatur.
1734 3329 1794 3384 Ve-

138 3416 252 3472 catiouis
276 3416 398 3488 permisit
420 3415 529 3488 quidem
554 3431 667 3471 uxorem
691 3415 797 3481 dimitti,
815 3416 863 3470 sed
885 3431 939 3471 non
990 3430 1049 3470 ram
1065 3416 1138 3472 enim
1152 3414 1239 3471 fidelis
1253 3416 1333 3471 habet
1348 3415 1505 3487 pudicitiam
1517 3417 1597 3471 etiam
1612 3433 1674 3472 cum
1689 3415 1794 3472 infideli

135 3504 236 3576 jussit:
252 3512 279 3560 et
295 3504 334 3561 sic
350 3504 425 3560 dedit
437 3503 568 3575 Apostofo
592 3504 682 3561 locum
696 3503 834 3572 monendi,
850 3513 879 3560 ει
894 3505 941 3577 qui
990 3503 1117 3576 conjuge.
1142 3505 1285 3578 Alioquin,
1310 3513 1362 3561 etc.
1386 3504 1567 3576 [Ambrosiusl
1588 3503 1674 3574 Quasi
1696 3504 1792 3561 dicat:

139 3593 266 3661 voluerit,
286 3609 341 3648 non
363 3593 477 3649 dimittat
498 3591 637 3648 infidelem
652 3609 712 3665 quaa
731 3591 825 3648 forsan
840 3591 884 3648 fiet
904 3593 939 3648 li-
989 3592 1056 3648 Dico
1072 3601 1101 3649 ut
1129 3609 1184 3648 noa
1210 3593 1327 3648 dimittat
1353 3592 1441 3648 fidelis
1463 3592 1600 3648 infidelem
1618 3593 1792 3648 consentien-

139 3682 209 3739 delis
227 3697 233 3737 :
258 3689 285 3738 et
308 3682 354 3754 qui
376 3681 502 3748 voluerit,
524 3680 597 3738 licite
612 3681 747 3737 dimittere
770 3681 865 3752 possit.
881 3682 938 3755 (75)
990 3688 1045 3736 tem
1059 3681 1195 3736 habitere.
1216 3681 1353 3753 Alioquin,
1370 3679 1488 3754 [Haimol
1502 3681 1530 3736 id
1545 3688 1586 3737 εει
1600 3682 1624 3736 si
1638 3682 1792 3750 disceditis,

139 3771 212 3840 Quia
225 3771 298 3826 enirn
313 3769 401 3826 fidelis
422 3769 561 3826 infidelem
575 3770 730 3843 relinquere
750 3769 823 3826 licite
836 3778 936 3843 potest,
989 3769 1012 3824 si
1034 3769 1166 3824 dimittitis
1192 3769 1308 3825 invicem
1337 3770 1459 3826 volentes
1484 3769 1649 3836 cohabitare,
1674 3777 1701 3825 et
1729 3771 1794 3825 aliis

137 3860 201 3916 ideo
224 3858 356 3916 Dominus
380 3874 436 3915 εοε
458 3859 592 3929 prohibet.
609 3857 688 3927 Quod
710 3858 782 3915 enirn
805 3859 938 3914 Dominus
988 3872 1038 3914 vos
1051 3857 1194 3928 copulatis,
1212 3856 1395 3930 [Ambrosius]
1409 3866 1436 3914 et
1451 3859 1488 3913 ita
1502 3865 1611 3914 nonest
1626 3857 1716 3930 legale
1732 3875 1793 3912 ma-

137 3947 274 4020 probibet,
299 3946 358 4004 fieri
381 3947 491 4004 omnino
512 3963 567 4004 nou
592 3947 654 4004 licet
668 3963 677 4002 ι
696 3948 746 4004 εοε
767 3954 855 4002 autem
879 3946 937 4003 fieri
989 3945 1154 4015 trimonium,
1171 3945 1288 4002 adulteri
1304 3946 1380 4014 estis,
1397 3951 1425 4002 et
1439 3947 1495 4016 filii
1515 3947 1611 4014 uestri,
1629 3945 1724 4018 quide
1741 3949 1795 4004 hac

137 4035 210 4093 licet.
235 4037 305 4093 Nam
334 4036 357 4091 si
378 4036 521 4094 fornicatio
544 4035 636 4092 carnis
664 4037 824 4092 detestande
848 4036 937 4092 estin
987 4034 1085 4105 copula
1094 4043 1251 4100 nascuntur,
1263 4035 1405 4091 immundi
1415 4039 1519 4101 essent,
1528 4034 1556 4090 id
1567 4043 1608 4090 εει
1618 4035 1704 4107 spurii
1714 4047 1792 4093 εεει.

137 4124 264 4196 conjuge,
282 4131 382 4196 quanto
403 4124 490 4197 magis
509 4123 650 4180 fornicatio
671 4125 780 4192 mentis,
797 4125 825 4180 id
840 4133 881 4180 est
895 4125 936 4179 in·
986 4123 1066 4179 Nunc
1081 4127 1189 4190 eutem,
1209 4123 1231 4177 si
1245 4123 1421 4194 permanetis,
1435 4121 1482 4178 lilii
1496 4123 1686 4180 vestrisancli
1704 4131 1791 4192 sunl,

136 4211 264 4269 fidelitas.
282 4211 337 4268 Sed
359 4211 423 4282 quia
440 4212 477 4267 ite
498 4211 600 4268 licitum
615 4220 666 4280 est,
680 4220 709 4268 ut
728 4229 783 4268 non
798 4213 932 4284 expediat,
944 4212 971 4271 D
985 4211 1014 4266 id
1029 4219 1070 4266 εει
1083 4211 1187 4277 mundi,
1203 4212 1266 4283 quia
1282 4211 1315 4266 de
1337 4211 1418 4268 licitis
1439 4212 1574 4284 conjugiis
1594 4211 1649 4266 nati
1672 4221 1747 4278 sunt,
1765 4223 1792 4268 et

137 4317 172 4359 ne
186 4307 301 4373 propter
315 4303 461 4374 coniugum
477 4301 664 4371 separationes
684 4302 773 4373 ipsam
787 4302 937 4358 doctrinam
987 4298 1037 4354 sub
1060 4300 1195 4356 Creatoris
1219 4300 1395 4355 veneratione
1420 4300 1475 4355 nati
1500 4308 1562 4354 sunt
1581 4316 1614 4356 ex
1637 4315 1714 4370 pare.
1740 4301 1793 4356 Vel

138 4389 233 4446 salutis
258 4389 382 4445 homines
407 4388 504 4445 offensi
528 4390 702 4455 exhorreant,
729 4391 842 4446 intendit
864 4394 937 4463 Apo·
986 4387 1033 4454 ita,
1054 4395 1083 4442 ut
1096 4395 1159 4461 agat
1173 4388 1207 4443 de
1228 4386 1290 4442 filiis
1311 4388 1367 4458 jam
1387 4388 1458 4443 natis
1482 4405 1543 4461 quta
1556 4388 1584 4442 in
1599 4387 1729 4443 fidelitate
1744 4405 1793 4446 re-

138 4478 224 4535 stolus
240 4486 267 4535 ει
281 4486 373 4534 monet
387 4494 442 4535 non
456 4477 525 4534 fieri.
545 4478 573 4533 Si
588 4493 654 4550 ergo
669 4478 703 4534 ab
718 4477 872 4534 infidelibus
885 4495 937 4536 nec
986 4484 1106 4542 manent,
1123 4477 1147 4530 si
1162 4476 1281 4532 vicissim
1296 4492 1326 4532 se
1342 4476 1489 4531 dimittunt.
1506 4475 1592 4544 Quasi
1606 4476 1680 4533 dicat
1696 4495 1703 4530 :
1720 4477 1794 4534 Dico

136 4569 298 4640 jubentura
320 4567 446 4636 Domino,
470 4583 521 4624 nec
544 4567 721 4639 prohibentur
744 4565 840 4623 fideles
863 4583 937 4624 rece·
987 4569 1015 4620 ut
1030 4563 1119 4620 fidelis
1141 4579 1195 4619 non
1217 4562 1495 4619 dimittatinfrdelem.
1513 4565 1648 4636 Alioquin,
1666 4564 1753 4619 idest
1770 4567 1795 4620 si

138 4657 215 4714 dere.
238 4658 309 4713 Nam
325 4657 348 4712 si
361 4655 495 4712 dimittere
516 4633 789 4726 tales⁶juberentura
807 4656 934 4726 Domino,
986 4667 1036 4708 vos
1063 4651 1180 4708 invicem
1208 4652 1350 4718 dimittitis,
1380 4651 1430 4706 lilii
1458 4652 1552 4720 vestri,
1581 4652 1627 4723 qui
1655 4653 1792 4722 majorem

137 4745 228 4801 nullus
248 4753 322 4802 esset
340 4745 418 4802 locus
437 4744 542 4801 consilii
560 4743 730 4800 admonentis
753 4745 885 4816 Apostoli,
902 4761 936 4801 ne
986 4747 1088 4811 partem
1113 4748 1273 4812 sequuntur,
1296 4740 1428 4796 immundi
1456 4749 1558 4806 essent,
1582 4741 1609 4794 id
1633 4749 1675 4796 est
1699 4742 1728 4795 in
1749 4742 1792 4797 in-

137 4835 190 4892 hoc
209 4833 297 4891 fieret.
322 4834 433 4906 Legitur
455 4841 546 4889 tamen
570 4833 644 4904 quod
665 4833 769 4888 Esdras
792 4834 934 4905 prophete,
986 4825 1115 4884 fidelitate
1138 4829 1339 4884 remanebunt:
1363 4830 1450 4898 major
1472 4829 1543 4884 enim
1566 4836 1630 4884 tunc
1653 4838 1711 4884 erat
1734 4847 1793 4885 nn-

138 4922 194 4980 imo
209 4923 340 4979 Dominus
351 4937 399 4992 per
412 4937 473 4976 eum
484 4936 540 4976 non
553 4921 635 4977 modo
644 4921 777 4993 permisit,
791 4922 840 4976 sed
854 4921 936 4977 etiam
986 4933 1079 4972 merus
1094 4915 1244 4973 infidelium
1264 4933 1345 4990 quam
1371 4915 1503 4973 fidelium.
1522 4915 1579 4989 (78)
1593 4917 1671 4972 Nunc
1695 4926 1790 4974 autem

135 5012 218 5082 jussit
246 5009 377 5067 Israelitis
400 5025 500 5065 uxores
526 5008 661 5065 dimittere
684 5009 862 5081 alienigenas,
886 5027 937 5083 per
987 5004 1034 5060 lilii
1049 5005 1132 5061 vestri
1147 5005 1319 5073 sanctisunt,
1335 5005 1420 5060 idest
1435 5005 1592 5074 Christiani,
1610 5005 1667 5061 sire
1682 5021 1739 5061 uno
1756 5023 1789 5062 aa

139 5115 207 5172 quas
228 5098 304 5155 ibant
321 5099 356 5154 ad
380 5097 446 5154 deos
470 5098 573 5153 alienos
597 5098 623 5169 (f
635 5099 715 5154 Esdr.
733 5099 778 5168 x);
804 5115 859 5154 non
883 5099 936 5156 ilfae
985 5093 1142 5166 parentibus
1165 5102 1284 5163 auctore,
1308 5093 1365 5150 sive
1387 5101 1512 5166 utroque,
1537 5093 1609 5166 quod
1632 5109 1688 5148 non
1710 5093 1790 5152 lieret

173 5277 225 5342 (τι)
243 5275 711 5342 faustinustesermoneinnoate.
1020 5267 1065 5334 (77
1094 5270 1320 5334 lai-,deseruere

187 5344 230 5410 75)
249 5343 302 5408 ld.,
315 5345 346 5396 ad
357 5345 503 5398 nolentium.
1021 5335 1066 5405 (78
1094 5337 1143 5402 ld.,
1156 5337 1186 5389 de
1198 5349 1275 5389 serm.
1287 5337 1312 5389 iu
1324 5339 1415 5391 εεειε.

187 5411 228 5476 te)
244 5411 297 5472 1d.,
310 5413 336 5464 iu
348 5413 443 5465 eudem
