3878 6322
416 23 554 79 luntatem.
570 24 635 79 ldeo
651 22 687 78 ita
704 21 783 92 lucio,
799 39 836 78 oe
850 25 933 91 sorte,
950 37 1016 76 cum
1032 21 1098 76 otiis
1107 19 1213 92 praedi-
1264 32 1343 89 eques
1361 19 1524 75 inundantes
1549 29 1621 76 secut

416 113 549 177 caverim,
566 113 625 185 ipse
641 111 773 184 reprobus
787 110 902 182 efficior,
917 109 945 164 id
960 115 1001 164 cst
1016 125 1032 164 a
1047 110 1104 163 Deo
1120 122 1215 178 repro-
1264 106 1375 162 deserto
1387 108 1468 177 hujus
1483 109 1576 163 mundi
1596 125 1621 163 su

417 200 505 256 batus.
530 198 719 274 [Augustinus]
740 200 794 256 Suo
822 198 919 254 timore
942 213 993 253 nos
1018 195 1114 254 terruit
1138 198 1213 266 Apo-
1264 203 1457 267 consequente,
1470 195 1496 250 id
1512 203 1553 252 est
1563 211 1622 252 sect

417 288 513 344 stolus.
543 287 612 358 Quid
636 288 708 344 enim
731 287 796 344 iacit
819 302 908 360 agnus
935 286 981 341 ubi
1000 285 1091 341 tremit
1117 283 1214 340 aries?
1264 283 1304 339 De
1318 299 1373 355 qua
1388 284 1497 339 subdit:

416 379 473 434 Nos
502 393 568 452 ergo
596 384 680 432 terret
709 393 758 432 suo
787 375 922 446 exemplo,
947 374 1041 431 diceus
1064 389 1093 430 se
1118 373 1214 430 timere
1300 373 1619 429 Petrecoutemerotdtz

417 466 490 538 quod
515 465 569 522 cito
592 465 752 538 contingere
776 471 880 536 posset,
895 470 959 519 tuno
981 462 1043 518 aliis
1066 460 1155 536 magis
1169 476 1214 517 ca·
1265 459 1340 515 Solet
1362 460 1436 514 enirn
1459 476 1505 516 res
1529 477 1590 531 quse
1614 478 1623 515 s

418 554 535 610 ventum
548 561 590 610 est
605 570 640 610 ne
655 553 819 610 offendendo
834 552 888 608 sint
902 551 1021 624 reprobi.
1264 546 1400 620 significat
1421 547 1564 604 nominari.
1581 549 1624 602 Eo

1263 652 1314 706 per
1337 635 1523 702 substantiam,
1547 636 1624 706 sedp

731 695 844 752 CAPUT
858 695 894 749 x·
1264 731 1337 780 recte
1352 732 1428 794 petra
1445 739 1571 796 sequeus,
1586 724 1625 779 die

452 805 538 862 Vsus.
557 805 617 859 t-t.
632 833 667 844 -
681 803 749 858 Nolo
771 804 849 859 euim
869 819 916 860 cos
935 802 1077 873 ipoorore,
1096 803 1212 872 fratres,
1264 811 1463 868 (1111151131111
1482 812 1554 867 enim
1569 811 1625 866 defi,

417 895 550 969 quoniam
565 897 660 962 potres
675 891 767 948 nostri
780 907 877 948 omnes
890 891 939 947 sub
953 891 1025 946 nube
1040 890 1168 962 fuerunt,
1186 892 1214 944 et
1263 900 1350 973 giung
1367 899 1459 955 ademi
1472 900 1606 956 christus,
1623 901 1625 954 j

418 998 516 1039 omues
535 997 614 1037 more
630 982 821 1046 transierunt,
837 983 866 1035 ei
886 995 982 1035 omnes
1005 980 1037 1034 io
1056 979 1143 1051 Moyse
1164 979 1213 1033 to·
1264 987 1325 1055 illis,
1343 989 1390 1044 sed
1407 989 1540 1044 Christus,

415 1071 522 1146 ptiaoti
534 1073 603 1126 suot
617 1071 648 1125 iu
664 1070 736 1124 nuic
751 1073 778 1124 ct
794 1069 825 1123 in
840 1069 925 1137 mort,
935 1071 963 1123 ct
977 1083 1073 1124 omncs
1088 1066 1214 1122 eumdem
1301 1077 1359 1143 Vel,
1377 1081 1472 1150 paim
1486 1059 1590 1143 1101111,
1607 1093 1625 1131 n

417 1176 510 1218 escam
524 1159 684 1232 spiritalem
701 1157 956 1224 manducaverunt,
974 1161 1001 1211 ct
1021 1171 1117 1214 omnes
1133 1170 1213 1210 eum-
1225 1193 1251 1254 B
1264 1164 1343 1221 miles
1367 1181 1470 1232 sumus,
1487 1179 1541 1220 non
1562 1164 1602 1219 illi
1625 1187 1627 1217 1

416 1250 598 1322 compotum
619 1248 778 1320 spiritalem
801 1245 939 1302 biberunt.
963 1245 1095 1301 Bibebcot
1117 1247 1213 1299 autem
1264 1253 1343 1309 bonis
1357 1254 1490 1324 patribus,
1506 1269 1603 1310 omem
1625 1293 1627 1306 ,

417 1338 450 1395 de
471 1337 599 1410 spiritati
617 1338 803 1408 consequente
826 1350 871 1390 eos
893 1337 986 1406 petro,
1012 1337 1094 1406 petro
1117 1336 1214 1388 cutem
1263 1343 1545 1398 maretmmtmnc
1561 1343 1625 1397 Haeo

417 1431 480 1483 croc
495 1427 633 1482 corteto.
1263 1431 1352 1503 lloyse
1367 1431 1504 1503 baptizoti
1517 1434 1587 1485 eunt
1602 1431 1628 1485 io

453 1516 520 1572 Noto
535 1515 621 1580 emitte,
639 1521 692 1570 etc.
709 1515 739 1568 lu
760 1513 976 1586 precedentibus
994 1511 1129 1566 abstinere
1149 1509 1214 1565 ali·
1265 1520 1317 1574 zati
1340 1519 1467 1574 dicuntur
1490 1519 1518 1574 in
1541 1520 1629 1590 Moyse

417 1603 477 1660 eills
498 1601 655 1658 inductione
678 1602 813 1670 similium,
839 1610 865 1658 el
893 1600 1017 1671 exemplo
1042 1599 1082 1654 sul
1111 1599 1213 1654 docuit.
1264 1607 1310 1662 illa
1332 1607 1425 1662 omnia
1447 1606 1578 1678 gerebant
1599 1606 1629 1679 fig

417 1692 476 1755 liic,
491 1690 617 1762 exemplo
635 1689 791 1746 ludaeorum
807 1691 853 1763 qui
874 1689 1043 1764 negligentia
1064 1703 1111 1742 sua
1126 1685 1215 1743 otien-
1265 1703 1307 1750 est
1327 1695 1465 1766 baptismi.
1481 1697 1590 1766 Moyses
1612 1711 1630 1749 c

417 1780 525 1847 derunt,
556 1795 607 1833 nos
636 1779 766 1835 sollicitos
795 1778 875 1847 tacit,
905 1777 1052 1833 ostendens
1080 1775 1214 1847 antiquos,
1265 1790 1321 1838 tum
1344 1790 1478 1849 sanctum,
1494 1799 1567 1838 mare
1587 1784 1627 1838 Ru

416 1885 468 1940 pet·
502 1875 731 1924 sacramentorum
767 1876 889 1924 velerum
922 1863 1214 1930 communicationem,
1265 1871 1399 1943 sanguine
1427 1871 1527 1926 Christi
1553 1886 1631 1927 conse

416 1972 527 2027 pinnam
549 1971 603 2011 non
627 1957 759 2012 evasisse.
786 1955 871 2025 Quasi
892 1954 983 2012 dicat:
1008 1952 1113 2009 Valenti
1137 1967 1215 2008 com·
1266 1958 1402 2032 significat
1442 1958 1557 2027 fideles3
1593 1974 1631 2014 m<

418 2044 586 2116 prehendere
610 2045 649 2101 sic
674 2053 715 2101 est
739 2046 887 2117 agendum,
909 2051 938 2099 ut
959 2041 1034 2098 dixi:
1058 2042 1119 2096 Non
1143 2039 1216 2095 enim
1265 2049 1432 2104 abluimnem
1447 2054 1632 2119 peccatorum,

417 2133 568 2205 baptismus
583 2140 608 2190 et
628 2141 728 2190 coetera
752 2141 922 2191 sacramenta
941 2131 1085 2197 sufficiunt,
1101 2136 1130 2184 ut
1153 2128 1215 2201 qui·
1265 2145 1326 2192 runt
1344 2135 1446 2208 figam,
1473 2136 1522 2191 illa
1544 2143 1607 2192 tuno
1627 2139 1632 2190 1

417 2223 482 2277 dam
503 2230 607 2293 putant,
625 2223 694 2279 sicut
716 2239 767 2279 nco
788 2222 888 2278 Judaeis
913 2219 1046 2276 beneficia
1061 2218 1111 2274 Dei
1125 2218 1217 2274 value-
1266 2233 1324 2280 stra
1344 2225 1432 2280 salute
1456 2224 1633 2296 complentur,

417 2318 491 2375 runt,
508 2318 645 2381 cumpost
663 2318 817 2382 peccarent.
1266 2314 1412 2378 tiabantur,
1442 2328 1514 2369 nunc
1543 2321 1633 2384 praetet

454 2399 520 2454 Noto
536 2400 611 2454 enim
627 2415 673 2454 coe
694 2400 833 2470 ignorare,
850 2414 867 2453 o
882 2397 989 2464 iratres,
1011 2400 1144 2470 quoniam
1161 2415 1215 2471 pa·
1266 2410 1478 2472 cognoscuntur.
1504 2403 1540 2456 Et
1561 2409 1602 2456 est
1622 2417 1634 2457 o

419 2491 476 2543 tres
490 2487 593 2553 nostri,
609 2486 635 2540 id
651 2495 692 2542 est
705 2487 874 2541 institutores
889 2493 990 2541 uostrae
1011 2484 1085 2540 fidei.
1103 2486 1213 2550 Omnes,
1266 2490 1345 2554 duce,
1372 2489 1498 2560 baptizati
1526 2497 1589 2544 sunt
1614 2489 1634 2542 ir

419 2575 522 2631 scilicet
545 2583 601 2630 tarn
624 2575 688 2630 boni
713 2591 793 2647 quam
816 2575 890 2642 mali,
914 2576 1034 2644 suerunt
1059 2575 1108 2630 sut
1133 2574 1215 2636 octe,
1233 2544 1376 2650 csignum
1405 2576 1534 2648 baptismi
1568 2593 1635 2645 acce

418 2671 580 2735 protegente
594 2679 643 2718 eos
658 2663 693 2718 ab
713 2671 781 2719 aestu
802 2671 828 2718 et
850 2669 944 2719 contra
959 2661 1109 2734 AEgyptios,
1124 2677 1159 2716 ne
1176 2661 1217 2715 vi·
1267 2665 1318 2720 bus
1342 2665 1413 2720 idem
1438 2665 1531 2721 valuit.
1558 2665 1635 2735 (6)E

419 2752 548 2808 derantur
571 2752 606 2807 ab
630 2751 680 2807 eis.
707 2752 766 2817 Vel,
791 2751 841 2806 sub
863 2751 935 2806 unbc
959 2749 1075 2818 luerunt,
1098 2749 1162 2821 quia
1190 2748 1217 2803 iu
1267 2769 1342 2808 mare
1370 2753 1544 2808 transierunt.
1575 2753 1624 2808 ilic

416 2839 506 2914 figura
535 2840 621 2896 nostri
645 2840 841 2914 contingebant
862 2838 917 2894 illis
940 2838 1041 2894 omnia.
1066 2841 1101 2894 ct
1122 2854 1218 2895 omncs
1267 2841 1396 2912 baptizati
1418 2848 1481 2896 sunt
1508 2842 1535 2895 in
1559 2842 1636 2912 bloys

420 2931 611 2996 transierunt,
634 2929 732 2984 mersis
759 2928 892 2995 hostibus,
917 2943 996 2984 ocare
1029 2927 1163 2992 Rubrum;
1189 2930 1217 2982 et
1267 2945 1335 3002 ergo
1357 2928 1444 3002 ligura
1468 2929 1552 2984 maris
1575 2937 1637 2984 tanti

419 3034 515 3074 omnes
529 3020 561 3074 ἰα
582 3016 823 3089 Mopsouestia
846 3017 946 3073 ducatu
968 3016 1063 3087 Moysi,
1081 3015 1218 3087 baptizoti
1268 3026 1398 3090 quantum
1425 3017 1549 3074 velabit?
1577 3018 1605 3072 Si
1629 3035 1637 3072 t

419 3110 486 3162 sunt
501 3107 533 3162 io
547 3107 621 3162 nube
636 3110 664 3162 et
679 3107 710 3160 in
724 3107 808 3161 muri.
821 3103 1002 3178 [Ambrosius]
1016 3104 1044 3159 id
1059 3111 1100 3158 est
1110 3102 1217 3176 purgati
1267 3106 1410 3176 trejectum
1424 3107 1553 3177 populum
1568 3106 1602 3161 ad
1624 3123 1638 3160 n

418 3190 541 3262 pervisa
564 3189 642 3262 signa
666 3189 732 3257 illa3
747 3189 808 3262 quia
823 3205 873 3261 per
888 3205 931 3254 ea,
948 3195 974 3244 et
992 3203 1008 3243 a
1031 3195 1118 3242 morte
1132 3187 1218 3242 immi·
1267 3193 1342 3249 benit
1357 3194 1481 3250 christus
1492 3193 1519 3248 in
1530 3193 1638 3250 veritate

418 3286 499 3335 neate
520 3278 627 3334 liberati
650 3286 727 3344 sunt;
744 3286 770 3333 et
785 3277 821 3333 ab
841 3275 996 3350 ignorantia
1012 3275 1063 3331 Dei
1077 3291 1138 3346 quaa
1153 3291 1217 3346 pre·
1267 3298 1316 3353 per
1331 3297 1393 3337 euru
1407 3281 1532 3352 populat
1545 3297 1596 3352 per
1608 3281 1639 3335 bo

418 3367 511 3423 mebat
530 3375 593 3423 tuno
615 3383 710 3422 omnes
733 3373 830 3440 gentes
846 3365 977 3433 mundati,
993 3365 1136 3436 preparati
1155 3371 1218 3419 sunt
1266 3371 1363 3426 dentes
1384 3369 1482 3426 occisis
1503 3369 1629 3425 omnibus

419 3457 453 3512 ud
477 3455 665 3528 accipiendam
679 3455 789 3527 legem:
811 3459 839 3511 ct
863 3470 960 3510 omncs
980 3455 1107 3510 eamdem
1125 3469 1217 3509 escam
1268 3457 1328 3528 Quo
1351 3458 1479 3527 traiecit?
1500 3458 1533 3513 ad
1556 3474 1638 3513 manu

419 3546 599 3618 spirituatem
624 3545 879 3608 manducaverant,
910 3541 1014 3598 scilicet
1040 3557 1156 3609 mannam
1190 3545 1218 3597 ct
1267 3546 1345 3604 vivus
1368 3545 1413 3618 qui
1432 3546 1466 3602 de
1488 3546 1560 3602 ooelo
1574 3545 1640 3602 deso

419 3634 548 3691 eumdem
561 3637 660 3706 potum
673 3634 833 3705 spiritatem
847 3633 985 3698 biberunt,
1004 3630 1104 3686 scilicet
1119 3645 1218 3702 aquam
1266 3635 1463 3691 manducantes
1486 3649 1577 3691 escam
1602 3650 1641 3690 eat

418 3722 453 3778 de
476 3729 565 3795 petra.
589 3725 698 3788 Manna,
724 3730 750 3776 et
772 3737 870 3792 aquam
894 3736 953 3791 quae
976 3720 1054 3774 tluxit
1074 3719 1109 3775 da
1129 3726 1215 3790 petra,
1267 3739 1328 3778 nos.
1345 3725 1384 3794 (l)
1400 3723 1467 3778 Cum
1483 3723 1548 3779 dicit
1561 3722 1637 3793 spirit

419 3811 483 3868 dicit
511 3810 677 3883 spiritualia,
713 3809 775 3882 quia
803 3824 857 3864 non
889 3816 1000 3872 natura,
1036 3823 1091 3864 non
1126 3806 1217 3862 mundi
1267 3811 1329 3867 liter
1345 3810 1459 3884 intelligi
1479 3811 1506 3866 in
1522 3811 1638 3876 Christo,

418 3900 491 3974 lege,
516 3900 565 3956 sed
585 3897 635 3955 Dei
658 3899 757 3954 virtute
779 3905 872 3970 parata
890 3905 962 3964 sunt,
985 3897 1043 3952 sine
1066 3897 1216 3952 elemento·
1230 3897 1372 3960 Dsoilicet
1399 3899 1473 3971 quod
1511 3899 1641 3970 spirituali

419 4005 478 4044 rum
507 3988 706 4054 commistione,
736 3986 864 4064 habentia
892 3986 971 4042 etiam
998 3986 1025 4040 in
1048 4003 1078 4041 so
1102 3983 1217 4057 liguram
1268 4004 1351 4043 unum
1379 3987 1500 4058 exponit,
1528 3988 1631 4044 scilicet

420 4077 499 4132 luturi
526 4076 657 4150 mysterii,
682 4075 755 4148 quod
776 4091 832 4131 non
852 4074 985 4130 sumimus
1007 4074 1035 4129 in
1057 4073 1217 4130 memoriam
1267 4083 1362 4147 aperto
1398 4083 1495 4132 cuncta
1528 4075 1643 4131 iulseruo

419 4164 528 4221 Christi.
545 4166 665 4238 Ideoque
687 4164 765 4236 panis
789 4163 949 4236 angelorum
969 4163 1057 4218 dictus
1077 4171 1127 4232 est,
1154 4161 1218 4235 quia
1268 4181 1367 4230 unum,
1397 4163 1426 4219 in
1457 4172 1556 4222 caetera
1584 4164 1644 4218 intr«

418 4253 518 4310 virttue
541 4270 594 4326 qua
616 4253 706 4325 angeli
730 4252 880 4308 subsistunt
903 4259 1011 4307 orestus
1032 4259 1084 4320 est,
1107 4252 1159 4306 hoc
1178 4251 1217 4305 si·
1267 4268 1365 4308 sensus
1382 4267 1389 4307 :
1405 4252 1639 4309 Manducaverunt

419 4341 552 4416 gnificans
576 4343 640 4414 quia
665 4341 699 4397 de
723 4341 800 4397 coelis
824 4347 953 4396 venturus
977 4347 1044 4408 erat,
1069 4339 1114 4411 qui
1137 4338 1218 4409 spiri·
1267 4348 1295 4398 ot
1316 4339 1498 4411 spiritualem
1521 4340 1569 4395 sed
1594 4340 1644 4412 spir

419 4430 528 4486 tualiter
551 4436 686 4502 pasceret.
702 4429 781 4485 Unde
804 4436 830 4484 ot
854 4443 954 4483 manna
977 4428 1052 4498 prius
1075 4427 1219 4483 Dominico
1268 4428 1519 4499 nos;corporelem
1542 4443 1608 4484 vero
1631 4444 1645 4483 a

418 4519 462 4574 die
485 4518 559 4572 venit
581 4518 616 4573 de
638 4517 708 4572 coelo
729 4517 764 4572 ad
787 4516 951 4572 saturitatem
974 4516 1076 4587 populi.
1099 4516 1218 4587 Ideoque
1268 4517 1405 4589 signitioat
1434 4515 1581 4580 Christum,
1612 4525 1638 4570 et

420 4606 568 4663 secundum
601 4607 654 4661 hoc
686 4613 761 4661 recte
792 4619 901 4672 oscam,
931 4612 958 4659 et
985 4611 1077 4675 potum
1109 4604 1218 4659 illorum
1267 4605 1321 4661 lilii
1335 4620 1410 4675 vero,
1427 4603 1531 4660 scilicet
1552 4603 1598 4675 qui
1612 4619 1646 4658 no

420 4694 485 4751 dicit
513 4693 690 4766 spiritualem,
715 4693 807 4748 idest
830 4692 969 4763 spirituale
992 4692 1094 4764 aliquid
1118 4690 1219 4765 signifi·
1267 4701 1331 4749 runt
1345 4701 1372 4748 et
1386 4692 1484 4748 mortui
1505 4700 1567 4746 sunt
1590 4701 1647 4748 setet

420 4793 535 4841 cantem.
552 4783 685 4839 Bitcdont
699 4781 978 4852 cctcmdespiritoti
990 4785 1083 4853 petro,
1095 4780 1158 4854 quia
1168 4781 1219 4836 Dei
1268 4781 1354 4838 etalii
1374 4779 1448 4838 boui.
1466 4778 1579 4849 Quare?
1594 4781 1633 4852 (8)

453 4963 491 5024 ist
510 4962 666 5028 lapsurus,
678 4975 753 5025 super
764 4962 893 5014 hannem.
1303 4961 1340 5026 (t)
1359 4961 1407 5024 ld.‚
1420 4963 1505 5013 contra
1517 4961 1642 5012 Faustum.

455 5031 488 5096 161
506 5030 554 5097 td.,
566 5043 639 5098 super
650 5030 781 5082 loannem.
1304 5027 1341 5094 (8)
1359 5029 1408 5092 ld,
1420 5040 1494 5093 super
1507 5029 1635 5081 loannem.
