3906 6056
133 149 206 208 ttoe
466 147 721 207 conmortuus
739 147 901 206 diherst.
921 147 958 202 D.
981 145 1095 204 redut.
1110 175 1145 188 -
1159 145 1197 202 ΙΝ
1214 146 1271 202 ΕΡ.
1294 145 1342 202 th
1361 142 1450 203 hott.
1720 143 1790 200 illo

134 287 188 328 nos
202 269 434 330 udchedicrrdum
445 271 641 328 consentiendo
655 280 683 328 ει
697 271 845 343 operando,
863 268 1090 332 seruthtecistis
1114 268 1191 325 meli.
1216 269 1296 326 Sicut
1319 269 1407 338 caim,
1432 275 1484 325 etc.
1509 266 1559 326 llic
1581 265 1702 324 ostendit
1723 264 1792 324 illud

137 361 218 427 cetis,
234 359 264 416 id
279 367 322 416 εει
336 359 475 432 cogemini
489 360 607 432 quadam
617 360 780 418 necessitate
794 376 875 433 quam
889 359 940 414 im·
991 359 1147 426 humanum,
1163 358 1297 429 pudorem
1322 356 1457 414 incutiens
1486 356 1553 412 illis'
1570 356 1637 412 dum
1664 353 1738 422 dicit,
1767 363 1796 412 ut

136 449 229 514 portet
245 442 415 500 consuetudo
429 443 464 500 ed
474 443 730 517 voluntatemejur,
742 443 939 511 cotobedistis,
990 447 1042 504 hoc
1058 445 1154 502 saltem
1169 445 1325 517 dependant
1337 444 1458 515 justitie,
1474 445 1548 518 quod
1569 445 1645 517 prius
1672 444 1794 500 immun·

136 532 165 588 id
180 539 223 588 est
237 539 400 603 postequum
422 531 449 587 ei
471 531 602 588 obedistis
615 551 623 599 ;
638 533 690 588 etsi
714 548 770 588 non
791 540 854 589 unte
878 547 940 588 curn
992 535 1065 592 ditiae
1079 535 1242 591 detulerant.
1258 531 1417 608 [Origenes]
1431 533 1502 602 Quid
1516 549 1584 607 ergo
1609 542 1664 590 tam
1693 535 1793 590 huma-

136 620 258 692 primum
273 619 442 676 exhiberetis
458 634 508 676 vos
522 635 627 676 servos.
643 621 676 676 Et
690 636 725 677 eu
740 621 852 678 nescitis
866 621 942 677 hoc?
992 640 1067 691 num,
1084 623 1112 679 id
1127 631 1168 680 est
1183 631 1238 678 turn
1252 622 1324 688 leve,
1350 629 1406 677 tem
1429 621 1488 678 siue
1512 636 1597 677 onere
1623 622 1697 694 quod
1719 638 1796 694 pror·

138 708 217 766 Servi
233 707 309 777 estis,
326 707 398 775 dico.
414 707 443 763 id
464 709 578 765 estsine
601 710 720 781 percuti,
746 709 880 778 ducentis,
906 710 942 766 ud
992 728 1039 767 sus
1054 710 1128 766 nulls
1144 710 1229 782 possit
1253 709 1344 767 cernis
1368 705 1510 765 infirmitas
1536 711 1694 766 excusaret
1709 709 1794 779 Quasi

137 803 271 867 mortem,
282 795 310 852 id
320 795 407 853 ested
420 803 561 868 peccatum
574 797 674 867 majus,
690 797 734 854 vel
748 797 784 856 ud
811 806 942 854 eternam
992 799 1165 857 dicat2llere
1189 799 1335 854 humanum
1356 796 1428 868 dico,
1452 797 1517 869 quie
1546 797 1599 854 hoc
1631 798 1791 855 humorum.

137 900 271 957 poenam3
287 885 345 942 sive
355 884 533 956 obeditionis,
548 883 576 941 id
590 893 631 942 est
642 885 753 956 justitiae
766 886 890 942 ducentis
907 886 943 944 ud
992 889 1072 946 Sicut
1084 889 1161 945 cuim
1172 887 1353 957 exhibuistis,
1369 887 1397 941 id
1411 894 1453 942 est
1467 885 1605 942 voluntate
1629 885 1699 943 duce
1721 903 1794 958 prae-

138 975 300 1046 iustitium,
315 973 458 1044 majorem,
474 973 518 1030 vel
532 973 568 1030 ud
582 982 711 1032 aetemem
724 974 816 1031 vitem.
993 975 1121 1048 parastis,
1134 977 1260 1032 membro
1270 979 1373 1043 uestra,
1389 990 1449 1046 qum
1464 973 1547 1030 vestri
1560 973 1629 1043 juris
1654 981 1756 1040 esseut,
1772 973 1797 1030 si

179 1061 254 1118 31
277 1062 400 1129 Grotius,
413 1071 477 1129 etc,
489 1062 569 1134 quasi
582 1062 674 1118 dicet:
691 1063 756 1133 Ejus
764 1063 830 1120 estis
839 1063 884 1120 cui
894 1079 943 1120 ros
993 1064 1109 1130 velletis,
1125 1065 1230 1121 servire
1245 1062 1386 1136 operando
1396 1062 1587 1119 immunditie
1602 1061 1704 1129 cernis,
1716 1063 1795 1118 idest

141 1149 228 1218 datis;
239 1165 293 1225 ego
303 1155 401 1208 auum
409 1151 517 1224 qrottos
528 1151 730 1224 agoDeodeeo
740 1153 812 1225 quod
821 1169 884 1208 cum
891 1153 944 1225 pri·
992 1153 1117 1220 luxuriae,
1132 1168 1193 1225 quse
1208 1168 1309 1223 eorpus
1325 1151 1456 1223 inquinat,
1472 1154 1501 1208 et
1513 1151 1665 1224 iniquitati
1683 1151 1793 1221 mentis,

141 1255 175 1294 us
190 1238 289 1294 essetis
304 1242 377 1295 servi
392 1239 497 1310 peccati
511 1255 567 1296 nou
581 1240 674 1308 modo,
691 1247 717 1296 et
731 1242 783 1298 hoc
799 1249 840 1298 εει
871 1241 945 1314 quod
993 1257 1055 1314 que
1069 1241 1119 1298 etsi
1135 1257 1236 1312 corpus
1249 1255 1304 1296 non
1318 1239 1441 1312 inquinet
1466 1238 1585 1294 animem
1611 1247 1701 1294 temen
1731 1255 1795 1296 cor-

142 1327 181 1384 ait
196 1326 236 1384 sio
250 1327 313 1401 lege
331 1326 448 1384 litteram
462 1346 470 1396 3
485 1327 564 1401 quusi
578 1329 651 1386 dicat
666 1345 672 1384 :
688 1329 728 1390 lta
754 1338 796 1385 εει
822 1337 850 1386 ut
876 1329 942 1397 dixi,
993 1330 1103 1402 rumpit.
1121 1329 1260 1401 luiquitati
1275 1329 1337 1384 dico
1351 1328 1472 1395 ducenti,
1488 1327 1525 1384 od
1546 1328 1740 1400 iniquitatem,
1768 1326 1797 1382 id

142 1423 171 1472 et
184 1415 236 1472 hoc
250 1414 279 1470 in
293 1414 371 1471 vobis
385 1423 509 1488 apparet,
526 1417 572 1488 qui
584 1418 683 1489 fuistis
698 1417 846 1490 aliquando
869 1419 945 1475 servi
993 1426 1036 1474 εει
1049 1418 1085 1474 sd
1100 1417 1448 1474 meliconsummstiouem.
1480 1417 1531 1484 lto,
1547 1415 1575 1470 id
1603 1421 1645 1472 εει
1673 1414 1798 1472 similiter

142 1505 264 1577 peccati,
281 1519 354 1560 nuno
369 1512 459 1560 autern
473 1506 614 1571 obedistis,
629 1513 656 1561 et
670 1521 720 1577 per
734 1507 786 1562 hoc
800 1507 866 1562 estis
879 1505 944 1564 lecti
993 1524 1082 1577 nunc,
1094 1523 1156 1564 curu
1171 1506 1229 1562 sitis
1243 1505 1350 1561 liberati
1365 1521 1380 1560 ε
1394 1513 1518 1578 ρεεεειο,
1544 1503 1683 1572 exhibete,
1704 1503 1733 1559 id
1756 1510 1799 1560 est

146 1591 219 1648 servi
235 1591 355 1661 justitias,
379 1591 407 1647 id
431 1600 473 1648 εει
492 1593 603 1650 Christi.
629 1593 768 1651 Obedistis
800 1595 863 1652 dico
889 1611 944 1652 non
958 1603 1159 1690 Bpraepsrate,
1175 1597 1300 1652 membro
1314 1599 1418 1664 vestro,
1435 1611 1496 1666 quse
1524 1593 1610 1650 vestri
1631 1592 1701 1663 juris
1724 1600 1796 1661 sunt,

142 1680 327 1752 specietenus,
348 1680 398 1737 sed
430 1697 468 1738 es
500 1683 592 1752 corde,
625 1682 653 1738 id
684 1691 727 1739 est
755 1683 839 1740 suuni
868 1683 944 1754 judi-
994 1686 1100 1743 seruire
1108 1685 1259 1756 operando,
1272 1684 1397 1756 justitie
1411 1682 1530 1750 ducenti,
1546 1683 1578 1740 ist
1588 1682 1798 1751 sanctificatio·

139 1769 196 1840 cio,
212 1769 275 1841 quis
289 1785 341 1840 per
354 1778 480 1826 usturam
493 1787 550 1828 non
564 1787 615 1843 per
629 1771 731 1845 legem,
760 1787 793 1829 ex
809 1773 945 1830 voluntate
994 1771 1110 1840 rtem,id
1124 1781 1166 1829 est
1181 1773 1215 1828 ad
1230 1772 1296 1828 boni
1309 1771 1579 1830 consummationem.
1603 1772 1637 1826 Et
1661 1778 1703 1828 est
1732 1786 1798 1826 sen-

139 1872 196 1914 uou
212 1874 244 1914 ex
262 1857 358 1914 timore
373 1857 507 1915 obedistis
522 1859 596 1918 tidei.
613 1861 653 1917 De
681 1860 734 1918 hoc
761 1870 862 1930 eutem,
892 1878 945 1934 ego
995 1879 1052 1919 sus.
1069 1863 1146 1935 (tor)
1169 1863 1243 1920 Sicut
1264 1871 1329 1918 tunc
1352 1861 1443 1917 nullus
1468 1860 1548 1916 timor
1570 1860 1662 1934 coegit
1684 1875 1734 1916 vos
1763 1858 1799 1915 ud

141 1946 245 2018 gratiss
260 1947 328 2014 beo,
345 1947 459 2014 scilicet,
475 1949 549 2020 quod
563 1965 625 2005 cum
639 1947 716 2022 prius
739 1949 837 2008 essetis
863 1951 944 2020 tales,
994 1952 1175 2024 peccandum,
1201 1951 1250 2007 sed
1273 1950 1359 2006 libido
1382 1949 1562 2022 voluptasque
1594 1947 1685 2020 pecati
1712 1947 1798 2015 duxit,

141 2034 226 2090 modo
239 2050 294 2090 nou
312 2034 388 2101 estis,
404 2051 454 2092 vos
468 2035 530 2093 dico
546 2037 690 2094 tendentes
699 2039 732 2094 in
741 2055 804 2096 eom
822 2042 946 2112 sonuum
995 2041 1036 2098 sic
1050 2041 1133 2097 modo
1149 2040 1184 2096 cd
1196 2040 1269 2109 juste
1283 2037 1439 2104 vivendum,
1455 2053 1511 2094 non
1526 2053 1575 2094 vos
1589 2036 1716 2109 supplicii
1738 2052 1800 2094 me-

142 2123 331 2190 accersente
346 2131 389 2179 est
403 2123 431 2178 in
444 2123 597 2181 doctrinam
613 2143 673 2199 quae
687 2135 729 2182 est
744 2126 945 2186 sumusnostra.
996 2138 1039 2185 tus
1054 2137 1160 2201 urgeat,
1177 2128 1226 2184 sed
1251 2126 1398 2184 delectatio
1419 2127 1593 2199 charitasque
1614 2125 1726 2196 justitie
1746 2125 1800 2182 du-

146 2211 277 2267 Doctrine
292 2212 434 2280 Evangelii
455 2220 497 2269 est
523 2212 611 2271 torma
633 2232 695 2288 quae
718 2215 865 2291 imaginem
895 2214 947 2274 Dei
996 2225 1048 2274 cst.
1064 2219 1098 2272 Et
1112 2218 1171 2273 haec
1197 2215 1317 2288 quidem,
1343 2223 1473 2288 quantum
1496 2214 1564 2271 mihi
1586 2215 1702 2284 videtur,
1727 2229 1800 2271 non-

142 2298 324 2356 detormstam
360 2301 491 2357 restituit.
532 2303 562 2358 ln
590 2319 651 2359 eam
674 2303 797 2374 fonnem,
826 2306 889 2364 dico
914 2308 946 2362 in
995 2307 1060 2362 dum
1074 2314 1116 2362 est
1130 2304 1260 2377 perlecta,
1276 2304 1325 2360 sed
1350 2303 1552 2376 quodammodo
1575 2303 1667 2358 edultu
1683 2301 1797 2372 justitia.

145 2405 231 2462 quum
241 2387 354 2444 formem
369 2405 423 2446 nou
438 2406 490 2462 per
503 2391 628 2458 vosfsed
642 2395 731 2465 gretia
756 2396 817 2464 Dei,
845 2397 947 2455 traditi
996 2394 1073 2452 Unde
1087 2409 1143 2450 non
1157 2392 1259 2449 trustre
1274 2392 1348 2459 dicit,
1364 2393 1523 2447 humerum.
1548 2392 1702 2448 Humanum
1726 2391 1800 2447 euim

144 2479 224 2545 estis,
241 2485 268 2533 et
281 2493 331 2549 per
344 2479 397 2534 hoc
412 2479 526 2536 liberati
536 2480 610 2546 estis,
626 2498 676 2553 per
695 2483 945 2558 allumupeccnto.
996 2491 1038 2538 est
1053 2482 1126 2555 quod
1141 2483 1177 2537 ait
1193 2501 1200 2536 r
1217 2481 1292 2537 Sicut
1305 2480 1467 2536 exhibuistis
1481 2496 1530 2537 ros
1544 2479 1733 2547 immunditie,
1762 2479 1799 2535 ita

144 2565 173 2621 id
188 2573 230 2620 εει
243 2582 258 2620 ε
273 2564 367 2623 tomite
381 2568 485 2638 peccati
501 2584 536 2624 ne
550 2579 657 2641 regnet,
674 2573 747 2628 serni
762 2580 853 2629 autem
874 2577 947 2647 [acti
997 2571 1123 2628 exhibete
1138 2587 1187 2628 vos
1201 2585 1275 2627 nuuc
1291 2569 1412 2640 justitie,
1438 2568 1502 2640 quia
1524 2570 1585 2642 plus
1608 2568 1689 2625 etiam
1717 2568 1800 2625 debet

146 2654 215 2710 cetis
225 2655 362 2726 justitie,
377 2655 574 2714 consentiendo
588 2665 615 2714 et
629 2661 778 2730 operando.
997 2659 1083 2716 smari
1095 2659 1198 2730 iustitis
1211 2675 1293 2732 quam
1314 2667 1379 2714 tuuc
1401 2657 1483 2714 tuerit
1506 2657 1644 2730 iniquitas,
1669 2665 1698 2712 ut
1722 2655 1798 2713 scili-

181 2742 267 2798 ltnns.
285 2745 378 2802 ts-at.
393 2774 429 2786 -
446 2765 457 2797 ι
473 2746 627 2802 Humanum
641 2747 715 2818 dico,
730 2757 842 2822 propter
870 2750 947 2808 intir·
997 2757 1041 2806 cet
1054 2764 1104 2820 pro
1115 2748 1219 2818 justitie
1238 2747 1334 2804 toleret
1348 2748 1431 2803 homo
1455 2746 1574 2812 dolores,
1597 2754 1625 2802 et
1644 2751 1798 2802 contemnet

149 2829 300 2888 «mitatem
332 2833 424 2888 curnis
449 2841 557 2891 vestre.
592 2834 667 2892 Sicut
692 2837 764 2892 enirn
788 2839 947 2896 exhibuistis
997 2837 1098 2904 omnis,
1120 2837 1200 2892 etiem
1224 2845 1350 2893 mortem.
1383 2835 1497 2891 Suavior
1519 2843 1561 2892 est
1592 2835 1666 2890 enim
1694 2833 1799 2904 justitio

147 2920 300 2976 «membre
313 2929 405 2977 vestra
431 2922 536 2979 servire
559 2923 736 2982 immunditiae
760 2934 787 2982 et
810 2927 949 3000 iniquitati
997 2933 1024 2980 ει
1033 2924 1149 2980 lucidior
1163 2940 1246 2996 quam
1260 2924 1398 2997 iniquitas,
1414 2930 1441 2980 ει
1463 2923 1526 2979 ideo
1550 2923 1639 2997 magis
1653 2923 1796 2980 emunda.

148 3030 159 3056 a
178 3007 213 3063 ad
226 3007 404 3082 iniquitatem,
421 3010 460 3067 its
475 3026 549 3068 nunc
568 3013 691 3070 exhibete
708 2999 841 3071 'membre
854 2990 982 3072 εεειεεΟ
996 3012 1129 3084 hppeude
1144 3012 1217 3068 euim
1237 3011 1368 3082 justitiam
1392 3019 1419 3067 ει
1441 3011 1619 3083 iniquitatem.
1648 3011 1798 3066 Tantumne

146 3097 282 3154 «servire
315 3098 427 3169 justitiae
454 3099 483 3154 in
510 3099 761 3159 sanctificationem.
792 3105 860 3160 Cum
875 3105 947 3162 enirn
995 3100 1112 3158 amande
1126 3099 1291 3171 estjustitis,
1307 3099 1446 3173 quomodo
1460 3107 1550 3155 umstu
1565 3105 1607 3154 εει
1629 3097 1699 3154 illst
1726 3098 1798 3155 obsit

146 3205 159 3236 ι
176 3185 250 3242 servi
259 3187 356 3242 essetis
370 3187 484 3260 peccati,
506 3187 586 3246 liberi
599 3189 690 3247 fuistis
708 3191 829 3261 justitie.
859 3192 947 3263 Quem
997 3198 1026 3246 ut
1039 3189 1090 3257 sic,
1106 3196 1133 3245 et
1145 3189 1248 3246 uhuarn
1262 3188 1306 3246 rel
1320 3187 1359 3244 sic
1373 3185 1493 3244 ameturl
1509 3187 1584 3261 Ergo
1593 3186 1655 3258 plus
1670 3187 1795 3258 emunda,

148 3289 244 3346 vergo
267 3273 384 3331 fructum
419 3275 554 3333 habuistis
582 3285 647 3337 tuuc
670 3279 699 3336 in
721 3279 774 3336 illis
795 3281 823 3337 iu
849 3283 947 3355 quibus
996 3279 1058 3350 plus
1072 3277 1193 3334 omnino.
1207 3279 1238 3332 ln
1250 3275 1391 3350 iniquitate
1401 3283 1565 3334 consecutus
1575 3293 1606 3332 es
1620 3275 1797 3348 voluptatem,

149 3377 251 3418 «nunc
265 3363 448 3421 erubescitis?
996 3383 1047 3439 pro
1066 3365 1169 3438 justitie
1194 3366 1279 3423 tolera
1315 3365 1449 3422 dolorem.
1482 3365 1554 3422 Ecce
1577 3365 1647 3437 plus,
1671 3363 1720 3420 sed
1744 3379 1799 3421 non

185 3452 348 3508 Humanum
361 3453 432 3522 dico,
449 3463 500 3511 etc.
517 3455 656 3514 Hactenus
670 3458 788 3515 ostendit
801 3459 948 3534 Apostolus
996 3455 1062 3513 dieit
1094 3455 1240 3528 Apostolus
1265 3455 1337 3528 plus,
1364 3455 1423 3522 sed·
1448 3454 1529 3512 situl·
1554 3453 1745 3528 [Augustinus]
1769 3452 1799 3510 Si

152 3553 208 3595 non
223 3555 285 3596 esse
305 3541 485 3612 peccandum.
509 3543 559 3600 llic
582 3544 647 3602 dicit
670 3546 736 3619 quid
758 3547 888 3621 deinceps
914 3549 948 3606 sit
997 3561 1066 3623 erqo
1080 3560 1135 3601 uon
1150 3545 1212 3617 plus
1227 3545 1346 3602 servitur
1357 3543 1477 3614 justitiae,
1503 3543 1557 3611 vel,
1582 3542 1610 3597 id
1637 3551 1680 3599 est
1701 3541 1799 3599 saltem

154 3627 301 3701 egendum,
318 3628 423 3686 scilicet
436 3637 465 3686 ut
479 3631 612 3689 servietur
622 3633 742 3703 justitie,
758 3636 793 3695 de
807 3653 862 3710 quo
883 3638 947 3694 nul·
997 3642 1102 3690 tsntum
1125 3633 1267 3700 serviatur,
1292 3640 1420 3706 quantum
1446 3640 1511 3689 tuuc
1534 3631 1669 3704 iniquitutl
1693 3632 1799 3688 servie-

147 3716 189 3771 lus
205 3723 246 3772 εει
260 3715 306 3789 qui
321 3717 407 3788 possit
420 3735 451 3776 se
466 3735 606 3789 excusare,
632 3723 695 3795 quis
718 3723 809 3780 nullus
833 3733 875 3782 εει
902 3728 949 3799 qui
997 3723 1086 3778 betur.
1102 3722 1162 3779 Hoc
1175 3721 1240 3778 dicit
1254 3737 1290 3778 ne
1302 3720 1382 3788 tides,
1398 3720 1477 3793 quasi
1491 3734 1590 3792 aspera
1613 3727 1640 3776 ct
1663 3718 1798 3791 importn-

148 3819 204 3860 nou
227 3805 314 3875 possit
334 3806 405 3863 bene
434 3809 550 3880 operari,
574 3810 671 3866 saltem
694 3812 843 3884 uoluntate,
875 3817 948 3888 quod
998 3810 1061 3866 hilis
1092 3810 1221 3884 fugiatur.
1254 3809 1431 3866 Inveniuntur
1463 3817 1556 3864 temen
1579 3807 1692 3864 torsitsu
1716 3806 1800 3880 aliqui

149 3893 215 3949 item
229 3904 271 3949 est
293 3911 344 3966 per
366 3895 491 3969 gretiam.
525 3897 707 3974 [Ambrosius]
735 3910 762 3958 et
788 3917 823 3959 ue
852 3904 948 3979 religio
997 3899 1054 3972 qui,
1087 3899 1158 3956 sicut
1178 3897 1289 3970 justitiae
1310 3897 1416 3969 pcccati
1444 3897 1610 3969 voluptatem
1642 3910 1801 3969 preposue-

149 3981 301 4038 Christians
315 3985 394 4056 quusi
422 3985 601 4058 importabilis
614 3995 640 4044 et
672 4005 770 4062 aspere
802 3991 946 4062 videretur,
997 3995 1069 4054 mut,
1092 3988 1167 4060 (168)
1200 3985 1238 4042 ita
1260 3993 1424 4058 preponunt
1448 3985 1560 4056 justitie
1588 3984 1800 4042 delectationem

149 4076 175 4126 et
188 4069 251 4126 ideo
264 4070 416 4144 lugeretur.
433 4074 561 4146 quiddam
582 4077 740 4147 humanum,
767 4079 796 4136 id
819 4089 862 4137 est
886 4081 947 4140 leve
996 4075 1177 4148 voluptatibus
1192 4075 1293 4143 cernis,
1309 4091 1360 4148 pro
1372 4073 1476 4145 justitia
1490 4083 1581 4130 temen
1601 4089 1699 4148 poenas
1722 4088 1800 4130 mor-

146 4158 293 4231 praecipit,
320 4159 476 4234 [Origenes]
505 4163 610 4222 scilicet
631 4182 665 4223 ee
686 4183 816 4226 mensum
844 4171 947 4228 servire
997 4172 1105 4237 temque
1120 4163 1177 4236 pati
1190 4162 1346 4220 tormideut.
1364 4164 1518 4220 Humanum
1542 4171 1585 4221 est
1607 4165 1670 4222 hoc.
1699 4163 1799 4219 Parum

41 4295 50 4308 .
149 4247 217 4314 Deo,
234 4263 287 4319 que
300 4248 379 4321 prius
402 4249 592 4310 tubulubemur
615 4265 738 4327 peccato,
763 4274 825 4315 cum
853 4260 946 4334 utique
996 4260 1038 4310 est
1053 4261 1082 4308 ut
1097 4261 1255 4310 contemnes
1275 4252 1408 4325 quidquid
1421 4261 1448 4309 te
1469 4251 1631 4323 delectabat,
1654 4260 1798 4310 contemne

148 4336 310 4407 propensius
324 4337 435 4395 deberet
450 4342 545 4398 serviri
559 4343 618 4400 Deo
629 4361 710 4417 quom
725 4357 853 4418 pecceto;
865 4349 947 4422 quip-
960 4341 1078 4409 Deliam
1095 4341 1226 4414 quidquid
1241 4341 1371 4408 terrebat,
1393 4357 1530 4412 carceres.
1546 4349 1691 4407 immenti,
1717 4339 1800 4397 eliam

148 4440 183 4497 pe
197 4440 259 4480 cum
275 4425 320 4484 hic
341 4428 427 4493 selus,
451 4430 508 4487 illic
529 4431 666 4490 damnatio
689 4436 734 4502 sit,
764 4435 945 4510 [Ambrosius
998 4431 1301 4504 mortem·1nuir0que
1324 4430 1422 4502 (tradit,
1447 4438 1587 4488 8m⁸i0rt⁸
1605 4427 1717 4500 ι’ῑιεῑῑῑῑω
1738 4443 1798 4500 V⁰⁸r

149 4511 295 4588 Origenes}
308 4515 394 4585 Quasi
409 4517 480 4574 dicet
495 4519 548 4576 :Et
559 4522 624 4594 quie
633 4522 712 4580 liberi
721 4526 788 4582 estis
798 4542 815 4582 a
823 4535 945 4599 peccato,
997 4527 1163 4591 praeparate.

148 4601 211 4659 ideo
225 4602 297 4672 dico,
312 4604 396 4662 idest
418 4608 548 4681 praecipio
572 4609 659 4668 vobis.
685 4614 821 4684 Quiddsrn
849 4617 947 4676 huma·
1035 4607 1200 4674 Gemoniis,
1223 4616 1288 4677 ειε.,
1313 4607 1391 4679 quasi
1424 4607 1592 4664 diratrldeo
1621 4605 1800 4664 serviendum

149 4706 225 4758 num,
242 4691 269 4748 id
284 4699 325 4748 est
339 4693 399 4751 leve
416 4703 443 4752 et
469 4696 529 4754 sine
547 4714 641 4770 onere,
667 4703 740 4775 quod
766 4704 877 4775 quidem
906 4714 948 4764 est
997 4705 1039 4754 est
1064 4697 1184 4767 justitiae.
1218 4696 1309 4764 Enim,
1338 4697 1368 4752 id
1398 4704 1440 4752 εει
1468 4696 1532 4768 quia
1554 4711 1617 4753 cum
1638 4698 1705 4753 estis
1724 4695 1799 4753 servi

149 4779 248 4837 udultae
263 4782 380 4838 sednon
394 4789 722 4859 consummatejustitiae.
747 4787 781 4848 Et
807 4795 860 4851 hoc
886 4795 948 4853 dico
994 4787 1116 4858 limati,
1133 4785 1161 4840 id
1181 4791 1223 4841 ⁶⁵2
1246 4801 1309 4840 cum
1335 4791 1478 4856 peccatum
1500 4783 1687 4841 minitetur
1708 4783 1797 4853 V⁰bisr

149 4873 267 4942 propter
280 4871 481 4942 infimitatem
492 4879 589 4934 carnis
600 4882 710 4948 vestroe,
721 4880 748 4936 id
763 4889 805 4938 est
819 4899 880 4956 ques
907 4892 948 4941 est
999 4875 1080 4930 liberi
1097 4874 1197 4946 stimi*
1209 4872 1328 4942 juslifiae·
1344 4871 1371 4928 id
1386 4880 1428 4929 0⁵2
1442 4872 1569 4930 &mistis
1583 4871 1704 4930 dominio
1716 4872 1799 4942 justi·

148 4971 271 5015 excurre
282 4967 382 5031 vestra,
398 4977 509 5036 proque
524 4965 673 5023 humanum
686 4968 759 5037 dico,
774 4970 949 5042 quiernajore
997 4962 1041 5018 21ae
1066 4963 1141 5034 (¹⁶9)
1157 4960 1233 5019 Sesti
1247 4960 1358 5028 iddissfit
1375 4977 1478 5034 (tuaestb
1503 4961 1591 5034 (illlis
1618 4967 1708 5033 Ρθῑθθῑ
1736 4976 1800 5018 0⁸⁸0

147 5044 277 5103 deberem
292 5047 384 5106 dicere
398 5050 422 5106 si
435 5053 555 5123 possetis
570 5053 653 5126 terre,
669 5056 805 5129 quidplus
829 5061 948 5118 servitu·
997 5049 1109 5106 libellas
1124 5051 1138 5106 l
1153 5050 1274 5106 [albem
1289 5050 1426 5118 ὅθιιὶθδῑ,
1455 5050 1566 5122 quando
1592 5066 1655 5107 eum
1684 5064 1801 5121 peccare

145 5133 180 5189 tis
199 5134 305 5192 debetis
318 5136 430 5206 justitie
445 5157 527 5214 quam
540 5151 673 5214 pecen103
689 5145 738 5202 ssd
759 5162 843 5220 prmo
869 5147 948 5205 infir.
998 5138 1125 5208 delectet,
1141 5139 1214 5212 quod
1222 5145 1265 5194 est
1274 5155 1307 5195 ex
1315 5137 1402 5196 libero
1425 5137 1539 5194 arbitrio
1553 5137 1717 5195 :liberaliter
1727 5138 1801 5196 euim

149 5221 234 5280 miteti
249 5233 348 5283 vestre
361 5229 544 5304 nonexiqens
557 5232 619 5304 plus
633 5225 728 5293 boui'a
747 5235 835 5306 vobis,
866 5253 949 5312 quum
998 5225 1091 5296 servii,
1108 5225 1668 5300 quit0l⁰1¹i010md⁰mi1¹illb0nlilf⁸⁰il·
1690 5229 1731 5286 Ᾰθ
1750 5243 1801 5299 per

186 5401 247 5468 (ter
277 5407 437 5475 huqusttuus,
450 5407 660 5468 adhuastustum.
1032 5404 1104 5472 (tos)
1123 5405 1282 5474 tumsttuus,
1296 5407 1321 5460 ln
1333 5403 1413 5461 Rnch.

187 5471 248 5536 (¹68
278 5473 473 5539 ld.,tueodem.
