3906 6056
913 194 1016 252 rarat
1035 191 1213 252 lontani

236 205 305 260 1195
1817 200 1885 255 ltss

235 333 261 380 et
276 323 343 380 Tillo
358 331 386 378 et
399 320 510 394 Spiritui
524 283 619 378 sancto
634 319 713 377 latria
727 320 850 377 debetur.
866 321 940 392 (311)
956 319 1072 380 ΡειειΔ
1088 341 1099 367 ι
1121 318 1334 376 misericordiam
1347 319 1408 388 Dei,
1426 327 1456 376 ut
1478 318 1628 377 exhibeatis
1650 335 1770 394 corpora
1794 329 1885 376 restra

234 428 288 467 non
312 412 394 468 babet
421 413 540 476 Patrem,
567 411 601 466 de
625 427 678 483 quo
703 411 755 476 sit;
779 410 862 465 Filius
886 418 976 465 autem
999 410 1034 464 de
1087 408 1235 464 «hostiam
1249 409 1395 478 viventem,
1418 418 1549 478 sanctam,
1575 411 1634 466 Deo
1656 409 1821 482 placentem,
1846 427 1886 464 ra·

234 500 311 554 Patre
327 508 377 566 est,
394 507 423 554 ut
438 500 482 570 sit,
498 507 580 571 atque
594 507 622 554 ut
639 499 677 554 illi
700 507 851 556 coaeternus
874 499 918 553 sit.
942 498 1035 570 imago
1087 496 1246 554 «tioncbile
1269 498 1431 570 obsequium
1455 507 1585 554 vestrum.
1610 499 1644 554 Et
1666 499 1747 556 nolite
1772 499 1886 556 confor-

233 587 306 643 enim
322 589 345 642 si
359 586 479 659 perfecte
494 587 587 658 implet
602 588 668 643 illud
689 590 766 658 eujus
787 588 877 658 imago
902 594 952 652 est,
976 585 1034 656 ipsa
1087 607 1097 633 r
1120 586 1188 641 mari
1211 585 1274 643 huic
1298 587 1412 657 saeculo,
1440 587 1489 642 sed
1512 585 1694 644 reformamini
1716 588 1743 643 in
1768 589 1886 644 assitme

233 685 390 749 coaequatur
404 676 439 744 ei,
455 692 510 732 non
533 676 600 731 illud
621 676 733 749 imagini
759 692 826 742 suae,
849 675 896 730 ubi
914 676 971 744 jam
994 681 1035 728 εει
1087 697 1098 722 r
1121 689 1221 730 sensus
1236 675 1339 742 vestri;
1355 683 1385 732 ιιι
1399 676 1521 747 probetis
1546 693 1607 748 quae
1629 677 1663 731 sit
1685 677 1814 734 voluntas
1839 677 1887 732 Dei

233 781 339 821 summa
367 765 543 838 congruentia
567 771 594 820 ει
617 765 705 836 prima
728 764 869 836 equalitas
893 771 919 819 ει
946 763 1036 834 prima

234 853 397 920 similitudo,
428 852 503 908 nulla
532 853 559 906 iu
588 868 618 907 re
646 852 782 907 dissidens
811 859 838 906 et
864 851 1035 907 nullomodo

234 941 377 1012 inaequalis
407 949 433 996 ει
460 939 532 994 nulla
560 957 592 996 ex
618 949 697 1011 parte
725 939 892 1006 dissimilis;
927 940 976 994 sed
1000 939 1036 994 ad

234 1028 383 1084 identidem
408 1028 550 1099 respondit
573 1028 608 1094 ei,
634 1028 710 1096 cujus
733 1027 824 1098 imago
850 1035 901 1094 εει,
925 1027 971 1082 ubi
995 1035 1036 1082 est

234 1132 341 1172 summa
356 1117 482 1187 etprima
499 1114 565 1180 vita,
588 1115 632 1171 cui
656 1131 710 1171 non
735 1124 776 1170 εει
800 1105 873 1171 aliud
895 1115 985 1172 vivere
1009 1124 1036 1172 et

234 1205 308 1260 aliud
322 1205 485 1277 intelligere,
503 1205 551 1258 sed
568 1203 594 1258 id
608 1204 681 1275 quod
696 1213 734 1259 est
752 1205 777 1259 ei
794 1205 959 1278 intelligere,
983 1206 1035 1260 hoc

237 1299 278 1347 est
292 1291 385 1347 rivere
399 1300 426 1347 et
440 1292 492 1348 boc
507 1308 569 1346 esse
585 1300 636 1347 est.
656 1294 745 1348 Unum
770 1300 810 1348 est
834 1295 886 1349 boc
908 1301 1035 1365 tanquam

235 1381 354 1436 Verbum
378 1379 539 1451 perfectum,
565 1380 608 1436 cui
629 1396 682 1436 non
707 1380 777 1436 desit
800 1381 923 1453 aliquid:
940 1389 967 1436 ει
990 1397 1036 1436 ars

235 1468 360 1540 quaedam
387 1469 580 1539 omnipotentis
604 1476 685 1539 atque
712 1469 841 1540 sapientis
872 1469 931 1536 Dei,
956 1469 1036 1541 plena

235 1557 356 1614 omnium
381 1557 513 1612 rationum
537 1557 685 1612 viventium
707 1557 985 1624 incommutabilium
1010 1565 1036 1614 et

234 1661 427 1702 omuesunum
449 1645 476 1699 in
501 1657 543 1712 ea,
569 1645 637 1701 sicut
662 1646 720 1717 ipsa
743 1663 825 1702 unum
851 1647 950 1711 denuo,
975 1662 1072 1736 cumB

236 1750 291 1807 quo
307 1750 400 1800 aarum,
423 1733 470 1788 ubi
494 1733 586 1790 omnia
610 1733 683 1790 novit
708 1736 790 1800 Deus,
815 1751 876 1806 quae
900 1734 963 1791 fecit
986 1751 1036 1806 per

235 1822 334 1894 ipsam,
352 1830 379 1876 et
393 1823 455 1877 ideo
469 1839 529 1878 eum
545 1823 687 1878 discedant
701 1831 728 1878 et
743 1823 889 1880 succedant
900 1833 1034 1895 tempora,

235 1926 291 1966 non
305 1910 420 1965 discedit
434 1910 477 1965 vel
492 1911 613 1966 succedit
629 1910 731 1982 aliquid
746 1911 866 1968 scientiae
892 1913 951 1968 Dei.
974 1912 1036 1968 Non

236 1999 307 2054 enim
323 2006 489 2069 quaecreata
514 2006 585 2064 sunt,
609 1999 671 2054 ideo
695 2000 816 2054 sciuntur
839 2015 855 2055 a
879 2002 946 2066 Deo,
974 2001 1036 2073 quia

236 2085 310 2142 facta
323 2094 394 2140 sunt.
411 2089 452 2142 An
467 2102 521 2142 uon
535 2087 626 2157 potius
641 2087 703 2143 ideo
718 2087 786 2144 facta
801 2097 872 2156 suut,
899 2089 961 2162 quia
982 2089 1036 2144 im-

236 2174 403 2230 mutabiliter
425 2191 442 2230 a
466 2177 524 2231 Deo
546 2176 692 2232 sciuntur?
713 2176 761 2231 lile
785 2177 870 2248 igitur
892 2177 1037 2234 ineffabilis

235 2265 347 2337 quidam
363 2265 521 2335 complexus
537 2265 622 2320 Patris
637 2274 663 2321 ει
678 2265 817 2339 imaginis,
842 2283 896 2323 uon
920 2276 961 2323 est
978 2268 1037 2324 sine

235 2350 423 2424 perfruitione,
440 2354 499 2408 sine
514 2354 652 2420 charitate,
671 2353 729 2410 sine
750 2355 862 2428 gaudio.
886 2356 934 2412 llla
954 2357 1038 2430 igitur

235 2441 356 2508 dilectio,
373 2441 530 2508 delectatio,
556 2442 682 2511 felicitas,
707 2443 749 2498 vel
775 2444 922 2510 beatitudo,
948 2444 971 2500 si
994 2453 1038 2500 ta-

236 2547 301 2588 men
314 2532 434 2586 bumana
450 2531 544 2604 lingua
559 2532 602 2586 vel
616 2547 683 2587 voce
706 2532 789 2603 digne
813 2532 921 2599 dicitur,
946 2541 988 2588 est
1009 2533 1037 2589 in

235 2619 363 2674 Trinitate
380 2618 494 2690 Spiritus
509 2626 617 2674 sanctus
634 2635 689 2676 uon
715 2620 833 2693 genitus,
859 2622 908 2676 sed
931 2622 1038 2694 genito-

236 2708 273 2762 ris
287 2707 426 2778 genitique
442 2707 572 2774 suavitas,
590 2707 693 2779 ingenti
708 2707 834 2780 largitate
857 2717 938 2782 atque
954 2710 1037 2766 uber-

236 2801 289 2850 tate
305 2793 470 2866 perfuudens
484 2811 581 2851 omues
603 2803 743 2851 creaturas
766 2813 815 2868 pro
839 2806 920 2868 captu
945 2815 1036 2854 earum

236 2890 266 2940 ut
281 2883 403 2938 ordinem
424 2900 503 2938 suum
527 2891 646 2939 teneant.
673 2885 736 2940 llaec
758 2885 841 2957 igitur
862 2887 954 2943 omnia
976 2905 1037 2960 quae

236 2971 397 3028 artedivina
413 2971 568 3038 factasunt,
584 2981 610 3028 et
634 2973 764 3029 unitatem
788 2976 932 3046 quamdam
956 2977 984 3032 iu
1007 2993 1036 3033 sc

236 3061 381 3119 ostendunt
410 3069 436 3116 et
461 3062 580 3132 speciem
605 3069 631 3116 ει
653 3062 788 3118 ordinem.
813 3064 884 3120 Nam
909 3066 1036 3138 quodque

238 3151 335 3206 borum
360 3157 516 3207 creatorum
540 3159 567 3206 et
589 3167 673 3206 unum
700 3151 802 3224 aliquid
826 3161 876 3218 εει,
902 3161 929 3209 ει
950 3154 1037 3227 aliqua

236 3239 329 3311 specie
343 3238 486 3308 formatur,
503 3247 529 3294 et
544 3239 667 3294 ordinem
677 3240 796 3311 aliquem
806 3242 882 3311 petit,
895 3250 941 3298 aut
953 3251 1037 3310 tenet,

236 3335 263 3383 et
277 3328 314 3382 ita
328 3328 357 3382 in
371 3328 512 3394 creaturis,
538 3335 566 3382 ut
590 3329 772 3399 praediximus.
800 3331 944 3401 vestigium
967 3348 1040 3402 prm·

236 3415 311 3471 lucet
325 3415 473 3470 Trinitatis.
496 3417 564 3470 Nam
583 3423 694 3486 propter
717 3419 769 3473 boc
794 3425 919 3474 naturam
941 3421 1039 3476 summi

238 3503 303 3560 boni
318 3503 468 3573 simplicem
485 3520 547 3558 esse
562 3504 687 3570 dicimus,
704 3506 768 3576 quia
789 3515 830 3562 est
852 3507 881 3561 in
904 3523 937 3563 ea
961 3511 1041 3566 Pater

239 3591 326 3658 solus,
341 3599 385 3646 aut
398 3591 482 3646 Filius
505 3592 533 3646 in
556 3608 588 3647 ea
611 3592 696 3659 solus,
720 3601 765 3649 aut
780 3595 896 3667 Spiritus
918 3607 1038 3669 sanctus,

239 3679 325 3736 idest
348 3679 411 3751 quia
432 3679 492 3736 sola
515 3687 557 3734 εει
581 3680 642 3748 ista,
666 3697 720 3737 nou
745 3682 808 3738 inde
831 3684 956 3753 Trinitas,
982 3687 1041 3743 sine

241 3768 391 3826 substantia
408 3785 599 3839 personarum,
615 3769 685 3825 sicut
700 3771 846 3827 Sabelliani
860 3782 1040 3844 putaveruut3

241 3858 290 3913 sed
302 3857 364 3912 ideo
379 3857 493 3928 simplex
508 3857 615 3928 dicitur,
631 3859 695 3930 quia
714 3867 754 3914 est
776 3861 827 3916 boc
850 3862 922 3933 quod
948 3863 1039 3931 babet,

243 3955 358 4018 excepto
372 3947 445 4016 quod
464 3946 574 4003 relative
597 3962 705 4019 quoque
727 3965 847 4019 persona
870 3950 905 4006 ad
928 3951 1041 4007 alteram

243 4035 351 4100 dicitur,
368 4050 418 4090 neo
432 4042 473 4089 est
497 4035 567 4105 ipsa.
584 4035 655 4090 Nam
676 4036 767 4108 utique
792 4039 871 4092 Pater
893 4040 974 4095 babet
995 4040 1042 4095 Fi-

244 4123 320 4188 lium,
337 4121 371 4178 ad
386 4138 467 4195 quem
483 4123 596 4179 relative
610 4123 718 4194 dicitur,
731 4141 782 4182 nec
791 4133 881 4181 tamen
892 4136 932 4182 est
942 4128 1042 4197 Fdius;

246 4218 274 4268 et
288 4210 371 4265 Pilius
386 4211 468 4266 habet
483 4211 601 4282 Patrem,
617 4228 672 4268 nou
692 4221 781 4270 tamen
805 4215 863 4286 ipse
887 4224 928 4273 est
952 4218 1042 4274 Pater.

249 4300 361 4369 Propter
375 4299 427 4355 boc
441 4299 531 4370 itaque
547 4307 573 4354 ει
596 4308 691 4356 natura
716 4303 772 4358 baec
794 4303 894 4361 dicitur
917 4306 1042 4377 simplex,

1088 783 1099 814 ι
1121 763 1202 830 bona,
1220 770 1246 818 et
1261 763 1453 836 beneplacens,
1471 771 1498 820 et
1511 762 1643 835 perfecta.
1662 786 1673 816 ι

1124 905 1238 963 Obsecro
1252 922 1298 964 vos
1316 909 1422 979 itaque.
1451 905 1635 979 [Ambrosius]
1657 909 1721 964 Post
1741 916 1886 964 tractatum

1084 993 1156 1066 legis
1171 1003 1197 1050 et
1211 993 1274 1050 fidei
1289 1002 1317 1050 et
1334 1002 1460 1050 naturam
1483 993 1589 1050 Judaici
1611 995 1702 1067 populi
1725 1005 1750 1052 et
1777 998 1888 1070 gentilis

1086 1081 1120 1136 ad
1131 1081 1229 1138 bonam
1245 1083 1327 1138 vitam
1342 1083 1477 1156 agendam
1493 1083 1625 1138 hortatur.
1650 1085 1800 1156 Hucusque
1815 1087 1887 1140 enim

1087 1185 1121 1225 ac
1136 1170 1205 1224 alter
1219 1170 1350 1226 adversus
1364 1170 1480 1226 alterum
1495 1169 1648 1241 superbiret
1672 1172 1790 1227 monuit.
1820 1174 1886 1230 llinc

1087 1257 1197 1313 moralis
1212 1258 1369 1325 admonitio,
1386 1275 1438 1332 qua
1461 1266 1603 1314 monetat
1626 1259 1694 1315 alter
1716 1261 1751 1316 de
1776 1261 1887 1317 alterius

1086 1346 1199 1402 utilitate
1227 1346 1343 1414 laboret,
1361 1347 1440 1419 quasi
1466 1347 1537 1404 dicat
1560 1368 1567 1405 ι
1593 1348 1664 1418 Quia
1688 1349 1715 1403 iu
1738 1349 1802 1420 ipso
1827 1361 1886 1405 sunt

1087 1435 1188 1490 omnia.
1205 1435 1301 1508 ltaque
1325 1437 1435 1493 obsecro
1458 1453 1512 1506 ιιι,
1538 1441 1656 1510 fratres.
1681 1437 1766 1508 Quasi
1791 1439 1885 1494 dicat:

1087 1520 1166 1590 Quod
1182 1538 1261 1594 rogo,
1277 1521 1430 1578 fraternitas
1445 1524 1538 1598 exigit,
1553 1525 1670 1581 obscero
1685 1524 1757 1590 dico,
1783 1532 1810 1580 et
1826 1527 1884 1590 boe,

1086 1627 1138 1683 per
1151 1612 1375 1668 misericordiam
1389 1611 1448 1680 Dei,
1465 1612 1492 1666 id
1503 1621 1602 1684 estper
1611 1613 1797 1684 apostolatum
1809 1614 1886 1669 mise·

1088 1697 1230 1753 ricorditer
1245 1699 1310 1752 mibi
1326 1715 1342 1754 a
1357 1701 1414 1755 Deo
1429 1701 1614 1770 commissum,
1631 1700 1676 1756 vel
1698 1718 1747 1772 per
1778 1703 1886 1757 miseri-

1085 1787 1207 1842 cordiam
1231 1803 1247 1843 a
1270 1788 1327 1843 Deo
1352 1788 1427 1843 vobis
1451 1788 1549 1844 factam
1573 1798 1600 1846 et
1621 1790 1781 1846 exhibitam.
1810 1789 1885 1860 Quod

1086 1890 1164 1947 rogo,
1182 1875 1396 1956 ulsesfribeatis,
1413 1876 1440 1931 id
1456 1885 1497 1932 est
1511 1876 1641 1948 offeratis,
1654 1895 1771 1951 corporo
1783 1885 1886 1946 uestra,

1086 1971 1246 2019 nontamen
1261 1972 1376 2031 mentes,
1394 1965 1537 2021 sedetiam
1550 1982 1665 2040 corpora
1680 1967 1742 2024 licet
1760 1983 1828 2024 caro
1844 1985 1886 2024 ιε-

1086 2059 1198 2124 pugnet,
1222 2051 1350 2120 offeratiS,
1378 2053 1448 2120 dico,
1475 2054 1607 2122 bostium,
1630 2055 1657 2110 iu
1679 2055 1887 2112 mortificatione

1087 2141 1234 2196 carnalium
1249 2141 1457 2207 desideriorum,
1473 2143 1619 2214 viventem,
1634 2145 1771 2216 perbona
1788 2162 1886 2216 opera;

1087 2234 1227 2298 sanctum,
1244 2230 1272 2284 iu
1286 2232 1354 2300 Deo,
1371 2229 1474 2287 scilicet
1493 2230 1611 2299 firmam,
1639 2235 1693 2290 fleo
1715 2235 1887 2306 placentem.

1087 2326 1115 2374 ut
1145 2318 1216 2374 bona
1244 2318 1393 2374 intentione
1420 2319 1534 2375 faciatis.
1566 2321 1640 2392 (3l5)
1676 2323 1779 2378 Vemm
1820 2325 1889 2378 euim

1089 2405 1254 2462 sacrificium
1280 2415 1320 2462 est
1349 2423 1430 2463 omne
1461 2409 1533 2481 quod
1555 2410 1663 2483 agitur,
1693 2418 1723 2465 ut
1751 2411 1888 2466 inhaerea-

1088 2511 1150 2550 mus
1176 2497 1252 2563 Deo;
1283 2495 1399 2551 relatum
1424 2496 1526 2554 scilicet
1547 2499 1582 2554 ad
1606 2499 1682 2554 illum
1711 2497 1795 2555 finem
1817 2501 1887 2561 boni,

1088 2601 1143 2656 quo
1168 2584 1239 2640 beati
1262 2585 1395 2642 veraciter
1419 2601 1481 2646 esse
1505 2587 1655 2658 possimus.
1684 2588 1764 2644 Unde
1784 2597 1811 2645 et
1835 2591 1889 2661 ipsc

1087 2672 1170 2728 bomo
1198 2673 1249 2729 Dei
1277 2673 1386 2730 nornine
1416 2685 1602 2744 consecratus,
1629 2685 1655 2731 et
1679 2677 1738 2733 Deo
1761 2687 1843 2733 votus
1866 2679 1891 2732 in

1089 2771 1218 2833 quantum
1234 2763 1334 2818 mundo
1349 2764 1490 2832 morimur,
1506 2771 1535 2819 ut
1547 2765 1624 2834 juvat
1639 2766 1706 2831 Deo,
1724 2765 1889 2822 sacrificium

1088 2857 1129 2906 est
1144 2867 1247 2906 verum.
1266 2851 1448 2924 [Ambrosius]
1471 2853 1546 2909 Tunc
1570 2869 1637 2925 ergo
1657 2870 1777 2926 corpora
1802 2865 1892 2910 nostra

1089 2947 1151 2994 sunt
1164 2939 1251 2995 hostia
1267 2942 1324 2996 Deo
1343 2941 1527 3012 acceptabilis,
1550 2941 1574 2996 si
1598 2941 1655 3013 ipsa
1679 2941 1892 3000 incontaminata

1052 3035 1239 3096 oservemus,
1270 3029 1416 3085 dissimiles
1445 3031 1497 3086 illis
1522 3031 1568 3103 qui
1591 3031 1778 3104 voluptatibus
1801 3037 1893 3090 carnis

1088 3118 1221 3173 serviunt.
1241 3119 1273 3172 Et
1289 3127 1353 3174 note
1369 3119 1441 3191 quod
1466 3119 1503 3174 ait
1525 3120 1643 3175 bostiam
1667 3121 1806 3176 virentem
1830 3123 1893 3178 olim

1088 3207 1170 3278 quod,
1187 3206 1258 3277 apud
1284 3215 1400 3276 veteres,
1426 3206 1517 3262 oblata
1541 3208 1630 3263 hostia
1652 3209 1842 3276 occidebatur,
1870 3223 1895 3266 ut

1088 3295 1213 3350 homines
1227 3310 1310 3352 causa
1325 3295 1439 3366 peccati,
1457 3304 1564 3352 aetemae
1579 3297 1661 3353 morti
1675 3299 1790 3367 subjecti
1807 3309 1896 3355 osten

1089 3383 1231 3438 derantur.
1252 3383 1328 3440 Hunc
1343 3392 1433 3440 autem
1448 3385 1511 3456 quia
1522 3401 1572 3456 per
1584 3385 1686 3441 donum
1698 3388 1746 3441 Dei
1759 3387 1895 3458 purificati

1090 3479 1152 3527 sunt
1166 3472 1300 3538 homines,
1316 3480 1342 3528 ει
1366 3489 1383 3529 a
1407 3474 1527 3528 secunda
1551 3483 1638 3530 morte
1662 3475 1779 3544 liberati,
1806 3478 1895 3532 viram

1090 3561 1204 3617 bostiam
1220 3561 1320 3616 debent
1334 3559 1433 3617 offerre
1448 3570 1477 3617 ut
1501 3561 1536 3616 sit
1556 3562 1664 3636 signum
1689 3563 1749 3620 ritae
1774 3575 1894 3621 aeterna.

1090 3650 1152 3703 Non
1166 3649 1239 3704 enim
1254 3649 1324 3705 sicut
1337 3656 1409 3716 tuuc,
1426 3666 1540 3722 corpora
1556 3667 1607 3722 pro
1622 3653 1786 3724 corporibus
1802 3655 1898 3710 immo

1090 3737 1190 3804 fantur,
1207 3737 1254 3793 sed
1274 3754 1417 3809 corpomm
1440 3739 1506 3794 vitia
1528 3739 1707 3810 perimuntur.
1737 3743 1816 3812 (316)
1841 3747 1897 3798 lle-

1093 3826 1236 3892 tionobiic,
1254 3827 1331 3897 quasi
1346 3827 1417 3882 dicat
1435 3845 1441 3882 :
1458 3827 1589 3884 Exhibete
1605 3844 1720 3900 corpora
1735 3841 1829 3886 vestra
1846 3833 1897 3887 bo-

1093 3915 1190 3982 stiam;
1206 3923 1306 3982 tamen,
1324 3916 1483 3988 obsequium
1498 3921 1634 3984 vestrum,
1648 3927 1734 3974 toturn
1748 3919 1779 3974 in
1797 3923 1899 3990 praedi·

1093 4004 1143 4059 ctis
1158 4003 1201 4070 sit,
1219 4002 1432 4074 rationabile-id
1447 4013 1488 4060 est
1503 4021 1564 4060 cum
1581 4006 1746 4063 discretione
1770 4025 1807 4064 ne
1833 4011 1899 4082 quid

1093 4093 1183 4146 minus
1198 4092 1240 4158 sit,
1258 4092 1306 4147 sed
1321 4109 1382 4148 cum
1398 4093 1576 4165 temperantia
1600 4103 1690 4150 vestra
1715 4111 1836 4166 corpora
1857 4116 1899 4154 ca-

1095 4181 1211 4254 stigetis,
1229 4188 1257 4236 ut
1276 4196 1329 4236 nou
1352 4189 1454 4237 naturae
1478 4181 1587 4239 defectu
1612 4190 1746 4256 cogantur
1770 4185 1899 4245 dissolri.

1095 4270 1144 4324 sed
1160 4269 1230 4324 vitiis
1245 4269 1324 4324 mori.
1340 4271 1375 4324 at
1391 4270 1491 4342 nolite.
1508 4270 1557 4326 Hic
1571 4271 1661 4326 anima
1672 4271 1787 4341 jubetur
1809 4275 1838 4328 in
1864 4293 1901 4330 sa·

249 4387 323 4460 quod
338 4403 393 4443 „011
408 4387 442 4442 sp
457 4387 530 4442 apud
546 4388 659 4458 habens,
674 4397 701 4445 e,
715 4390 788 4446 ,liud
808 4392 835 4448 jd
858 4396 931 4466 quod
954 4395 1045 4463 habe„
1061 4357 1230 4455 Darificium
1246 4359 1303 4413 Deo
1318 4355 1419 4425 offerri,
1436 4357 1506 4412 sicut
1528 4366 1592 4414 ante
1611 4359 1728 4429 jusserat
1752 4361 1815 4418 Deo
1841 4381 1901 4420 cor·

251 4477 321 4534 sicut
335 4476 404 4532 etin
418 4476 524 4532 caeteris
536 4476 619 4532 rebus
633 4485 684 4532 est.
706 4479 767 4534 Nou
787 4481 859 4536 enirn
883 4483 988 4539 babens
1013 4485 1047 4539 li-

251 4581 375 4637 quorcm,
391 4565 480 4636 liquor
494 4573 544 4631 est,
561 4581 613 4622 nec
625 4581 723 4638 corpus
738 4569 822 4638 color,
847 4587 898 4628 nec
921 4589 968 4627 aer
989 4572 1046 4628 lux.

251 4654 314 4708 Non
328 4668 395 4724 ergo
411 4654 488 4708 Pater
503 4653 587 4720 solus,
612 4670 664 4711 nec
686 4655 760 4712 solus
783 4657 876 4725 Filius,
901 4676 953 4717 nec
975 4662 1049 4716 solus

253 4742 369 4814 Spiritus
382 4749 501 4809 sanetus,
517 4744 592 4799 Deus
606 4752 664 4811 cst;
680 4746 729 4800 sed
747 4746 807 4816 ipsa
829 4748 954 4814 Trinitas,
979 4767 1049 4806 unus

253 4831 328 4887 Deus
345 4837 386 4886 est
410 4829 493 4886 solus.
519 4832 575 4902 lpsi
597 4833 698 4902 gloria,
721 4835 799 4905 quasi
822 4834 895 4892 dicat
911 4855 917 4890 :
933 4838 967 4893 Et
988 4855 1049 4894 curn

253 4918 315 4974 talis
344 4919 387 4988 sit,
416 4921 471 4990 ipsi
498 4920 647 4975 secundum
677 4921 853 4979 substantiam
877 4925 1051 4998 singulariter

253 5008 301 5064 uni
312 5007 345 5061 sit
353 5007 453 5078 gloria,
465 5023 519 5064 uon
529 5007 606 5078 ipsis,
618 5015 645 5064 et
655 5009 707 5066 boc
717 5012 748 5066 in
757 5014 861 5070 secuta
870 5016 1048 5073 saeculoram.

253 5097 354 5154 Amara.

552 5193 665 5252 CAPUT
691 5196 754 5254 ΧΠ.

290 5327 374 5384 Vaas.
392 5331 417 5396 l,
434 5332 461 5385 2.
478 5359 513 5369 -
530 5353 540 5378 u
559 5327 681 5386 Obsecro
696 5329 785 5405 itaque
799 5349 857 5401 vos,
880 5333 986 5402 fratres,
1002 5352 1053 5409 per

290 5505 348 5568 (att
379 5509 536 5574 Augustinus,
548 5511 573 5562 in
587 5512 631 5564 lib.
645 5525 679 5574 vr,
692 5513 727 5564 be
739 5513 809 5566 Tria.

289 5573 351 5641 (515
381 5572 583 5637 ld.,adllaxim.

1094 4462 1164 4518 pora
1178 4445 1278 4502 offerri.
1296 4447 1324 4502 Si
1339 4445 1411 4501 euim
1425 4462 1524 4518 corpus
1538 4462 1592 4519 quo
1615 4447 1743 4506 interiore
1766 4459 1900 4524 tauquam

1097 4534 1209 4602 famulo,
1239 4535 1282 4590 vel
1308 4535 1489 4591 instrumento
1512 4536 1595 4590 utitur
1617 4537 1715 4605 anima,
1751 4555 1819 4594 eum
1842 4543 1901 4610 ejus

1099 4623 1186 4678 bonus
1199 4641 1264 4678 usus
1278 4631 1304 4680 et
1318 4631 1408 4679 rectus
1421 4623 1456 4679 ad
1472 4625 1559 4680 Deum
1585 4624 1708 4692 refertur,
1733 4627 1900 4686 sacrificium

1099 4718 1151 4778 est,
1168 4711 1251 4767 multo
1273 4711 1360 4785 magis
1384 4711 1475 4767 anima
1499 4713 1560 4784 ipsa
1582 4713 1617 4768 sit
1638 4713 1814 4784 sacrificium,
1841 4736 1901 4772 curn

1099 4799 1163 4871 igne
1178 4799 1261 4855 divini
1276 4801 1377 4856 amoris
1392 4816 1515 4870 accensa,
1534 4801 1650 4858 formam
1670 4805 1902 4876 concupiscentie

1101 4886 1236 4944 saecularis
1249 4889 1354 4954 amittit,
1371 4898 1397 4946 et
1412 4891 1470 4945 Deo
1485 4907 1515 4946 se
1531 4890 1650 4948 referens
1664 4891 1688 4947 ei
1704 4899 1839 4966 tanquam
1865 4897 1904 4949 in-

1101 4977 1285 5033 commutabili
1300 4977 1393 5034 formas
1408 4979 1515 5035 subdita
1530 4980 1704 5036 reformatur.
1729 4981 1763 5036 lit
1787 4983 1840 5038 boe
1865 4993 1905 5039 est

1101 5067 1173 5139 quod
1196 5066 1234 5121 ait
1250 5084 1256 5121 :
1274 5067 1351 5140 quasi
1374 5067 1446 5124 dicat
1463 5086 1470 5123 ε
1486 5067 1588 5125 Ο11ειιε
1611 5085 1724 5142 corpora
1747 5083 1856 5133 vestra.
1880 5083 1904 5126 et

1102 5155 1183 5210 etiam
1204 5155 1306 5210 animas
1329 5157 1381 5212 boc
1404 5157 1485 5212 modo
1510 5176 1516 5212 :
1536 5157 1637 5225 Nolite,
1661 5159 1690 5212 in
1714 5167 1809 5214 restra
1832 5161 1907 5216 enim

1101 5259 1183 5299 manu
1198 5251 1248 5312 est,
1265 5246 1439 5316 confamulari
1454 5245 1520 5302 ftuic
1533 5247 1645 5314 seculo,
1669 5246 1698 5302 id
1722 5255 1764 5302 est
1788 5249 1908 5304 fonnem

1103 5327 1330 5401 concupiscentia
1358 5328 1495 5386 saecularis
1524 5329 1657 5402 accipere.
1682 5329 1828 5408 [August]
1855 5335 1909 5390 sea

1139 5498 1219 5576 (316)
1229 5507 1276 5572 tt..
1289 5509 1324 5562 1)ι
1336 5508 1405 5562 civit.
1418 5509 1471 5561 bei.
