3878 6322
133 142 202 196 toto
464 143 718 201 COLLECTANEA
737 143 901 200 lutumst.
922 143 956 199 D.
976 141 1089 200 PAULI.
1104 175 1138 186 -
1154 145 1192 202 IN
1209 145 1263 202 ΕΡ.
1279 146 1291 200 ι
1310 147 1358 202 AD
1377 146 1457 204 COR.
1682 181 1686 186 -
1715 148 1784 203 toto

132 275 206 323 retur
219 267 258 322 sic
275 267 373 339 frangi,
390 275 420 323 nt
435 269 559 337 videtur;
577 285 628 327 neo
642 271 731 325 illusio
745 277 804 338 εει,
822 269 884 341 εειε
899 269 971 330 adA
986 269 1134 341 lisponem
1146 269 1221 326 hunc
1237 276 1265 327 ει
1277 273 1396 329 calicem
1415 273 1524 340 bibetis,
1540 275 1661 328 mortem
1674 273 1784 328 Domini

134 356 277 411 utilitatem
293 355 368 422 fidei,
384 373 439 413 non
452 358 484 413 ad
501 358 689 431 deceptionem
708 359 748 415 sic
763 358 801 413 fit.
825 358 878 413 Alii
893 357 937 413 di·
988 359 1308 426 annuntiabitis,doncc
1319 362 1424 417 veniat.
1435 361 1697 435 llopucquicunque
1708 377 1787 416 mon·
1865 409 1866 414 ,

133 451 196 500 crant
210 445 284 516 quod
307 445 342 499 ihi
368 445 396 499 lit
420 445 526 516 fractio,
551 463 605 502 non
630 448 740 520 quidem
764 446 790 501 in
813 462 936 518 corpore,
988 447 1133 502 donaverit
1143 464 1246 517 ponem
1256 449 1391 506 estiterit
1405 451 1523 507 calicem
1533 450 1647 505 Domini
1657 449 1786 520 indipne,

133 533 182 588 sed
195 533 224 588 in
238 533 298 604 ipsa
312 533 401 589 lorma
421 535 501 605 panis
521 534 720 603 sacramentali,
744 536 817 608 quod
832 536 939 592 videtur
988 551 1054 591 rcus
1069 537 1124 591 crit
1135 539 1260 608 corporis
1270 540 1299 593 et
1313 539 1464 610 sonpuinis
1476 539 1600 596 Domini.
1614 539 1713 594 Probet
1731 555 1786 594 no-

136 621 281 691 Apostolus
289 622 360 677 velle
371 623 465 678 dicens
477 641 484 677 :
498 624 586 679 Panis
596 641 678 697 poem
688 624 857 696 fronpimos.
872 625 940 680 ltem
990 627 1047 679 tcm
1068 626 1190 696 seipsum
1201 625 1291 692 ltcmo,
1310 629 1339 681 ct
1357 626 1398 682 sic
1413 626 1447 682 dc
1463 643 1539 699 pone
1559 628 1610 684 illo
1624 627 1689 683 adol
1706 631 1735 682 ct
1753 625 1787 682 de

134 709 303 782 Augustinus
335 729 342 765 :
371 710 486 780 Quando
523 711 647 767 Christus
676 712 855 768 manducatur
883 713 939 768 vita
988 713 1076 770 colico
1091 714 1175 769 tuat.
1201 714 1254 783 Qui
1272 715 1350 770 anim
1363 715 1520 771 monslauri
1536 719 1564 771 ct
1578 715 1785 787 lihitindipne,

131 798 322 866 manducatur,
339 814 390 856 nec
410 807 499 870 partes
515 799 549 855 de
573 799 620 855 illo
634 798 761 868 facimus,
787 800 939 873 etquidem
983 802 1127 873 judicium
1150 803 1202 858 sili
1226 803 1383 859 munducat
1406 807 1434 859 ει
1458 803 1536 870 libii,
1553 820 1610 860 non
1625 803 1787 875 dijudicans

132 887 161 941 in
183 896 351 943 sacramento
375 887 414 944 sic
438 887 475 943 fit.
503 889 595 944 ltem:
620 890 812 962 Unusquisque
835 898 939 961 purtem
989 905 1091 962 corpas
1105 892 1228 948 Domini.
1639 896 1643 905 ’

132 991 209 1030 suam
236 976 343 1047 accipit,
358 993 409 1048 per
430 985 521 1048 partes
543 977 720 1034 manducatur
741 986 767 1034 ει
790 985 880 1034 ιεεεει
894 977 939 1033 in·
1025 978 1259 1051 Quotiescunque,
1275 987 1328 1035 etc.
1351 979 1402 1036 llic
1425 979 1536 1051 exponit
1548 979 1576 1035 in
1592 995 1673 1052 quam
1686 978 1786 1036 Christi

132 1073 220 1138 teger.
242 1065 315 1121 Ecce
339 1082 373 1121 ex
393 1067 436 1121 his
453 1074 526 1138 patet
546 1067 619 1138 quod
642 1067 779 1141 integrum
803 1075 829 1122 ει
844 1067 937 1124 incor-
989 1066 1275 1124 commemorationem
1298 1075 1429 1135 sumatur,
1454 1068 1550 1124 mortis
1574 1067 1686 1125 scilicet.
1703 1066 1787 1136 Quasi

133 1162 241 1225 ruptum
269 1163 369 1226 corpus
393 1155 492 1210 Christi
516 1156 707 1223 manducatur,
737 1164 764 1211 ει
797 1156 820 1212 ει
842 1155 939 1212 ιεεειιο
989 1155 1060 1212 dicat
1077 1171 1083 1210 ε
1101 1156 1166 1212 ιιιεο
1181 1156 1286 1212 debetis
1302 1173 1410 1212 sumere
1425 1157 1452 1211 in
1462 1156 1622 1214 memoriam
1630 1156 1786 1228 passionis:

134 1242 178 1298 εει
191 1241 302 1313 partitio
318 1243 355 1299 ihi
378 1250 428 1311 εει,
444 1259 499 1300 εοε
518 1243 545 1298 in
571 1244 631 1315 ipso
653 1252 705 1313 est,
730 1245 779 1300 sed
800 1244 828 1298 in
844 1259 939 1300 sacra·
991 1245 1214 1318 Quotiescunque
1229 1247 1307 1301 enim
1324 1245 1648 1318 manducabitisponcm
1668 1240 1788 1302 hunc'et

134 1339 226 1387 mento
250 1347 311 1387 esse
335 1331 453 1388 videtur.
478 1332 531 1387 Alii
554 1332 647 1388 dicunt
661 1333 734 1404 quod
749 1332 786 1388 ibi
800 1330 829 1388 dt
843 1332 939 1388 tractio
988 1333 1107 1388 colicam
1119 1333 1218 1388 bibetis
1234 1337 1356 1389 mortem
1374 1333 1496 1400 Domini,
1517 1349 1566 1405 pro
1580 1332 1658 1390 vobis
1676 1332 1787 1400 laetam,

134 1427 161 1475 et
175 1419 276 1475 nullius
291 1419 340 1487 rei,
368 1420 433 1492 quia
454 1420 492 1474 ihi
514 1419 580 1475 nihil
604 1420 750 1494 frangitur.
777 1421 853 1477 Sicut
865 1421 937 1477 enim
988 1422 1209 1488 annuntiabitis,
1225 1420 1252 1476 id
1267 1421 1734 1494 estrepraesentabitisquodutique
1749 1420 1789 1476 la·

135 1517 197 1564 sunt
221 1509 259 1563 ihi
289 1509 438 1566 accidentia
467 1510 526 1565 sine
559 1510 691 1580 sthecto,
716 1510 757 1566 sio
775 1510 939 1566 mirabiliter
988 1509 1115 1566 ciendum
1142 1517 1192 1576 est,
1215 1509 1302 1567 donoc
1326 1510 1459 1566 Dominus
1481 1511 1624 1567 cenintad
1644 1509 1786 1580 judicium,

135 1605 224 1669 potest
238 1597 275 1652 ihi
290 1613 351 1653 esse
366 1598 461 1654 lractio
475 1598 502 1654 in
518 1599 662 1667 accidenti,
679 1606 707 1655 et
721 1599 779 1654 sine
807 1599 881 1655 omni
904 1615 935 1655 re
949 1630 975 1690 B
989 1597 1052 1670 quia
1066 1599 1117 1654 hoc
1132 1613 1187 1654 non
1202 1597 1443 1671 mutabiturusque
1453 1607 1528 1668 tunc,
1541 1599 1789 1656 sicutsccramenta

136 1703 197 1758 quae
218 1685 368 1758 frangatur.
399 1687 526 1759 Magnum
549 1694 590 1743 est
614 1688 685 1743 enim
710 1695 736 1743 et
755 1687 933 1744 inscrutabile
984 1686 1150 1754 ludaeorum,
1169 1694 1195 1743 ει
1210 1687 1274 1759 quia
1283 1687 1311 1742 in
1326 1687 1585 1745 commemoratione
1595 1687 1689 1744 mortis
1703 1686 1785 1744 dehet

134 1773 207 1830 istud
230 1775 398 1846 mysterium.
423 1775 501 1832 Unde
524 1775 685 1832 Ambrosius
708 1795 714 1830 :
740 1775 810 1846 Quid
835 1776 935 1849 quaeris
985 1774 1065 1830 sumi.
1081 1777 1178 1849 ltaque
1192 1777 1351 1850 quicunque
1360 1777 1577 1834 manducaverit
1588 1776 1663 1833 hunc
1671 1791 1785 1849 ponem,

135 1872 235 1920 naturae
259 1865 382 1920 ordinem
405 1865 433 1920 in
463 1865 563 1921 Christi
590 1881 715 1936 corpore,
745 1881 807 1922 cum
834 1875 935 1936 praeter
985 1865 1028 1921 εει
1038 1865 1137 1922 biberit
1146 1865 1265 1921 culicem
1273 1866 1385 1922 Domini
1393 1866 1519 1939 indipnc,
1529 1882 1594 1922 rans
1602 1864 1788 1938 critcorporis

135 1960 258 2008 naturam
273 1951 302 2008 tit
317 1954 376 2025 ipse
396 1953 505 2010 Domini
526 1961 619 2025 partus
635 1970 668 2010 cx
682 1954 805 2028 Virgine,
822 1956 935 2010 credere
985 1957 1014 2009 ει
1028 1954 1178 2026 sonpuinis
1193 1955 1314 2010 Domini.
1337 1953 1394 2027 (tit)
1416 1955 1488 2011 Ecce
1503 1971 1537 2010 ex
1555 1953 1598 2009 his
1619 1960 1692 2026 patet
1716 1951 1790 2025 quod

130 2041 267 2112 jubemur,
277 2042 412 2098 discutere
423 2057 477 2098 non
493 2043 684 2113 permittimur.
698 2043 843 2099 Sciendum
852 2043 935 2099 etiam
986 2051 1080 2098 sancta
1101 2043 1200 2098 ohsunt
1224 2041 1314 2108 malis,
1338 2041 1366 2097 in
1390 2042 1469 2098 honis
1494 2050 1555 2099 sunt
1570 2042 1605 2098 ad
1620 2042 1747 2108 salutem,
1760 2041 1789 2096 in

135 2132 209 2203 quod
234 2130 297 2186 licet
320 2131 437 2186 diversae
465 2130 518 2185 sint
543 2131 580 2185 ibi
604 2131 711 2202 species
734 2132 812 2202 panis
826 2140 852 2187 ει
868 2131 933 2197 vini,
985 2130 1064 2186 malis
1078 2130 1112 2186 ad
1131 2129 1274 2200 judicium.
1295 2131 1395 2204 Utique
1419 2139 1541 2189 sanctum
1565 2140 1606 2188 est
1627 2131 1700 2204 quod
1714 2129 1790 2187 aocl-

135 2235 191 2274 non
212 2225 304 2274 tamen
321 2219 376 2274 duo
392 2226 563 2275 sacramenta
578 2219 631 2275 dici
647 2219 757 2289 debent,
775 2220 934 2288 sedunum,
985 2219 1085 2291 pimus,
1102 2235 1153 2276 neo
1168 2219 1230 2275 ideo
1252 2235 1317 2275 reus
1340 2229 1381 2276 est
1403 2220 1449 2292 qui
1470 2220 1577 2293 accipit,
1603 2219 1668 2292 qnia
1682 2219 1729 2275 illa
1743 2233 1790 2274 res

136 2307 199 2378 quia
228 2308 278 2362 suh
302 2315 415 2379 utraque
440 2308 532 2378 specie
547 2307 619 2363 idem
635 2307 762 2363 sumitur.
790 2308 936 2364 Sciendum
987 2308 1058 2363 mala
1077 2315 1120 2363 est
1134 2325 1215 2380 quam
1230 2309 1338 2380 accipit,
1355 2308 1403 2364 sed
1419 2309 1482 2380 εειε
1496 2308 1541 2364 ille
1555 2309 1644 2364 malus
1657 2307 1727 2363 male
1741 2321 1790 2364 ao-

136 2395 219 2451 etiam
242 2395 315 2468 quod
334 2396 362 2450 in
378 2396 528 2468 prolatione
544 2396 653 2452 illorum
677 2397 821 2452 verborum
848 2415 855 2452 ε
880 2399 936 2453 lloc
986 2395 1060 2467 cipit.
1076 2396 1148 2469 quod
1169 2396 1275 2469 accipit.
1293 2395 1383 2465 Quam
1398 2397 1549 2454 cavendum
1565 2403 1607 2453 est
1621 2395 1706 2470 igitur
1719 2395 1792 2452 male

137 2488 179 2540 cat
202 2501 302 2558 corpus
325 2501 431 2552 meurn,
460 2493 497 2552 et,
522 2485 567 2542 liic
591 2490 634 2542 cst
656 2486 753 2553 colia,
776 2486 936 2558 mysterium
986 2484 1113 2556 accipere
1129 2485 1239 2552 honum,
1266 2485 1328 2557 quia
1342 2485 1413 2541 male
1435 2493 1578 2558 acceptum
1598 2485 1677 2541 chesi
1699 2483 1790 2552 malis,

11 2609 12 2626 ι
95 2593 101 2600 ’
137 2580 319 2642 εοεεεειειιιι,
343 2581 369 2629 ει
386 2574 464 2646 panis
479 2573 507 2629 in
521 2589 621 2646 corpus
634 2574 734 2630 Christi
757 2575 934 2631 convertitur.
987 2572 1055 2629 sicut
1070 2573 1207 2642 ediverso,
1230 2574 1302 2629 mala
1323 2573 1457 2647 patienter
1479 2581 1586 2646 portatu
1611 2580 1724 2646 prosunt
1739 2572 1791 2629 ho·

174 2661 247 2718 Solet
263 2662 344 2716 etiam
369 2661 454 2734 quaeri
479 2663 560 2735 quale
583 2661 689 2718 dederit
702 2663 842 2734 apostolis,
858 2663 936 2720 dice·
986 2661 1039 2731 nis,
1053 2670 1082 2717 ut
1096 2661 1178 2718 Paulo
1195 2662 1310 2734 angelus
1334 2662 1451 2719 Satanae.
1478 2660 1661 2736 [Ambrosius]
1675 2659 1792 2718 Attende

138 2766 198 2804 mus
215 2749 293 2820 quale
308 2757 374 2806 tunc
397 2756 464 2816 erat,
481 2751 509 2805 id
534 2758 575 2806 εει
590 2750 719 2822 passibile
735 2759 761 2806 et
775 2751 900 2808 mortale.
988 2751 1059 2824 quod
1075 2751 1113 2807 ait
1130 2766 1136 2806 :
1151 2751 1205 2820 Qui
1218 2751 1376 2808 manducat
1391 2756 1421 2808 et
1433 2751 1502 2808 hilii
1518 2751 1644 2824 indipnc.
1661 2750 1792 2822 tndignus

175 2839 308 2894 Praeterea
333 2838 416 2910 quaeri
440 2838 508 2894 solet
529 2838 552 2894 si
576 2855 631 2894 non
646 2847 686 2895 est
699 2839 737 2894 ibi
752 2839 937 2896 substantialis
987 2846 1029 2894 εει
1044 2839 1089 2910 εει
1103 2839 1184 2895 ειιιει·
1205 2840 1326 2896 celebrat
1340 2840 1501 2912 mysterium
1524 2839 1694 2898 eucharistiae
1707 2855 1790 2912 quarn

139 2927 283 2984 conversio
305 2927 344 2982 uti
370 2925 531 2998 quibusdam
546 2927 646 2998 placet,
663 2927 712 2982 sed
728 2929 845 3000 quodam
859 2929 937 2984 locu·
987 2944 1002 2982 a
1018 2927 1125 2983 Christo
1145 2927 1271 2983 traditum
1286 2936 1337 2994 εει,
1355 2927 1442 3000 etqui
1457 2944 1512 2984 non
1526 2928 1625 2984 devota
1638 2935 1729 2983 mente
1745 2942 1791 2983 cc·

138 3015 219 3070 tionis
244 3023 323 3087 tropo
351 3015 459 3071 dicatur
486 3015 604 3071 transire
628 3016 673 3072 εει
700 3017 822 3073 converti
838 3017 889 3072 hoc
908 3017 936 3071 in
953 2987 1059 3073 Gcedit
1075 3016 1110 3071 ad
1125 3015 1320 3072 eucharistiam
1335 3015 1379 3071 vel
1393 3016 1421 3070 in
1436 3016 1572 3072 voluntate
1587 3015 1719 3088 peccandi
1733 3030 1791 3070 ma-

136 3103 212 3170 illud,
228 3119 261 3160 eo
284 3103 388 3160 scilicet
413 3105 485 3176 quod
510 3104 559 3160 sub
574 3104 627 3160 illis
641 3104 826 3162 accidentibus
841 3121 936 3160 sumn·
986 3120 1063 3160 nens.
1081 3105 1115 3159 Ει
1129 3103 1174 3160 ιιιε
1193 3104 1260 3176 ιειιε,
1273 3120 1338 3161 reus
1348 3105 1524 3178 esicorporia
1535 3109 1563 3162 cl
1573 3105 1724 3176 sonpuinia
1734 3107 1790 3160 Do-

137 3200 188 3262 tur,
206 3192 257 3247 sub
272 3192 369 3265 quilius
384 3201 443 3248 erat
458 3193 609 3249 substantia
630 3194 709 3265 panis
734 3202 760 3250 ει
784 3193 847 3264 ειει,
863 3195 936 3266 quod
986 3194 1068 3257 mini,
1081 3192 1146 3265 quie
1165 3191 1328 3250 heneficium
1338 3193 1397 3264 ejus
1413 3192 1540 3249 intuitum
1559 3193 1642 3250 ducit.
1655 3193 1714 3264 Vel,
1726 3209 1792 3248 reus

144 3281 263 3337 100
278 3282 312 3338 de
327 3282 388 3354 ipsa
403 3282 554 3338 substantia
569 3283 648 3354 panis
663 3291 689 3338 ει
701 3283 757 3339 εἰει
771 3283 869 3338 ιεειειε
885 3283 931 3337 ειι.
987 3290 1037 3351 εει,
1053 3289 1118 3349 etc„
1138 3281 1166 3337 id
1182 3290 1223 3338 est
1246 3283 1342 3338 mortis
1366 3282 1466 3338 Christi
1489 3298 1586 3354 poenas
1609 3281 1695 3349 dahit,
1720 3296 1753 3338 ac
1768 3281 1792 3337 si

139 3371 180 3425 Ad
196 3371 269 3442 quod
283 3370 321 3425 illi
344 3371 520 3442 respondent,
547 3371 590 3427 vel
614 3371 643 3427 in
665 3373 859 3443 praejacentem
879 3387 937 3427 ma·
987 3371 1122 3427 Christum
1138 3370 1269 3428 occiderit
1283 3371 1419 3442 punietur.
1438 3371 1496 3438 Vel,
1513 3387 1577 3427 reus
1592 3379 1642 3438 εει,
1660 3371 1791 3444 etc.,(55)

138 3459 235 3516 terium
258 3459 411 3523 resolutam.
437 3459 480 3516 εει
501 3460 529 3514 in
553 3459 666 3515 nihilum
693 3461 841 3529 redactam,
864 3461 937 3534 quod
986 3459 1015 3516 id
1030 3467 1071 3516 est
1084 3460 1119 3515 de
1133 3460 1205 3516 bono
1219 3460 1290 3516 male
1314 3467 1422 3533 sumpto
1444 3461 1577 3516 maculam
1594 3461 1692 3517 trahet.
1709 3459 1791 3516 ldeo-

139 3556 228 3620 potest
242 3549 287 3604 ille
300 3548 391 3605 lacere
405 3549 452 3622 εει
466 3549 501 3605 dc
515 3549 599 3605 nihilo
614 3557 711 3606 cuncta
726 3551 837 3606 creavit.
988 3565 1042 3620 que
1055 3556 1130 3604 recte
1138 3548 1285 3620 Apostolus
1296 3549 1413 3605 consulit
1422 3548 1544 3605 subdens
1561 3563 1567 3603 :
1584 3549 1684 3606 Proici
1693 3552 1791 3604 cutem

175 3637 250 3694 Solet
272 3637 353 3694 etiam
377 3637 462 3709 quaeri
483 3637 506 3692 si
531 3653 601 3710 aqua
623 3654 679 3694 non
702 3647 856 3710 apponatur
869 3637 938 3694 obli·
988 3636 1080 3704 homo,
1095 3636 1123 3692 id
1138 3645 1181 3692 εει
1195 3637 1330 3693 examinet
1345 3645 1372 3692 et
1385 3645 1482 3711 purget
1497 3637 1628 3710 seipsum,
1644 3645 1674 3692 ut
1688 3636 1711 3692 ει
1727 3651 1792 3708 pec·

139 3725 227 3795 rione,
244 3727 287 3783 vel
302 3727 479 3800 negligentia,
496 3743 530 3782 an
544 3726 649 3782 irritum
666 3728 714 3782 sit.
733 3726 812 3796 Quod
827 3743 890 3783 oum
903 3727 938 3783 de
987 3733 1049 3782 cata
1063 3734 1125 3782 sunt
1139 3725 1307 3798 quotidiana,
1318 3725 1363 3782 vel
1374 3741 1429 3782 non
1441 3725 1494 3781 sint
1503 3725 1656 3793 mortifera,
1664 3733 1690 3781 et
1705 3724 1792 3780 dimit·

137 3815 296 3871 auctoritate
319 3816 399 3871 nobis
423 3823 526 3872 certum
555 3831 610 3872 non
633 3815 678 3878 sit,
704 3815 762 3871 sine
786 3817 938 3872 assertione
988 3822 1025 3870 tat
1040 3814 1169 3871 confratri
1182 3814 1389 3871 accessurusad
1405 3815 1501 3884 altare,
1517 3823 1542 3870 et
1556 3813 1629 3883 dicat
1645 3831 1652 3869 :
1669 3814 1791 3871 Dimitte

139 3905 211 3976 quod
234 3905 313 3960 nohis
337 3905 454 3971 ridetur,
476 3903 608 3960 dicemus.
635 3904 715 3974 Quod
739 3904 830 3960 sinon
846 3905 938 3961 animo
987 3903 1477 3972 nohisdclitonostro,aicntctnos
1490 3903 1667 3959 dimittimus
1684 3903 1791 3959 debito-

138 3993 328 4050 introducendi
344 3993 479 4057 haeresim,
497 3993 546 4049 sed
561 3992 697 4049 oblivione
713 3993 935 4064 praetermittitur,
988 3993 1065 4048 ribus
1079 3993 1187 4048 nostris
1205 3991 1316 4062 (uniti.
1333 3993 1384 4062 ει),
1405 3998 1432 4048 ει
1451 3990 1490 4048 sic
1511 4007 1625 4048 securus
1641 3989 1787 4058 accedens,

138 4099 195 4139 non
209 4083 270 4140 ideo
284 4082 374 4138 minus
389 4080 539 4138 conficitur.
553 4083 746 4138 Verumtamen
755 4083 876 4156 graviter
889 4099 939 4154 pu·
987 4081 1020 4136 de
1029 4097 1103 4153 pone
1113 4081 1164 4136 illc
1175 4081 1248 4149 edat,
1260 4083 1289 4136 ct
1299 4081 1333 4136 de
1343 4081 1431 4136 colica
1440 4078 1525 4137 hihot.
1536 4079 1618 4136 Panis
1628 4086 1671 4136 est
1686 4078 1789 4135 saluta-

138 4172 267 4230 niendum
289 4179 339 4238 est,
360 4187 412 4227 nec
427 4170 516 4226 Graeci
531 4186 631 4242 aquam
647 4170 758 4226 addunt.
776 4171 843 4225 Illud
859 4170 937 4226 etiam
988 4169 1036 4236 ris,
1052 4184 1107 4225 non
1131 4185 1266 4225 venenum
1289 4167 1459 4228 mortiferum
1474 4169 1547 4242 quod
1572 4168 1641 4225 edis.
1659 4169 1713 4226 Sed
1728 4167 1791 4226 vida

138 4261 278 4318 sciendum
303 4261 376 4332 quod
398 4275 415 4315 a
436 4259 520 4315 brutis
542 4259 703 4315 animalibus
726 4275 825 4332 corpus
840 4259 937 4315 Christi
989 4257 1012 4313 si
1027 4257 1138 4313 dimittis
1161 4257 1350 4326 debitoribus;
1365 4273 1428 4314 nam
1444 4258 1537 4313 sinon
1560 4257 1673 4313 dimittis
1688 4257 1790 4313 menti·

138 4367 193 4407 non
216 4349 337 4416 sumitur,
363 4348 414 4406 etsi
436 4349 572 4404 videatur.
593 4347 665 4418 Quid
684 4364 751 4422 ergo
775 4349 857 4404 sumit
877 4365 938 4403 ma·
953 4346 1036 4414 Dris,
1054 4353 1080 4402 et
1094 4347 1120 4402 ei
1134 4346 1258 4402 mentiris
1280 4363 1362 4419 quem
1375 4363 1431 4403 non
1445 4346 1527 4402 lallis.
1543 4346 1651 4402 Mentiri
1665 4347 1723 4401 Deo
1737 4361 1791 4417 po·

139 4439 231 4498 terial
246 4439 310 4511 quid
324 4437 492 4494 manducati
507 4437 585 4494 lorte
599 4437 642 4495 εει
657 4437 733 4505 nihil,
750 4438 793 4494 rel
808 4432 937 4493 substanss
987 4442 1038 4503 tes,
1056 4435 1105 4491 sed
1119 4435 1208 4508 ipsum
1230 4434 1324 4491 lallere
1347 4453 1403 4492 non
1420 4443 1508 4508 potes.
1526 4437 1601 4491 lutus
1616 4434 1689 4491 enim
1704 4442 1731 4491 te
1745 4433 1790 4489 in·

139 4529 203 4585 tiam
218 4529 295 4599 panis
320 4528 370 4583 suh
394 4527 514 4598 speciem
536 4543 613 4582 suam
632 4527 784 4582 reductam.
800 4527 863 4583 Post
879 4527 938 4583 haec
988 4523 1068 4596 spicit
1082 4531 1108 4580 et
1127 4523 1273 4580 examinat.
1297 4523 1374 4594 Dico,
1394 4524 1493 4595 probet
1522 4539 1552 4580 se
1576 4523 1702 4596 quisque,
1727 4537 1790 4578 nam

138 4625 232 4689 partes
246 4616 370 4688 illaeque
384 4615 421 4673 ihi
432 4615 558 4671 videntur
572 4613 630 4670 lieri
645 4615 710 4687 quid
725 4613 879 4688 significent
892 4614 937 4670 ει-
988 4613 1034 4684 εει
1049 4612 1127 4669 ιιιιιει
1140 4612 1206 4685 ugit,
1222 4619 1338 4668 mortem
1353 4612 1444 4667 sumit.
1460 4613 1495 4668 Et
1509 4613 1562 4669 hoc
1576 4620 1618 4668 εει
1633 4610 1707 4684 quod
1721 4610 1790 4666 suh·

141 4707 261 4762 deamus.
277 4705 404 4778 [Sergius
427 4703 509 4775 papa]
532 4703 663 4759 Trilormc
687 4711 729 4759 est
743 4719 844 4776 corpus
858 4703 937 4759 Chri·
987 4700 1026 4756 dit
1041 4719 1050 4756 τ
1066 4701 1119 4770 Qui
1134 4703 1212 4758 anim
1224 4700 1382 4758 manducat
1397 4705 1426 4757 et
1440 4699 1648 4772 libitindiqnc,
1660 4697 1747 4772 utqui
1762 4697 1791 4753 in

139 4796 173 4851 sti
190 4813 196 4851 :
213 4811 276 4866 pars
295 4794 392 4850 oblatae
414 4793 442 4848 in
463 4791 577 4848 calicem
597 4792 693 4860 missa,
716 4808 815 4864 corpus
837 4791 937 4848 Christi
987 4789 1101 4846 crimine
1116 4797 1167 4860 est,
1183 4789 1227 4846 εει
1243 4789 1289 4862 εει
1304 4789 1487 4846 irreverenter
1512 4797 1619 4856 tractat,
1631 4787 1786 4862 judiciam,

138 4884 209 4957 quod
221 4885 278 4955 jam
293 4881 441 4938 resurrexit
454 4888 584 4937 monstrat
596 4901 603 4950 ;
615 4899 679 4954 pars
694 4889 825 4950 comesta,
839 4881 936 4937 amhn·
987 4878 1015 4933 id
1029 4885 1072 4934 est
1085 4878 1295 4949 damnationem,
1310 4877 1467 4935 manducat
1491 4881 1520 4934 ct
1534 4878 1610 4944 hilii,
1627 4884 1656 4942 ει
1668 4877 1722 4932 hoc
1737 4873 1790 4931 silii

138 4973 238 5029 lantem
252 4973 340 5027 adhuc
356 4987 438 5042 super
455 4978 552 5026 terram
564 4989 572 5038 ;
586 4986 652 5042 pars
670 4970 785 5026 incitari
800 4971 938 5042 usquead
986 4984 1042 5024 non
1056 4967 1115 5022 tihi.
1132 4968 1189 5040 (56)
1213 4967 1315 5024 Secure
1339 4982 1406 5041 ergo
1421 4966 1507 5023 tolera
1526 4966 1628 5022 malum
1644 4967 1741 5032 bonus,
1758 4971 1788 5020 ut

138 5061 220 5118 finem
235 5076 377 5117 remanens
392 5059 493 5127 missae,
509 5074 623 5130 corpora
638 5067 794 5117 sauctorum
809 5059 937 5132 usquein
984 5055 1082 5113 venias
1096 5056 1130 5110 ad
1144 5055 1254 5128 praemia
1270 5057 1404 5112 honorum
1416 5073 1423 5110 :
1436 5071 1490 5112 non
1501 5062 1591 5127 potest
1600 5063 1627 5111 te
1646 5052 1789 5126 inquinare

138 5150 220 5208 linem
237 5149 330 5207 saeculi
344 5149 372 5204 in
387 5148 520 5220 sepulcris
531 5148 660 5218 jacentia.
986 5144 1084 5200 malus.
1099 5144 1168 5200 Nam
1183 5153 1209 5200 et
1230 5144 1314 5200 ludas
1338 5159 1400 5201 curn
1422 5143 1504 5200 Petro
1519 5141 1676 5199 conversari
1690 5140 1788 5214 potuit,

175 5241 260 5296 Vnus.
276 5241 373 5299 itu-is.
385 5269 420 5280 -
433 5238 656 5312 Quotiescunque
666 5237 744 5296 onim
754 5237 939 5296 mondacnli-
987 5233 1036 5290 sed
1051 5249 1114 5289 eum
1127 5232 1270 5307 inquinare
1292 5249 1348 5289 non
1366 5231 1461 5301 valuit,
1487 5239 1514 5290 et
1528 5232 1562 5288 ad
1577 5231 1666 5304 ipsam
1680 5229 1790 5288 Domini

172 5419 225 5554 ἓξὲξ
244 5419 392 5540 &gostinus
403 5419 555 5484 superium.
1024 5409 1079 5480 (53)
1097 5410 1160 5465 md·
