3878 6322
181 101 251 154 1559
854 89 955 147 PETRI
974 87 1152 146 coustant
1772 89 1855 141 1560

181 220 329 276 bulationis
344 218 503 286 declarabit,
514 225 540 273 et
557 233 620 273 vere
638 217 700 288 quia
717 217 780 289 igne
797 215 1013 275 tribulationisA
1027 214 1090 270 licet
1102 212 1231 282 minimis,
1247 213 1302 271 illic
1317 213 1385 270 nihil
1407 214 1578 289 purgationis
1599 215 1659 290 quis
1684 214 1849 273 obtinebit,

183 308 370 364 declarabitur.
390 307 520 363 Eamdem
539 307 639 377 quippe
658 305 859 360 tribulationem
885 303 977 377 ignem
1026 303 1079 357 nisi
1094 303 1122 356 in
1135 304 1185 358 hac
1200 302 1255 358 vita
1276 303 1381 375 positus
1404 305 1457 360 hoc
1479 313 1679 376 promereatur.
1709 305 1776 372 (39)
1800 305 1847 358 De

182 397 536 468 vocat,etuniuscujusque
547 412 615 466 opus
639 395 720 467 quale
737 399 787 459 sit,
807 393 909 448 scilicet
928 391 977 446 fn-
1015 387 1079 446 ”hoc
1094 399 1184 446 autem
1199 391 1234 446 ait
1249 392 1427 464 Augustinus.
1444 393 1691 466 Nonsibiquisque
1701 392 1849 464 pollicea-

180 484 316 550 mum,vel
334 483 458 553 solubile,
475 484 547 555 ignis
564 483 706 553 praesentis
722 481 817 551 judicii
832 480 976 554 probabit;
1027 487 1072 533 tur
1094 479 1199 534 babens
1220 479 1325 534 nelarie
1349 495 1432 551 opera
1456 497 1572 553 regnum
1597 482 1665 548 Dei;
1682 489 1711 536 et
1733 481 1848 536 dicat:
1919 519 1920 548 ,

180 571 305 645 hocigue
316 572 387 626 illius
397 589 465 643 opus
475 587 529 626 non
545 572 672 638 exuritur,
694 570 808 642 quinon
827 585 859 624 ea
873 567 976 632 dilexit,
1028 567 1157 639 quoniam
1171 568 1258 624 habeo
1272 567 1380 640 signum
1395 569 1503 635 Christi,
1526 576 1551 625 et
1574 577 1764 638 sacramenta,
1783 585 1848 622 nou

181 675 295 732 quorum
309 661 455 716 amissione
483 659 633 726 crucietur;
663 659 707 714 cui
734 674 789 713 non
816 663 857 711 est
886 662 978 710 natum
1027 655 1142 711 delebor
1162 655 1189 710 in
1204 664 1346 723 aeternum,
1363 656 1411 711 sed
1426 651 1582 730 perignem
1598 658 1690 712 salvus
1705 673 1775 712 ero.
1796 657 1847 711 Ait

177 748 310 821 quidquid
333 748 516 818 temporaliter
539 747 605 802 fluit.
631 746 760 800 Exoritur
786 752 875 800 autem
905 743 978 798 illius
1028 744 1101 800 enim
1115 744 1262 815 Apostolus
1280 762 1286 798 :
1303 745 1535 802 Fundamentum
1550 747 1672 819 positum
1691 749 1749 812 est,
1783 753 1844 800 etc.

179 853 258 909 opus,
275 835 320 908 qui
334 837 392 892 haec
407 836 569 907 temporalia
583 835 685 900 dilexit,
702 833 830 905 quoniam
849 832 907 886 sine
930 831 978 887 do·
1028 831 1100 901 Quid
1114 840 1155 887 est
1169 832 1251 887 etiam
1265 832 1397 904 inquiunt,
1415 833 1488 905 quod
1502 835 1632 906 sequitur,
1648 833 1718 888 alius
1734 849 1847 903 super-

178 925 237 980 lore
251 941 307 980 non
321 933 444 996 pereunt,
463 941 524 994 quae
539 939 600 978 cum
617 937 711 977 amore
725 937 854 992 possessa
865 928 936 982 sunt.
949 921 979 976 Si
1028 921 1143 977 aediiicat
1157 937 1261 988 aurum,
1278 928 1431 994 argentum,
1451 922 1556 994 lapides
1577 923 1733 992 pretiosos,
1764 922 1844 975 alius

179 1013 255 1083 cujus
271 1029 339 1084 opus
351 1012 491 1078 manserit,
509 1012 534 1065 in
552 1012 628 1082 igne,
646 1019 675 1064 ut
689 1026 757 1081 opus
779 1010 885 1065 illorum
910 1025 979 1081 quos
1027 1010 1141 1082 lignum,
1159 1007 1259 1076 fenum,
1276 1009 1412 1080 stipidum.
1429 1011 1486 1066 Hoc
1501 1011 1602 1082 estqui
1624 1027 1706 1081 supra
1727 1010 1843 1064 lunda-

178 1101 291 1156 amissio
306 1100 497 1171 temporalium
514 1115 569 1153 non
582 1098 694 1154 cruciat.
707 1097 759 1166 Qui
770 1085 977 1168 superaedilicat,
1028 1105 1148 1153 mentum
1162 1098 1234 1166 justa
1244 1113 1330 1169 opera
1339 1096 1462 1164 edificat,
1472 1114 1580 1166 aurum,
1592 1106 1752 1171 argentum,
1765 1098 1844 1168 lapi-

177 1189 332 1244 mercedem
348 1188 465 1258 accipiet
480 1203 534 1241 non
550 1187 637 1241 solum
647 1195 708 1257 post
717 1185 796 1241 linem
809 1186 917 1256 quando
928 1186 979 1240 hoc
1029 1186 1078 1241 des
1092 1186 1226 1257 pretiosos
1241 1183 1355 1242 aediiicat
1367 1205 1374 1253 ;
1385 1187 1407 1241 si
1423 1194 1514 1242 autem
1523 1193 1647 1258 peccata,
1659 1186 1785 1258 lignum,
1798 1185 1843 1241 le-

178 1283 267 1331 sumet
280 1275 506 1346 unde-cogitavit,
532 1276 580 1330 sed
609 1275 690 1329 etiam
717 1275 743 1328 in
772 1274 824 1328 hac
850 1275 905 1328 vita
932 1273 980 1328 ubi
1029 1290 1102 1340 num,
1121 1274 1256 1345 stipulam.
1283 1273 1398 1346 Cyrillus
1426 1290 1535 1347 quoque
1563 1275 1697 1344 ait:(to)
1724 1275 1844 1329 Natura

178 1365 576 1436 habetrequiamsnamanirna
591 1363 789 1419 contemnentis
812 1362 903 1418 omnia
922 1362 979 1433 (37)
1028 1362 1133 1432 peccati
1148 1361 1242 1416 similis
1261 1369 1302 1417 est
1324 1363 1456 1428 materiae,
1486 1379 1547 1435 quae
1576 1362 1629 1419 cito
1658 1362 1842 1419 consumitur

177 1453 206 1507 Si
221 1453 296 1521 cujus
311 1469 379 1522 opus
393 1453 499 1518 arserit,
515 1453 543 1506 id
557 1459 598 1506 est
612 1451 760 1507 cremabile
776 1451 838 1516 erit,
862 1449 980 1520 patietur
1029 1450 1096 1522 igni,
1113 1466 1193 1522 quam
1209 1449 1335 1505 aedificari
1350 1451 1497 1522 Apostolus
1511 1466 1527 1507 a
1540 1451 1731 1522 peccatoribus
1753 1451 1837 1515 dicit,

178 1541 390 1610 detrimentum
408 1541 472 1613 qnia
487 1542 558 1612 quod
574 1540 667 1594 dilexit
689 1539 793 1610 perdet,
819 1547 844 1594 et
869 1554 919 1610 pro
947 1553 1015 1629 coB
1030 1538 1076 1610 qui
1091 1555 1174 1609 supra
1193 1537 1398 1594 fundamentum
1425 1539 1524 1594 Christi
1551 1538 1685 1594 aedilicant
1712 1539 1838 1612 lignum,

179 1630 253 1701 quod
267 1630 369 1698 dilexit,
386 1629 429 1684 hie
445 1629 487 1684 vel
502 1629 530 1684 in
555 1629 644 1684 luturo
667 1628 803 1698 punietur.
829 1627 883 1682 Sed
909 1643 978 1698 quo·
1030 1627 1132 1697 lenum,
1150 1627 1287 1698 stipulam.
1305 1628 1333 1682 ln
1350 1644 1404 1700 quo
1425 1628 1567 1684 manifeste
1590 1628 1744 1685 ostenditur
1772 1645 1840 1683 esse

178 1717 253 1774 niam
268 1717 399 1774 alterutra
414 1717 569 1774 conditione
583 1717 720 1788 proposita
734 1717 774 1771 eis
798 1716 887 1787 potius
908 1715 978 1770 mal·
1031 1717 1155 1789 quaedam
1169 1724 1281 1787 peccata
1294 1714 1330 1770 ita
1344 1715 1425 1783 leuia,
1437 1725 1465 1771 ut
1493 1716 1599 1788 stipulae
1625 1725 1837 1788 comparentur,

177 1807 216 1862 let
231 1821 327 1862 carere
339 1805 544 1878 quamChristo,
563 1820 614 1860 uec
633 1805 729 1859 timore
752 1803 893 1858 amittendi
916 1803 980 1858 talia
1030 1804 1092 1860 leno
1109 1812 1136 1860 et
1149 1804 1241 1878 lignis.
1258 1803 1403 1860 Sciendum
1419 1797 1527 1877 quoque
1542 1805 1615 1876 quod
1639 1805 1709 1860 sicut
1731 1804 1838 1860 sunda-

178 1895 280 1952 dcserit
292 1895 437 1961 Christum,
449 1894 572 1966 quamvis
588 1894 677 1948 doleat
692 1909 751 1948 cum
768 1892 874 1958 amittit,
888 1892 979 1947 salvus
1029 1901 1149 1948 mentum
1166 1893 1315 1964 corporalis
1331 1891 1439 1948 sabricae
1453 1901 1494 1948 est
1517 1895 1581 1964 irno,
1604 1893 1641 1948 ita
1663 1893 1839 1948 fundamen-

179 1982 289 2055 quidem
304 1983 354 2036 erit
369 1983 436 2053 ipso.
466 1981 546 2051 Quod
570 1982 609 2038 sic
633 1990 722 2036 tamen
749 1981 809 2047 erit,
835 1980 911 2052 quasi
929 1995 980 2052 per
1032 1989 1086 2037 tum
1103 1981 1250 2052 spiritualis
1265 1981 1377 2052 fabricae
1392 1989 1433 2036 est
1447 1981 1473 2036 in
1488 1998 1595 2038 summo
1611 1997 1617 2036 :
1633 1982 1753 2053 ideoque
1764 1982 1838 2037 sicut

178 2071 281 2143 ignem,
298 2070 363 2143 quia
378 2071 437 2125 etsi
451 2071 539 2124 uritur
553 2071 646 2126 dolore
672 2070 845 2135 amissorum,
870 2085 924 2124 non
939 2075 980 2123 ta·
1029 2070 1163 2142 parietum
1178 2070 1285 2141 pondus
1301 2070 1386 2124 tendit
1401 2070 1436 2125 ad
1450 2070 1513 2138 ima,
1528 2070 1576 2124 ubi
1590 2077 1631 2126 est
1642 2087 1721 2126 suum
1732 2069 1837 2126 iunda-

179 2175 243 2215 men
270 2175 303 2215 ea
333 2159 443 2231 praefert
457 2160 525 2214 Deo.
553 2160 612 2214 Etsi
639 2175 706 2234 ergo
733 2159 785 2214 urit
812 2175 874 2214 eum
902 2157 980 2213 dolor
1030 2166 1161 2224 mentum,
1178 2158 1215 2212 ita
1230 2157 1529 2229 spiritualisaedilicatio
1548 2158 1634 2214 tendit
1661 2159 1696 2214 ad
1711 2174 1835 2226 summa,

179 2247 352 2318 amissorum,
382 2263 437 2303 non
465 2249 604 2316 subvertit,
634 2264 722 2320 neque
750 2246 884 2303 consumit
919 2262 980 2300 eum
1030 2247 1166 2302 ubisuum
1182 2255 1224 2302 est
1238 2246 1451 2302 fundamentum.
1468 2248 1538 2302 Nam
1554 2255 1580 2302 et
1601 2247 1755 2318 ponderum
1781 2265 1835 2320 ge-

182 2335 349 2393 lundamenti
370 2337 523 2406 stabilitate,
552 2351 578 2392 et
606 2337 807 2407 incorruptione
835 2335 978 2390 munitum.
1030 2335 1103 2389 mina
1118 2343 1180 2390 sunt
1193 2350 1306 2408 genera,
1323 2352 1437 2407 quorum
1453 2335 1507 2390 alia
1520 2335 1576 2390 ima
1589 2341 1693 2406 petunt,
1711 2342 1742 2388 ut
1760 2335 1835 2407 lapis

181 2425 372 2500 [Augustinus]
382 2427 415 2480 Et
426 2425 653 2496 ideosalvuserit,
667 2425 714 2480 sed
726 2424 803 2497 quasi
813 2440 864 2495 per
875 2423 977 2496 ignem.
1031 2439 1224 2496 superaquam
1239 2424 1353 2495 positus,
1377 2431 1403 2479 et
1431 2439 1503 2498 aqua
1532 2440 1613 2496 super
1638 2424 1742 2480 oleum.
1773 2425 1836 2480 Alia

83 2523 90 2542 '
183 2515 237 2572 Iste
252 2515 324 2587 ignis
339 2521 379 2570 est
394 2515 506 2570 tentatio
520 2514 710 2583 tribulationis,
725 2515 760 2569 de
775 2529 827 2584 qua
850 2512 980 2584 scriptum
1030 2528 1095 2569 vero
1111 2528 1217 2567 summa
1227 2519 1329 2584 petunt,
1346 2521 1374 2568 ut
1388 2512 1459 2584 ignis
1475 2521 1502 2568 et
1516 2513 1616 2569 oleum.
1632 2513 1749 2583 Semper
1759 2513 1836 2568 enim

183 2609 247 2658 est:
268 2603 428 2673 Vaaofiqaii
446 2605 545 2675 probet
563 2609 679 2674 tornae,
701 2607 728 2658 et
747 2601 873 2658 bominac
885 2601 980 2671 justos
1031 2601 1174 2672 superiora
1190 2600 1263 2674 ignis
1277 2601 1353 2672 petit.
1370 2602 1404 2656 Et
1418 2602 1507 2658 oleum
1522 2602 1601 2658 etiam
1621 2602 1717 2657 subter
1731 2618 1836 2674 aquam

186 2691 307 2748 tentatio
322 2692 515 2747 tribulationis
526 2689 737 2760 (nectamur).
1031 2688 1120 2745 fusum
1136 2705 1191 2746 non
1206 2690 1359 2762 sepelitur.
1377 2691 1422 2747 Sic
1436 2691 1561 2747 Ecclesia
1574 2707 1645 2746 nunc
1660 2690 1760 2746 inimo
1785 2707 1836 2762 po-

219 2779 268 2834 Hie
282 2778 366 2850 quaeri
383 2778 451 2833 solet
465 2779 601 2850 quomodo
616 2793 684 2849 opus
708 2777 780 2831 illins
804 2775 880 2830 exuri
902 2775 981 2831 dica·
1032 2779 1083 2834 sita
1098 2778 1182 2834 tendit
1197 2779 1233 2834 ad
1260 2779 1369 2847 coelum,
1398 2779 1443 2833 ubi
1472 2777 1676 2834 fundamentum
1703 2779 1763 2848 ejus
1794 2789 1836 2835 est

181 2874 235 2933 tur,
252 2864 422 2937 quiaditicat
436 2865 549 2938 lignum,
567 2865 668 2934 fenum,
685 2865 821 2936 stipulam,
843 2880 904 2920 cum
926 2879 981 2919 uon
1032 2867 1161 2934 Christus,
1178 2868 1277 2923 sedens
1291 2867 1326 2922 ad
1341 2867 1479 2923 dexteram
1494 2868 1587 2923 Patris.
1819 2919 1821 2928 ,

181 2955 216 3012 de
231 2955 310 3010 malis
323 2953 492 3025 accipiantur
506 2953 644 3027 operibus,
669 2961 697 3008 ut
720 2954 821 3009 dictum
845 2961 895 3008 est.
919 2922 1019 3008 NonG
1068 2955 1116 3010 Vel
1130 2955 1208 3011 aliter
1221 2963 1311 3027 potest
1330 2956 1417 3026 accipi
1439 2956 1472 3012 ab
1487 2956 1533 3012 illo
1553 2956 1636 3012 loco:
1664 2958 1697 3014 llt
1717 2959 1834 3030 sapiens

181 3044 255 3101 enim
269 3060 338 3116 opus
352 3044 436 3110 ardet,
453 3044 498 3099 vel
513 3043 706 3099 detrimentum
720 3043 829 3115 patitur,
847 3041 900 3096 nisi
923 3057 983 3096 ma·
1031 3045 1205 3100 architectus
1215 3044 1533 3116 [undamentumposui.
1545 3075 1579 3086 —
1599 3046 1716 3118 Sapiens
1732 3047 1833 3102 orchi-

181 3133 238 3188 lum
253 3131 343 3188 fuerit.
360 3135 412 3186 Aut
427 3132 508 3206 igitur
522 3148 577 3187 non
591 3131 685 3186 ardent
700 3147 783 3202 opera
797 3147 846 3202 per
858 3130 905 3185 illa
930 3129 981 3184 tria
1033 3135 1126 3190 tectus
1137 3132 1233 3204 estqui
1242 3134 1391 3188 secundum
1401 3133 1573 3206 disciplinam
1584 3133 1702 3190 auctoris
1713 3134 1835 3190 collocat

181 3221 298 3296 signata,
314 3227 358 3275 aut
372 3221 443 3274 mala
458 3229 529 3275 sunt.
546 3221 586 3275 Ad
603 3220 675 3292 quod
690 3219 782 3274 dicunt
803 3218 914 3290 quidam
933 3234 983 3288 per
1032 3221 1245 3288 laudamentum,
1255 3221 1282 3276 id
1293 3221 1545 3293 estquisecundum
1555 3222 1728 3278 traditionem
1739 3223 1835 3279 Salva-

181 3308 228 3364 illa
243 3309 292 3363 tria
307 3308 379 3363 mala
393 3324 477 3378 opera
491 3324 544 3363 non
555 3307 679 3380 intelligi,
696 3307 745 3362 sed
767 3307 839 3361 bona
864 3322 924 3378 quae
948 3305 981 3360 ad
1032 3309 1098 3365 toris
1113 3309 1289 3382 evangelizat.
1308 3309 1385 3365 Alius
1398 3318 1486 3365 autem
1504 3309 1708 3382 superaedificat,
1726 3311 1833 3366 scilicet

183 3395 407 3452 sustentationem
421 3395 473 3460 sui,
490 3404 516 3450 et
532 3411 642 3451 suorum
658 3395 740 3466 aliqui
754 3394 864 3460 iaciunt,
879 3395 922 3451 vel
946 3395 982 3450 ad
1031 3397 1071 3453 illi
1086 3397 1132 3469 qui
1147 3397 1288 3453 venientes
1303 3406 1364 3468 post
1383 3399 1520 3470 apostolos
1539 3400 1647 3464 docent,
1673 3399 1731 3454 siue
1753 3399 1831 3465 boni,

183 3483 405 3540 sustentationem
429 3482 609 3554 indigentium
640 3499 672 3538 cx
705 3482 900 3551 misericordia,
934 3484 982 3537 scd
1033 3485 1090 3544 sive
1104 3485 1167 3540 mali
1182 3485 1246 3541 sint.
1263 3485 1452 3560 [Augustinus]
1467 3487 1521 3543 Sed
1532 3486 1641 3542 videant
1656 3493 1684 3541 ut
1707 3485 1832 3542 aediiica-

183 3571 248 3644 quia
262 3573 320 3627 haec
334 3587 417 3641 opera
433 3571 532 3627 iaciunt
547 3587 608 3626 cum
623 3571 714 3642 aliquo
728 3587 819 3626 amore
843 3578 982 3642 tempora·
1033 3575 1069 3630 tio
1084 3583 1216 3646 congruat
1226 3573 1410 3630 fundamento.
1426 3576 1503 3631 Unde
1516 3575 1606 3629 subdit
1622 3576 1831 3648 :Unusquisque

182 3659 259 3732 lium,
276 3661 337 3716 ideo
352 3661 410 3716 baec
424 3676 505 3731 opera
518 3660 645 3715 dicuntur
660 3675 767 3726 arsum,
786 3675 841 3715 noa
856 3660 929 3732 quod
950 3676 983 3715 co
1033 3665 1231 3722 outemeideat
1242 3666 1374 3737 qwmodo
1384 3664 1599 3737 superaedificet,
1615 3672 1705 3719 utrum
1728 3679 1832 3720 secuu-

184 3749 337 3821 puniantur.
356 3750 419 3820 quia
434 3751 492 3804 haee
507 3749 617 3817 l'aciunt,
634 3749 680 3803 sed
697 3749 760 3820 quia
779 3756 915 3803 terrenum
939 3746 983 3802 al·
1033 3753 1097 3808 dum
1107 3769 1158 3808 nos
1170 3754 1215 3824 qui
1228 3770 1320 3808 sumus
1332 3754 1390 3808 veri
1399 3752 1498 3808 Christi
1508 3752 1673 3824 apostoliea
1682 3754 1832 3809 secundum

185 3836 287 3894 lectum
300 3838 416 3909 aliquem
430 3839 530 3893 babent
546 3853 607 3893 cum
627 3839 684 3892 baec
709 3836 832 3893 iaciunt:
863 3852 914 3892 nec
938 3835 984 3891 ille
1033 3842 1111 3909 alios,
1127 3857 1161 3897 ne
1177 3842 1200 3896 si
1214 3841 1434 3914 obliquasueriut
1455 3849 1482 3897 et
1505 3840 1602 3898 irivola
1623 3858 1683 3912 qua
1705 3857 1832 3913 superae-

185 3932 308 3981 terrenus
323 3924 435 3982 allectus
450 3934 491 3981 cst
505 3927 574 3982 adeo
589 3926 687 3992 malus,
700 3933 729 3980 ut
745 3926 864 3980 destruat
884 3924 983 3979 lunda·
1033 3929 1151 3996 dibeant,
1174 3930 1279 3985 ruinam
1303 3929 1411 3996 iaciant,
1436 3938 1562 3986 manente
1585 3938 1675 3985 nmen
1701 3928 1832 3986 incolumi

185 4023 317 4080 mentum,
333 4015 417 4070 idest
432 4014 513 4069 iidem
528 4014 823 4086 quaepercharitatem
844 4020 982 4084 operatur.
1033 4018 1218 4085 fundamento,
1250 4018 1313 4090 quia
1342 4018 1397 4073 etsi
1411 4018 1483 4074 male
1507 4017 1605 4090 aliquis
1633 4017 1762 4086 docuerit,
1793 4027 1832 4072 ta-

187 4103 274 4158 Simul
288 4118 354 4175 crgo
369 4111 395 4158 et
408 4103 575 4170 charitatem,
601 4111 627 4158 ct
651 4103 732 4158 talem
756 4101 880 4158 affectum
901 4101 984 4172 aliqui
1033 4106 1550 4179 menchristinomenpermanet.ldeo
1574 4107 1608 4162 de
1631 4105 1831 4176 superaeditica·

185 4190 296 4245 hubent.
313 4190 385 4244 Talis
401 4191 473 4244 enim
488 4190 600 4246 allectus
616 4191 727 4246 venialis
742 4199 794 4246 est.
820 4191 869 4246 Vel
894 4190 984 4260 potius
1034 4196 1314 4252 tionevidendumest.
1322 4196 1551 4252 Fundamentum
1561 4197 1639 4253 entim
1648 4211 1730 4251 neoto
1739 4200 1832 4267 potest

184 4277 300 4352 lignum,
317 4277 418 4344 lenum,
428 4279 525 4349 stipula
540 4279 708 4349 accipiuntur
722 4295 776 4334 non
796 4293 879 4351 opera
900 4279 982 4348 bona,
998 4279 1148 4358 Dpo-nerc,
1159 4288 1264 4356 proetar
1274 4285 1381 4358 ecquod
1398 4286 1524 4357 positum
1541 4288 1582 4340 est
1598 4287 1686 4341 lesos.
1706 4283 1831 4356 [Ambro-

185 4383 237 4423 nec
265 4367 335 4422 mala
366 4383 425 4438 quae
455 4367 507 4421 sint
536 4367 708 4432 damnabilia,
729 4367 777 4422 sed
805 4375 915 4438 peccata
943 4383 987 4423 vc·
1037 4372 1103 4446 sius]
1118 4372 1185 4442 Quia
1200 4389 1281 4429 nemo
1293 4380 1395 4444 praeter
1409 4372 1553 4442 Christum,
1563 4372 1678 4444 loquens
1687 4387 1737 4426 sua
1755 4389 1832 4428 com·

185 4456 277 4511 nialla.
295 4456 375 4512 Unde
390 4455 540 4528 Gregorius
556 4457 612 4528 (38)
629 4474 636 4509 z
652 4455 782 4524 Quamvis
798 4456 850 4512 hoc
863 4456 898 4510 de
922 4455 986 4526 igne
1036 4461 1757 4533 mentacommendaret,ideoquamvisaliquiharetici
1767 4461 1829 4529 sint,

185 4543 373 4599 tribulationis
384 4545 527 4615 praesentis
542 4545 628 4615 possit
644 4543 769 4617 intelligi,
786 4551 876 4598 tamen
891 4543 986 4615 siquis
1037 4563 1091 4601 non
1106 4554 1196 4601 tamen
1211 4547 1309 4602 docent
1324 4545 1377 4600 nisi
1392 4546 1443 4600 sub
1460 4545 1568 4600 nomine
1593 4543 1701 4610 Christi,
1730 4555 1760 4600 ut
1786 4563 1831 4600 res

188 4632 222 4687 de
237 4631 302 4705 igne
316 4631 415 4687 luturac
426 4633 596 4705 purgationis
610 4632 734 4703 accipiat,
751 4632 921 4702 pensandum
935 4632 986 4687 sol·
1036 4635 1185 4690 contrarias
1195 4643 1221 4689 et
1231 4635 1364 4688 absurdas
1384 4633 1500 4690 nominis
1520 4633 1638 4705 dignitas
1653 4634 1831 4704 acceptabiles

186 4720 259 4777 licite
273 4728 324 4786 est,
342 4721 405 4791 quia
420 4721 496 4775 illurn
511 4721 577 4776 dixit
600 4738 651 4792 per
671 4721 763 4794 ignem
779 4737 860 4792 posse
875 4720 984 4788 salvari,
1037 4723 1164 4779 luciensi
1174 4724 1342 4796 quiaautena
1354 4723 1559 4794 superaedificet
1569 4739 1656 4795 supra
1665 4723 1832 4794 fundamen-

185 4824 241 4864 non
253 4808 300 4880 qui
316 4825 398 4879 super
412 4810 464 4864 boc
478 4809 684 4864 fundamentum
700 4809 813 4876 serrum,
827 4809 871 4864 vel
885 4825 932 4875 res,
942 4808 987 4864 vel
1037 4816 1099 4866 tum
1117 4811 1177 4878 boc,
1196 4828 1311 4878 aarum,
1331 4815 1492 4882 arpentum,
1513 4811 1619 4882 lapides
1638 4813 1782 4883 pretiosos,
1795 4813 1831 4867 n·-

184 4898 326 4970 plumbum
341 4896 466 4963 aedificat,
483 4897 511 4953 id
526 4906 566 4953 est
577 4906 688 4969 peccata
703 4899 813 4968 majora,
830 4896 927 4952 etideo
937 4897 986 4952 du·
1035 4917 1134 4972 quum,
1147 4907 1256 4968 tenum,
1268 4899 1404 4972 stipulam
1414 4917 1421 4964 ;
1432 4899 1653 4972 uniuscujusque
1663 4915 1730 4970 opus
1741 4903 1833 4954 nrani-

185 4985 264 5052 n'ora,
282 4993 363 5056 atque
377 4992 440 5041 tunc
456 4985 611 5040 insolubilia
623 5005 629 5053 ;
642 4987 690 5041 sed
707 4986 754 5058 qui
769 4984 881 5042 aedificat
900 4984 983 5058 ligna,
1035 4990 1212 5061 [ostentarit.
1221 4989 1332 5056 lnauro,
1340 4994 1463 5058 argento,
1471 4987 1834 5058 lapidibusprestiosispra

185 5073 287 5142 lenum,
303 5073 439 5146 stipulam,
456 5073 484 5128 id
498 5057 543 5130 esi
553 5081 664 5144 peccata
678 5075 789 5128 minima
804 5082 887 5146 atque
901 5073 985 5128 levis·
1036 5078 1138 5135 claram
1154 5076 1303 5133 doctrinam
1319 5074 1463 5147 significat.
1482 5076 1513 5131 ln
1541 5075 1627 5131 tribus
1655 5075 1715 5130 aliis
1739 5074 1832 5130 lrirola

187 5162 265 5234 sima,
281 5177 341 5235 quaa
357 5162 430 5236 ignis
445 5161 525 5219 facile
539 5171 692 5220 consumat.
709 5164 749 5219 De
766 5163 863 5236 quibus
885 5169 985 5230 tamen,
1035 5174 1062 5222 et
1076 5182 1145 5222 vana
1160 5165 1282 5222 doctrina
1296 5163 1474 5237 significatur,
1490 5180 1551 5236 quae
1577 5163 1629 5219 etsi
1650 5163 1732 5218 modo
1755 5162 1831 5218 lallit.

232 5337 277 5404 st)
297 5343 370 5406 Aug,
384 5341 418 5390 he
429 5341 476 5392 hdo
489 5346 513 5392 et
526 5354 610 5404 opere.
1005 5385 1007 5390 .
1082 5343 1124 5404 59)
1143 5344 1300 5408 Augustinus,
1314 5343 1338 5393 ln
1350 5341 1444 5406 psalmo
1456 5355 1514 5394 uu.

233 5405 277 5471 58)
296 5407 381 5471 Greg„
394 5407 418 5458 in
430 5409 476 5460 lib.
490 5409 583 5472 bialog.
1080 5407 1124 5478 to)
1142 5410 1244 5473 cyrillus
1256 5411 1282 5464 iu
1293 5409 1436 5464 leviticum.
